1619 2476
100 23 155 63 32
702 20 771 60 XI.
798 31 826 59 1.
858 31 903 58 11.

62 143 85 178 4
103 135 224 175 xima.
286 134 458 184 Quando
490 128 612 181 igitur
636 142 745 171 nunc
776 143 945 181 quoque
976 143 1000 171 a
1021 131 1330 182 magistratibus
1359 133 1504 182 populi

101 190 275 231 Romani
291 201 406 229 more
424 188 626 227 maiorum
641 188 770 227 multa
780 186 929 227 dicitur
943 189 1011 227 uel
1027 187 1194 227 minima
1207 189 1276 229 uel
1291 198 1502 238 suprema,

102 246 319 287 obseruari
340 246 461 292 solet,
492 249 538 284 ut
565 246 721 284 ‘oues’
753 255 908 293 genere
926 243 1030 284 uirili
1063 245 1346 295 appellentur3
1379 248 1503 294 atque

100 303 155 342 ita
185 303 239 341 M.
270 303 435 341 Varro
471 301 602 340 uerba
637 301 740 340 haec
771 299 972 349 legitima,
1006 299 1156 350 quibus
1186 299 1355 340 minima
1375 302 1504 341 multa

101 359 320 406 diceretur,
345 356 557 407 concepit:
585 358 637 396 Μ.
657 356 928 405 Terentio,
961 357 1167 407 quando
1202 356 1397 397 citatus
1419 368 1504 397 ne-

102 426 198 464 que
226 413 508 463 respondit
532 425 702 463 neque
729 418 1013 453 excusatus
1038 417 1133 461 est,
1163 424 1257 463 ego
1283 413 1330 453 ei
1354 423 1504 454 unum

102 482 247 511 ouem
271 472 477 511 multam
507 470 645 517 dico;
677 481 725 509 ac
751 469 829 510 nisi
846 481 895 510 eo
913 480 1068 520 genere
1084 468 1310 519 diceretur,
1325 480 1504 520 negaue-

102 532 196 567 runt
217 527 368 567 iustam
389 526 523 566 uideri
546 527 727 565 multam.

63 597 84 629 5
182 583 444 623 Vocabulum
475 587 611 623 autem
638 583 776 633 ipsum
805 584 1003 623 ‘multae’
1030 583 1140 623 idem
1171 583 1227 622 M.
1259 583 1422 624 Varro
1462 582 1504 623 in

104 651 200 680 uno
235 639 488 680 uicesimo
520 650 691 679 rerum
720 640 1060 680 humanarum
1083 649 1166 680 non
1183 638 1394 688 Latinum,
1426 641 1514 681 scd'

103 696 299 737 Sabinum
321 707 416 736 esse
442 696 558 743 dicit,
589 696 715 746 idque
732 696 784 735 ad
815 707 932 736 suam
955 696 1195 736 memoriam
1215 696 1420 737 mansisse
1450 697 1505 736 ait

103 754 141 793 in
171 753 310 802 lingua
341 752 602 799 Samnitium,
635 752 704 802 qui
733 758 831 792 sunt
863 764 886 792 a
916 752 1078 793 Sabinis
1112 752 1204 793 orti.
1267 753 1352 793 Sed
1382 755 1503 793 turba

103 808 465 859 grammaticorum
489 809 654 848 nouicia
678 803 774 848 κατ’
802 803 1097 862 ἀντίφρασιν,
1123 814 1169 849 ut
1186 810 1390 860 quaedam
1411 810 1501 857 alia,

65 873 86 909 6
104 867 182 905 hoc
215 876 382 915 quoque
414 865 494 904 dici
525 865 796 904 tradiderunt.
859 867 958 905 Cum
975 872 1111 906 autem
1127 877 1230 906 usus
1248 870 1288 906 et
1307 877 1398 906 mos
1418 877 1503 906 ser-

104 933 270 962 monum
288 921 322 961 is
343 921 413 969 sit,
445 926 489 960 ut
506 921 560 960 ita
578 927 618 961 et
635 933 744 960 nunc
766 923 1006 972 loquamur,
1037 927 1083 961 ut
1104 921 1292 972 plerique
1312 927 1502 962 ueterum

104 978 230 1018 locuti
262 983 375 1017 sunt:
409 979 594 1017 ‘multam
626 978 750 1017 dixit’
774 982 816 1017 et
847 980 998 1018 ‘multa
1028 978 1139 1018 dicta
1167 981 1272 1026 est',
1302 989 1386 1018 non
1407 989 1503 1019 esse

103 1035 177 1074 abs
210 1046 255 1074 re
278 1034 432 1084 putaui,
465 1040 631 1081 notare,
660 1035 773 1083 quod
794 1035 847 1074 M.
870 1035 991 1075 Cato
1022 1035 1139 1074 aliter
1160 1034 1274 1076 dixit.
1332 1035 1434 1074 Nam
1462 1035 1502 1074 in

105 1096 287 1140 quarto
318 1090 482 1140 origin
497 1102 571 1130 um
593 1091 722 1130 uerba
738 1091 841 1130 haec
858 1096 974 1131 sunt:
1004 1093 1280 1142 inperator
1299 1095 1501 1138 noster,

104 1147 145 1187 si
182 1147 298 1196 quis
335 1152 482 1186 extra
513 1146 750 1186 ordinem
782 1148 1129 1197 depugnatum
1164 1147 1280 1199 init,
1309 1146 1354 1186 ei
1379 1148 1503 1186 mul-

61 1206 81 1242 7
99 1208 196 1242 tam
230 1202 369 1243 facit.
407 1203 550 1243 Potest
567 1208 704 1242 autem
721 1203 853 1243 uideri
877 1205 1069 1244 consulta
1092 1203 1295 1254 elegantia
1318 1207 1502 1243 mutasse

102 1260 295 1307 uerbum,
331 1270 423 1298 cum
452 1259 492 1298 in
515 1259 661 1299 castris
681 1265 722 1299 et
749 1260 789 1299 in
821 1260 1005 1300 exercitu
1027 1262 1153 1299 multa
1183 1259 1318 1307 fieret,
1345 1270 1428 1299 non
1461 1258 1500 1298 in

104 1314 288 1363 comitio,
319 1325 396 1354 nec
413 1316 466 1353 ad
482 1316 681 1366 populum
700 1315 918 1355 diceretur.

783 1426 829 1465 11.

105 1510 214 1555 Quod
234 1511 422 1557 elegantia
445 1510 547 1558 apud
565 1511 795 1557 anfiquiores
818 1522 892 1546 non
918 1510 964 1546 de
989 1511 1205 1547 amoeniore
1228 1512 1400 1560 ingenio,
1432 1512 1502 1548 sed

162 1566 209 1602 de
239 1566 413 1603 nitidiore
435 1569 536 1603 cultu
563 1571 673 1614 alque
695 1568 796 1604 uictu
820 1566 1035 1612 dicebatur,
1067 1578 1188 1615 eaque
1214 1567 1252 1604 in
1270 1568 1360 1605 uitio
1385 1579 1501 1617 pone-

158 1624 277 1659 batur.

68 1714 87 1747 1
186 1710 416 1760 =Elegans’
450 1712 576 1752 homo
607 1722 691 1752 non
713 1709 928 1751 dicebatur
954 1722 1047 1751 cum
1075 1712 1216 1759 laude,
1248 1717 1313 1752 set
1343 1710 1385 1751 id
1415 1713 1502 1752 fere

65 1769 87 1803 2
104 1766 276 1806 uerbum
297 1767 350 1806 ad
367 1772 543 1807 aetatem
565 1769 619 1808 M.
641 1767 850 1808 Catonis
875 1766 984 1819 uitii,
1015 1778 1098 1807 non
1116 1768 1262 1816 laudis,
1289 1768 1378 1808 suit.
1426 1769 1503 1810 Est

101 1833 281 1872 namque
297 1823 378 1863 hoc
394 1824 745 1871 animaduertere,
780 1835 872 1864 cum
893 1823 932 1862 in
955 1823 1202 1873 quibusdam
1218 1824 1327 1874 aliis,
1358 1830 1446 1865 tum
1461 1826 1502 1865 in

101 1879 204 1919 libro
228 1879 461 1928 Catonis,
492 1880 562 1930 qui
580 1879 804 1920 inscribtus
826 1884 891 1920 est
923 1890 1127 1920 carmen
1161 1880 1229 1920 de·
1251 1881 1500 1927 moribus.

100 1936 163 1975 Ex
181 1946 263 1985 quo
296 1935 400 1976 libro
425 1937 555 1976 uerba
577 1937 680 1977 haec
702 1941 817 1976 sunt:
857 1935 1146 1976 Auaritiam
1176 1937 1345 1977 omnia
1372 1937 1514 1978 uitiav

100 1991 294 2032 habere
339 1993 623 2043 putabant:
671 1997 1040 2043 sumptuosus,
1088 1993 1314 2044 cupidus
1333 2025 1342 2042 ‚
1391 1995 1471 2035 ele
1487 2018 1501 2024 -

101 2058 254 2096 gans,
283 2048 534 2097 uitiosus,
565 2048 754 2089 inritus
778 2048 864 2098 qui
894 2049 1210 2097 habebatur,
1244 2049 1288 2090 is
1319 2051 1501 2091 lauda-

63 2106 85 2141 3
99 2102 126 2142 b
141 2109 278 2152 atur3
307 2115 359 2144 ex
377 2105 527 2154 quibus
550 2106 690 2145 uerbis
713 2110 905 2155 apparet,
937 2106 1203 2155 ‘elegantem'
1224 2105 1376 2147 dictum
1402 2107 1502 2147 anti-

103 2158 242 2207 quitus
260 2172 344 2201 non
362 2161 412 2201 ab
430 2161 584 2212 ingenii
607 2162 822 2212 elegantia,
854 2161 929 2201 sed
948 2161 1017 2211 qui
1034 2161 1153 2202 nimis
1172 2163 1279 2203 lecto
1304 2173 1501 2204 amoeno-

102 2225 182 2262 que
204 2218 315 2258 cultu
336 2217 532 2268 uictuque
557 2223 682 2258 esset.
