<?xml version="1.0" encoding="UTF-8"?>
<!DOCTYPE html PUBLIC "-//W3C//DTD XHTML 1.0 Transitional//EN"
    "http://www.w3.org/TR/xhtml1/DTD/xhtml1-transitional.dtd">
<html xmlns="http://www.w3.org/1999/xhtml" xml:lang="en" lang="en">
 <head>
  <title>
</title>
<meta http-equiv="Content-Type" content="text/html;charset=utf-8" />
  <meta name='ocr-system' content='tesseract 3.04.00' />
  <meta name='ocr-capabilities' content='ocr_page ocr_carea ocr_par ocr_line ocrx_word'/>
</head>
<body>
  <div class='ocr_page' id='page_1' title='image "./agelliinoctivmat00gelluoft_0102.png"; bbox 0 0 1619 2476; ppageno 0'>
   <div class='ocr_carea' id='block_1_1' title="bbox 103 90 878 151">
    <p class='ocr_par' dir='ltr' id='par_1_1' title="bbox 103 90 878 151">
     <span class='ocr_line' id='line_1_1' title="bbox 103 90 878 151; baseline -0.004 0"><span class='ocrx_word' id='word_1_1' title='bbox 103 109 158 151; x_wconf 80' lang='lat'><strong>80</strong></span> <span class='ocrx_word' id='word_1_2' title='bbox 678 90 682 101; x_wconf 40' lang='lat'>¹</span> <span class='ocrx_word' id='word_1_3' title='bbox 740 111 790 149; x_wconf 92' lang='lat' dir='ltr'><strong>II.</strong></span> <span class='ocrx_word' id='word_1_4' title='bbox 823 121 878 148; x_wconf 81' lang='lat' dir='ltr'><strong>vI.</strong></span> 
     </span>
    </p>
   </div>
   <div class='ocr_carea' id='block_1_2' title="bbox 46 221 1514 555">
    <p class='ocr_par' dir='ltr' id='par_1_2' title="bbox 103 221 1514 385">
     <span class='ocr_line' id='line_1_2' title="bbox 103 221 1514 272; baseline 0.001 -10"><span class='ocrx_word' id='word_1_5' title='bbox 103 228 243 271; x_wconf 84' lang='lat' dir='ltr'><strong>uacat,</strong></span> <span class='ocrx_word' id='word_1_6' title='bbox 275 223 310 262; x_wconf 91' lang='lat' dir='ltr'><strong>is</strong></span> <span class='ocrx_word' id='word_1_7' title='bbox 335 222 621 262; x_wconf 74' lang='lat' dir='ltr'><strong>einlaudatus&#39;</strong></span> <span class='ocrx_word' id='word_1_8' title='bbox 648 227 713 262; x_wconf 99' lang='grc' dir='ltr'><strong>θεῖ</strong></span> <span class='ocrx_word' id='word_1_9' title='bbox 740 222 861 272; x_wconf 87' lang='lat' dir='ltr'><strong>isque</strong></span> <span class='ocrx_word' id='word_1_10' title='bbox 892 221 1073 263; x_wconf 89' lang='lat' dir='ltr'><strong>omnium</strong></span> <span class='ocrx_word' id='word_1_11' title='bbox 1101 222 1310 272; x_wconf 89' lang='lat' dir='ltr'><strong>pessimus</strong></span> <span class='ocrx_word' id='word_1_12' title='bbox 1343 224 1514 264; x_wconf 87' lang='lat' dir='ltr'><strong>deterri-</strong></span> 
     </span>
     <span class='ocr_line' id='line_1_3' title="bbox 103 278 1510 329; baseline 0.001 -11"><span class='ocrx_word' id='word_1_13' title='bbox 103 291 282 329; x_wconf 81' lang='lat' dir='ltr'>musque</span> <span class='ocrx_word' id='word_1_14' title='bbox 301 285 384 326; x_wconf 83' lang='lat' dir='ltr'><strong>est,</strong></span> <span class='ocrx_word' id='word_1_15' title='bbox 417 279 539 319; x_wconf 87' lang='lat' dir='ltr'><strong>sicuti</strong></span> <span class='ocrx_word' id='word_1_16' title='bbox 555 278 688 319; x_wconf 86' lang='lat' dir='ltr'><strong>omnis</strong></span> <span class='ocrx_word' id='word_1_17' title='bbox 707 281 854 329; x_wconf 87' lang='lat' dir='ltr'><strong>culpae</strong></span> <span class='ocrx_word' id='word_1_18' title='bbox 875 278 1052 329; x_wconf 87' lang='lat' dir='ltr'><strong>priuatio</strong></span> <span class='ocrx_word' id='word_1_19' title='bbox 1070 278 1371 329; x_wconf 76' lang='lat' dir='ltr'><strong>‘inculpatum&#39;</strong></span> <span class='ocrx_word' id='word_1_20' title='bbox 1401 281 1510 321; x_wconf 83' lang='lat' dir='ltr'><strong>facit.</strong></span> 
     </span>
     <span class='ocr_line' id='line_1_4' title="bbox 105 333 1512 385; baseline 0.001 -10"><span class='ocrx_word' id='word_1_21' title='bbox 105 337 396 385; x_wconf 69' lang='lat' dir='ltr'><strong>‘Inculpatus&#39;</strong></span> <span class='ocrx_word' id='word_1_22' title='bbox 429 340 566 375; x_wconf 88' lang='lat' dir='ltr'><strong>autem</strong></span> <span class='ocrx_word' id='word_1_23' title='bbox 590 335 720 375; x_wconf 89' lang='lat' dir='ltr'><strong>instar</strong></span> <span class='ocrx_word' id='word_1_24' title='bbox 746 341 810 375; x_wconf 87' lang='lat' dir='ltr'><strong>est</strong></span> <span class='ocrx_word' id='word_1_25' title='bbox 840 336 1057 375; x_wconf 75' lang='lat' dir='ltr'>absolutae</span> <span class='ocrx_word' id='word_1_26' title='bbox 1089 333 1275 385; x_wconf 88' lang='lat' dir='ltr'><strong>uirtutis;</strong></span> <span class='ocrx_word' id='word_1_27' title='bbox 1306 336 1512 377; x_wconf 65' lang='lat' dir='ltr'><strong>‘inlauda-</strong></span> 
     </span>
    </p>

    <p class='ocr_par' dir='ltr' id='par_1_3' title="bbox 46 391 1512 555">
     <span class='ocr_line' id='line_1_5' title="bbox 46 391 1512 443; baseline 0.002 -12"><span class='ocrx_word' id='word_1_28' title='bbox 46 392 84 426; x_wconf 91' lang='grc'><strong>11</strong></span> <span class='ocrx_word' id='word_1_29' title='bbox 101 395 191 431; x_wconf 88' lang='lat' dir='ltr'><strong>tus&#39;</strong></span> <span class='ocrx_word' id='word_1_30' title='bbox 218 404 385 442; x_wconf 87' lang='lat' dir='ltr'><strong>quoque</strong></span> <span class='ocrx_word' id='word_1_31' title='bbox 408 392 532 442; x_wconf 83' lang='lat' dir='ltr'><strong>igitur</strong></span> <span class='ocrx_word' id='word_1_32' title='bbox 555 392 648 432; x_wconf 86' lang='lat' dir='ltr'><strong>finis</strong></span> <span class='ocrx_word' id='word_1_33' title='bbox 672 398 736 432; x_wconf 88' lang='lat' dir='ltr'><strong>est</strong></span> <span class='ocrx_word' id='word_1_34' title='bbox 759 397 969 431; x_wconf 78' lang='lat' dir='ltr'><strong>extremae</strong></span> <span class='ocrx_word' id='word_1_35' title='bbox 991 391 1182 431; x_wconf 82' lang='lat' dir='ltr'><strong>malitiae.</strong></span> <span class='ocrx_word' id='word_1_36' title='bbox 1242 394 1386 443; x_wconf 85' lang='lat' dir='ltr'><strong>Itaque</strong></span> <span class='ocrx_word' id='word_1_37' title='bbox 1415 395 1512 433; x_wconf 91' lang='lat' dir='ltr'><strong>Ho-</strong></span> 
     </span>
     <span class='ocr_line' id='line_1_6' title="bbox 103 447 1512 499; baseline 0.002 -12"><span class='ocrx_word' id='word_1_38' title='bbox 103 460 271 488; x_wconf 86' lang='lat' dir='ltr'><strong>merus</strong></span> <span class='ocrx_word' id='word_1_39' title='bbox 292 461 375 488; x_wconf 91' lang='lat' dir='ltr'><strong>non</strong></span> <span class='ocrx_word' id='word_1_40' title='bbox 393 449 611 489; x_wconf 87' lang='lat' dir='ltr'><strong>uirtutibus</strong></span> <span class='ocrx_word' id='word_1_41' title='bbox 631 449 903 499; x_wconf 76' lang='lat' dir='ltr'><strong>appellandis,</strong></span> <span class='ocrx_word' id='word_1_42' title='bbox 924 448 999 488; x_wconf 87' lang='lat' dir='ltr'><strong>sed</strong></span> <span class='ocrx_word' id='word_1_43' title='bbox 1015 447 1124 488; x_wconf 82' lang='lat' dir='ltr'><strong>uitiis</strong></span> <span class='ocrx_word' id='word_1_44' title='bbox 1145 449 1412 490; x_wconf 75' lang='lat' dir='ltr'><strong>detrahendis</strong></span> <span class='ocrx_word' id='word_1_45' title='bbox 1430 451 1512 490; x_wconf 90' lang='lat' dir='ltr'><strong>lau-</strong></span> 
     </span>
     <span class='ocr_line' id='line_1_7' title="bbox 104 505 900 555; baseline 0.001 -11"><span class='ocrx_word' id='word_1_46' title='bbox 104 505 204 544; x_wconf 81' lang='lat' dir='ltr'><strong>dare</strong></span> <span class='ocrx_word' id='word_1_47' title='bbox 221 506 411 555; x_wconf 86' lang='lat' dir='ltr'><strong>ampliter</strong></span> <span class='ocrx_word' id='word_1_48' title='bbox 429 507 549 545; x_wconf 86' lang='lat' dir='ltr'><strong>solet.</strong></span> <span class='ocrx_word' id='word_1_49' title='bbox 585 506 675 546; x_wconf 90' lang='lat' dir='ltr'><strong>Hoc</strong></span> <span class='ocrx_word' id='word_1_50' title='bbox 693 506 800 545; x_wconf 89' lang='lat' dir='ltr'><strong>enim</strong></span> <span class='ocrx_word' id='word_1_51' title='bbox 818 511 900 545; x_wconf 88' lang='lat' dir='ltr'><strong>est:</strong></span> 
     </span>
    </p>
   </div>
   <div class='ocr_carea' id='block_1_3' title="bbox 166 577 1036 636">
    <p class='ocr_par' dir='ltr' id='par_1_4' title="bbox 166 577 1036 636">
     <span class='ocr_line' id='line_1_8' title="bbox 166 577 1036 636; baseline 0 -14"><span class='ocrx_word' id='word_1_52' title='bbox 166 577 251 622; x_wconf 62' lang='lat' dir='ltr'><strong>Tc&amp;</strong></span> <span class='ocrx_word' id='word_1_53' title='bbox 285 582 336 623; x_wconf 82' lang='grc' dir='ltr'><strong>δ’</strong></span> <span class='ocrx_word' id='word_1_54' title='bbox 371 579 472 623; x_wconf 59' lang='grc' dir='ltr'><strong>οὐκ</strong></span> <span class='ocrx_word' id='word_1_55' title='bbox 505 578 703 624; x_wconf 78' lang='grc' dir='ltr'>ἄκοντε</span> <span class='ocrx_word' id='word_1_56' title='bbox 733 582 1036 636; x_wconf 77' lang='grc' dir='ltr'>πετέσθην,</span> 
     </span>
    </p>
   </div>
   <div class='ocr_carea' id='block_1_4' title="bbox 103 670 1512 979">
    <p class='ocr_par' dir='ltr' id='par_1_5' title="bbox 103 670 1512 979">
     <span class='ocr_line' id='line_1_9' title="bbox 103 670 394 711; baseline 0.003 -1"><span class='ocrx_word' id='word_1_57' title='bbox 103 676 144 711; x_wconf 89' lang='grc' dir='ltr'><strong>θῖ</strong></span> <span class='ocrx_word' id='word_1_58' title='bbox 158 670 256 710; x_wconf 90' lang='lat' dir='ltr'><strong>item</strong></span> <span class='ocrx_word' id='word_1_59' title='bbox 272 671 372 711; x_wconf 87' lang='lat' dir='ltr'><strong>illud</strong></span> <span class='ocrx_word' id='word_1_60' title='bbox 386 685 394 711; x_wconf 75' lang='grc' dir='ltr'>ε</span> 
     </span>
     <span class='ocr_line' id='line_1_10' title="bbox 151 740 1512 800; baseline -0.001 -13"><span class='ocrx_word' id='word_1_61' title='bbox 151 741 302 787; x_wconf 78' lang='grc' dir='ltr'><strong>Ἔνθ’</strong></span> <span class='ocrx_word' id='word_1_62' title='bbox 363 742 463 787; x_wconf 77' lang='grc' dir='ltr'><strong>οὐκ</strong></span> <span class='ocrx_word' id='word_1_63' title='bbox 516 740 586 787; x_wconf 72' lang='grc' dir='ltr'><strong>ἂν</strong></span> <span class='ocrx_word' id='word_1_64' title='bbox 643 746 902 800; x_wconf 77' lang='grc' dir='ltr'>βρίζοντα</span> <span class='ocrx_word' id='word_1_65' title='bbox 954 746 1099 796; x_wconf 81' lang='grc' dir='ltr'>ἴδοις</span> <span class='ocrx_word' id='word_1_66' title='bbox 1138 741 1512 800; x_wconf 78' lang='grc' dir='ltr'>Ἀγαμέμνονα</span> 
     </span>
     <span class='ocr_line' id='line_1_11' title="bbox 1058 803 1206 856; baseline -0.007 -12"><span class='ocrx_word' id='word_1_67' title='bbox 1058 803 1206 856; x_wconf 86' lang='grc' dir='ltr'>δῖον,</span> 
     </span>
     <span class='ocr_line' id='line_1_12' title="bbox 163 862 1512 921; baseline 0.001 -12"><span class='ocrx_word' id='word_1_68' title='bbox 163 864 308 909; x_wconf 75' lang='grc' dir='ltr'><em>Οὐδὲ</em></span> <span class='ocrx_word' id='word_1_69' title='bbox 370 862 841 921; x_wconf 76' lang='grc' dir='ltr'>καταπτώσσοντ’,</span> <span class='ocrx_word' id='word_1_70' title='bbox 903 863 1029 909; x_wconf 80' lang='grc' dir='ltr'><strong>οὐδ’</strong></span> <span class='ocrx_word' id='word_1_71' title='bbox 1088 863 1190 910; x_wconf 80' lang='grc' dir='ltr'><strong>οὐκ</strong></span> <span class='ocrx_word' id='word_1_72' title='bbox 1244 867 1512 911; x_wconf 81' lang='grc' dir='ltr'><strong>ἐθέλοντα</strong></span> 
     </span>
     <span class='ocr_line' id='line_1_13' title="bbox 1056 922 1339 979; baseline 0.007 -14"><span class='ocrx_word' id='word_1_73' title='bbox 1056 922 1339 979; x_wconf 79' lang='grc' dir='ltr'>μάχεσθαι.</span> 
     </span>
    </p>
   </div>
   <div class='ocr_carea' id='block_1_5' title="bbox 44 1017 1512 2143">
    <p class='ocr_par' dir='ltr' id='par_1_6' title="bbox 44 1017 1512 2143">
     <span class='ocr_line' id='line_1_14' title="bbox 44 1017 1512 1067; baseline -0.002 -8"><span class='ocrx_word' id='word_1_74' title='bbox 44 1017 357 1066; x_wconf 80' lang='lat' dir='ltr'><strong>12Epicurus</strong></span> <span class='ocrx_word' id='word_1_75' title='bbox 392 1027 562 1066; x_wconf 89' lang='lat' dir='ltr'><strong>quoque</strong></span> <span class='ocrx_word' id='word_1_76' title='bbox 587 1017 707 1056; x_wconf 87' lang='lat' dir='ltr'><strong>simili</strong></span> <span class='ocrx_word' id='word_1_77' title='bbox 732 1018 857 1057; x_wconf 90' lang='lat' dir='ltr'><strong>modo</strong></span> <span class='ocrx_word' id='word_1_78' title='bbox 890 1017 1110 1056; x_wconf 86' lang='lat' dir='ltr'><strong>maximam</strong></span> <span class='ocrx_word' id='word_1_79' title='bbox 1142 1018 1401 1067; x_wconf 83' lang='lat' dir='ltr'><strong>uoluptatem</strong></span> <span class='ocrx_word' id='word_1_80' title='bbox 1432 1017 1512 1067; x_wconf 89' lang='lat' dir='ltr'><strong>pri-</strong></span> 
     </span>
     <span class='ocr_line' id='line_1_15' title="bbox 101 1073 1509 1123; baseline 0.001 -11"><span class='ocrx_word' id='word_1_81' title='bbox 101 1074 314 1113; x_wconf 83' lang='lat' dir='ltr'><strong>uationem</strong></span> <span class='ocrx_word' id='word_1_82' title='bbox 333 1074 717 1123; x_wconf 82' lang='lat' dir='ltr'><strong>detractionemque</strong></span> <span class='ocrx_word' id='word_1_83' title='bbox 735 1073 868 1114; x_wconf 88' lang='lat' dir='ltr'><strong>omnis</strong></span> <span class='ocrx_word' id='word_1_84' title='bbox 887 1074 1045 1114; x_wconf 86' lang='lat' dir='ltr'><strong>doloris</strong></span> <span class='ocrx_word' id='word_1_85' title='bbox 1068 1073 1253 1114; x_wconf 89' lang='lat' dir='ltr'><strong>definiuit</strong></span> <span class='ocrx_word' id='word_1_86' title='bbox 1270 1073 1332 1113; x_wconf 88' lang='lat' dir='ltr'><strong>his</strong></span> <span class='ocrx_word' id='word_1_87' title='bbox 1348 1073 1509 1113; x_wconf 83' lang='lat' dir='ltr'><strong>uerbis:</strong></span> 
     </span>
     <span class='ocr_line' id='line_1_16' title="bbox 93 1124 1509 1196; baseline 0.001 -27.011"><span class='ocrx_word' id='word_1_88' title='bbox 93 1124 264 1195; x_wconf 75' lang='grc' dir='ltr'>Ὀρος</span> <span class='ocrx_word' id='word_1_89' title='bbox 289 1130 428 1178; x_wconf 89' lang='grc' dir='ltr'>[του</span> <span class='ocrx_word' id='word_1_90' title='bbox 466 1127 738 1196; x_wconf 80' lang='grc' dir='ltr'><strong>μεγέθους</strong></span> <span class='ocrx_word' id='word_1_91' title='bbox 769 1130 874 1170; x_wconf 82' lang='grc' dir='ltr'><strong>τῶν</strong></span> <span class='ocrx_word' id='word_1_92' title='bbox 916 1125 1160 1183; x_wconf 77' lang='grc' dir='ltr'>ἡδονῶν,</span> <span class='ocrx_word' id='word_1_93' title='bbox 1207 1125 1234 1183; x_wconf 84' lang='grc' dir='ltr'><em>ἡ</em></span> <span class='ocrx_word' id='word_1_94' title='bbox 1276 1124 1509 1178; x_wconf 85' lang='grc' dir='ltr'>παντὸς]</span> 
     </span>
     <span class='ocr_line' id='line_1_17' title="bbox 47 1179 1512 1237; baseline -0.001 -10"><span class='ocrx_word' id='word_1_95' title='bbox 47 1187 200 1229; x_wconf 82' lang='grc' dir='ltr'>13τοῦ</span> <span class='ocrx_word' id='word_1_96' title='bbox 241 1179 554 1237; x_wconf 77' lang='grc' dir='ltr'>ἀλγοῦντος</span> <span class='ocrx_word' id='word_1_97' title='bbox 592 1181 958 1237; x_wconf 79' lang='grc' dir='ltr'><strong>ὑπεξαίρεσις.</strong></span> <span class='ocrx_word' id='word_1_98' title='bbox 1021 1187 1180 1226; x_wconf 89' lang='lat' dir='ltr'><strong>Eadem</strong></span> <span class='ocrx_word' id='word_1_99' title='bbox 1211 1186 1372 1226; x_wconf 87' lang='lat' dir='ltr'><strong>ratione</strong></span> <span class='ocrx_word' id='word_1_100' title='bbox 1401 1186 1512 1226; x_wconf 91' lang='lat' dir='ltr'><strong>idem</strong></span> 
     </span>
     <span class='ocr_line' id='line_1_18' title="bbox 47 1242 1511 1294; baseline -0.001 -10"><span class='ocrx_word' id='word_1_101' title='bbox 47 1244 203 1286; x_wconf 75' lang='lat' dir='ltr'><strong>14Ve1</strong></span> <span class='ocrx_word' id='word_1_102' title='bbox 212 1242 339 1292; x_wconf 80' lang='lat' dir='ltr'><strong>giliu</strong></span> <span class='ocrx_word' id='word_1_103' title='bbox 351 1255 370 1283; x_wconf 93' lang='grc' dir='ltr'>ε</span> <span class='ocrx_word' id='word_1_104' title='bbox 399 1243 707 1282; x_wconf 85' lang='lat' dir='ltr'><strong>inamabilem&#39;</strong></span> <span class='ocrx_word' id='word_1_105' title='bbox 738 1243 838 1283; x_wconf 80' lang='lat' dir='ltr'><strong>dixit</strong></span> <span class='ocrx_word' id='word_1_106' title='bbox 860 1244 966 1294; x_wconf 78' lang='lat' dir='ltr'><strong>Styg</strong></span> <span class='ocrx_word' id='word_1_107' title='bbox 969 1243 1049 1282; x_wconf 90' lang='lat' dir='ltr'><strong>iam</strong></span> <span class='ocrx_word' id='word_1_108' title='bbox 1072 1245 1280 1294; x_wconf 87' lang='lat' dir='ltr'><strong>paludem.</strong></span> <span class='ocrx_word' id='word_1_109' title='bbox 1324 1244 1428 1282; x_wconf 88' lang='lat' dir='ltr'><strong>Nam</strong></span> <span class='ocrx_word' id='word_1_110' title='bbox 1459 1243 1511 1283; x_wconf 87' lang='lat' dir='ltr'><strong>si-</strong></span> 
     </span>
     <span class='ocr_line' id='line_1_19' title="bbox 104 1295 1509 1351; baseline 0 -12"><span class='ocrx_word' id='word_1_111' title='bbox 104 1304 174 1339; x_wconf 85' lang='lat' dir='ltr'><strong>cut</strong></span> <span class='ocrx_word' id='word_1_112' title='bbox 192 1303 202 1322; x_wconf 69' lang='lat'>⁸</span> <span class='ocrx_word' id='word_1_113' title='bbox 215 1299 492 1339; x_wconf 81' lang='lat' dir='ltr'><strong>inlaudatum&#39;</strong></span> <span class='ocrx_word' id='word_1_114' title='bbox 512 1313 538 1339; x_wconf 81' lang='grc' dir='ltr'><strong>κ</strong></span> <span class='ocrx_word' id='word_1_115' title='bbox 549 1314 608 1339; x_wconf 83' lang='grc' dir='ltr'><strong>ατ</strong></span> <span class='ocrx_word' id='word_1_116' title='bbox 619 1295 645 1338; x_wconf 84' lang='grc' dir='ltr'><em>ὰ</em></span> <span class='ocrx_word' id='word_1_117' title='bbox 671 1298 762 1339; x_wconf 82' lang='grc' dir='ltr'><strong>στέ</strong></span> <span class='ocrx_word' id='word_1_118' title='bbox 769 1313 793 1350; x_wconf 79' lang='grc' dir='ltr'><strong><em>ρ</em></strong></span> <span class='ocrx_word' id='word_1_119' title='bbox 806 1313 831 1351; x_wconf 90' lang='grc' dir='ltr'>η</span> <span class='ocrx_word' id='word_1_120' title='bbox 843 1309 892 1338; x_wconf 82' lang='grc' dir='ltr'><strong>σι</strong></span> <span class='ocrx_word' id='word_1_121' title='bbox 903 1313 929 1338; x_wconf 88' lang='grc' dir='ltr'>ν</span> <span class='ocrx_word' id='word_1_122' title='bbox 955 1300 1110 1348; x_wconf 84' lang='lat' dir='ltr'><strong>laudis,</strong></span> <span class='ocrx_word' id='word_1_123' title='bbox 1141 1300 1197 1339; x_wconf 84' lang='lat' dir='ltr'><strong>ita</strong></span> <span class='ocrx_word' id='word_1_124' title='bbox 1215 1300 1509 1339; x_wconf 66' lang='lat' dir='ltr'><strong>‘inamabilem’</strong></span> 
     </span>
     <span class='ocr_line' id='line_1_20' title="bbox 46 1350 1511 1407; baseline -0.002 -10"><span class='ocrx_word' id='word_1_125' title='bbox 46 1364 92 1397; x_wconf 82' lang='lat'><strong>15</strong></span> <span class='ocrx_word' id='word_1_126' title='bbox 103 1369 128 1395; x_wconf 86' lang='grc' dir='ltr'><strong>κ</strong></span> <span class='ocrx_word' id='word_1_127' title='bbox 140 1350 234 1394; x_wconf 79' lang='grc' dir='ltr'><strong>ατὰ</strong></span> <span class='ocrx_word' id='word_1_128' title='bbox 257 1356 409 1395; x_wconf 87' lang='lat' dir='ltr'><strong>amoris</strong></span> <span class='ocrx_word' id='word_1_129' title='bbox 438 1366 464 1394; x_wconf 83' lang='lat'><em>6</em></span> <span class='ocrx_word' id='word_1_130' title='bbox 475 1369 498 1395; x_wconf 92' lang='grc' dir='ltr'>τ</span> <span class='ocrx_word' id='word_1_131' title='bbox 512 1353 534 1395; x_wconf 86' lang='grc' dir='ltr'><strong>ε’</strong></span> <span class='ocrx_word' id='word_1_132' title='bbox 542 1369 566 1405; x_wconf 90' lang='lat'>0</span> <span class='ocrx_word' id='word_1_133' title='bbox 577 1369 602 1407; x_wconf 87' lang='grc' dir='ltr'>η</span> <span class='ocrx_word' id='word_1_134' title='bbox 616 1364 702 1395; x_wconf 85' lang='grc' dir='ltr'><strong>σιν</strong></span> <span class='ocrx_word' id='word_1_135' title='bbox 725 1357 956 1395; x_wconf 87' lang='lat' dir='ltr'><strong>detestatus</strong></span> <span class='ocrx_word' id='word_1_136' title='bbox 983 1361 1059 1396; x_wconf 87' lang='grc' dir='ltr'>θεῖ.</span> <span class='ocrx_word' id='word_1_137' title='bbox 1121 1357 1264 1396; x_wconf 87' lang='lat' dir='ltr'><strong>Altero</strong></span> <span class='ocrx_word' id='word_1_138' title='bbox 1283 1357 1442 1396; x_wconf 90' lang='lat' dir='ltr'><strong>modo</strong></span> <span class='ocrx_word' id='word_1_139' title='bbox 1453 1356 1511 1395; x_wconf 90' lang='lat' dir='ltr'><strong>in-</strong></span> 
     </span>
     <span class='ocr_line' id='line_1_21' title="bbox 47 1392 1512 1463; baseline -0.001 -10"><span class='ocrx_word' id='word_1_140' title='bbox 47 1412 316 1453; x_wconf 79' lang='lat' dir='ltr'><strong>lfilaudatus&#39;</strong></span> <span class='ocrx_word' id='word_1_141' title='bbox 334 1412 390 1451; x_wconf 85' lang='lat' dir='ltr'><strong>ita</strong></span> <span class='ocrx_word' id='word_1_142' title='bbox 407 1392 959 1451; x_wconf 65' lang='lat' dir='ltr'><strong>defenditu122Laudar’e</strong></span> <span class='ocrx_word' id='word_1_143' title='bbox 980 1412 1187 1462; x_wconf 81' lang='lat' dir='ltr'><strong>significat</strong></span> <span class='ocrx_word' id='word_1_144' title='bbox 1210 1413 1349 1462; x_wconf 90' lang='lat' dir='ltr'><strong>prisca</strong></span> <span class='ocrx_word' id='word_1_145' title='bbox 1371 1412 1512 1463; x_wconf 81' lang='lat' dir='ltr'><strong>lingua</strong></span> 
     </span>
     <span class='ocr_line' id='line_1_22' title="bbox 102 1468 1510 1518; baseline 0 -10"><span class='ocrx_word' id='word_1_146' title='bbox 102 1468 318 1508; x_wconf 82' lang='lat' dir='ltr'><strong>nominare</strong></span> <span class='ocrx_word' id='word_1_147' title='bbox 349 1470 658 1518; x_wconf 85' lang='lat' dir='ltr'><strong>appellareque.</strong></span> <span class='ocrx_word' id='word_1_148' title='bbox 722 1469 820 1508; x_wconf 88' lang='lat' dir='ltr'><strong>Sic</strong></span> <span class='ocrx_word' id='word_1_149' title='bbox 811 1481 852 1508; x_wconf 89' lang='lat' dir='ltr'><strong>m</strong></span> <span class='ocrx_word' id='word_1_150' title='bbox 877 1469 1110 1509; x_wconf 81' lang='lat' dir='ltr'><strong>actionibus</strong></span> <span class='ocrx_word' id='word_1_151' title='bbox 1142 1469 1332 1509; x_wconf 90' lang='lat' dir='ltr'><strong>ciuilibus</strong></span> <span class='ocrx_word' id='word_1_152' title='bbox 1363 1475 1510 1509; x_wconf 84' lang='lat' dir='ltr'><strong>auctor</strong></span> 
     </span>
     <span class='ocr_line' id='line_1_23' title="bbox 45 1524 1510 1575; baseline 0 -10"><span class='ocrx_word' id='word_1_153' title='bbox 45 1530 89 1566; x_wconf 83' lang='lat'><strong>17</strong></span> <span class='ocrx_word' id='word_1_154' title='bbox 103 1529 114 1549; x_wconf 66' lang='lat'><strong>²</strong></span> <span class='ocrx_word' id='word_1_155' title='bbox 128 1524 309 1564; x_wconf 88' lang='lat' dir='ltr'><strong>laudari&#39;</strong></span> <span class='ocrx_word' id='word_1_156' title='bbox 331 1525 490 1573; x_wconf 86' lang='lat' dir='ltr'><strong>dicitur,</strong></span> <span class='ocrx_word' id='word_1_157' title='bbox 511 1526 625 1575; x_wconf 87' lang='lat' dir='ltr'><strong>quod</strong></span> <span class='ocrx_word' id='word_1_158' title='bbox 642 1531 705 1565; x_wconf 89' lang='grc' dir='ltr'><strong>θεῖ</strong></span> <span class='ocrx_word' id='word_1_159' title='bbox 721 1525 937 1565; x_wconf 90' lang='lat' dir='ltr'><strong>nominari.</strong></span> <span class='ocrx_word' id='word_1_160' title='bbox 998 1527 1036 1565; x_wconf 87' lang='lat' dir='ltr'><strong>Is</strong></span> <span class='ocrx_word' id='word_1_161' title='bbox 1063 1526 1346 1566; x_wconf 65' lang='lat' dir='ltr'><strong>‘inlaudatus’</strong></span> <span class='ocrx_word' id='word_1_162' title='bbox 1372 1530 1510 1566; x_wconf 87' lang='lat' dir='ltr'><strong>autem</strong></span> 
     </span>
     <span class='ocr_line' id='line_1_24' title="bbox 105 1581 1510 1632; baseline 0 -11"><span class='ocrx_word' id='word_1_163' title='bbox 105 1587 187 1629; x_wconf 87' lang='lat' dir='ltr'><strong>est,</strong></span> <span class='ocrx_word' id='word_1_164' title='bbox 224 1582 343 1631; x_wconf 88' lang='lat' dir='ltr'><strong>quasi</strong></span> <span class='ocrx_word' id='word_1_165' title='bbox 372 1581 654 1629; x_wconf 81' lang='lat' dir='ltr'><strong>inlaudabilis,</strong></span> <span class='ocrx_word' id='word_1_166' title='bbox 697 1582 765 1632; x_wconf 87' lang='lat' dir='ltr'><strong>qui</strong></span> <span class='ocrx_word' id='word_1_167' title='bbox 796 1594 933 1632; x_wconf 90' lang='lat' dir='ltr'><strong>neque</strong></span> <span class='ocrx_word' id='word_1_168' title='bbox 965 1583 1176 1623; x_wconf 87' lang='lat' dir='ltr'><strong>mentione</strong></span> <span class='ocrx_word' id='word_1_169' title='bbox 1207 1588 1277 1622; x_wconf 87' lang='lat' dir='ltr'><strong>aut</strong></span> <span class='ocrx_word' id='word_1_170' title='bbox 1310 1582 1510 1622; x_wconf 87' lang='lat' dir='ltr'><strong>memoria</strong></span> 
     </span>
     <span class='ocr_line' id='line_1_25' title="bbox 46 1638 1508 1689; baseline 0 -11"><span class='ocrx_word' id='word_1_171' title='bbox 46 1644 91 1680; x_wconf 88' lang='lat'><strong>18</strong></span> <span class='ocrx_word' id='word_1_172' title='bbox 102 1640 184 1678; x_wconf 89' lang='lat' dir='ltr'><strong>ulla</strong></span> <span class='ocrx_word' id='word_1_173' title='bbox 201 1638 351 1687; x_wconf 82' lang='lat' dir='ltr'><strong>dignus</strong></span> <span class='ocrx_word' id='word_1_174' title='bbox 369 1650 507 1688; x_wconf 88' lang='lat' dir='ltr'><strong>neque</strong></span> <span class='ocrx_word' id='word_1_175' title='bbox 523 1650 720 1689; x_wconf 86' lang='lat' dir='ltr'><strong>umquam</strong></span> <span class='ocrx_word' id='word_1_176' title='bbox 737 1639 1015 1679; x_wconf 82' lang='lat' dir='ltr'><strong>nominandus</strong></span> <span class='ocrx_word' id='word_1_177' title='bbox 1036 1645 1118 1679; x_wconf 86' lang='lat' dir='ltr'><strong>est:</strong></span> <span class='ocrx_word' id='word_1_178' title='bbox 1152 1639 1272 1679; x_wconf 87' lang='lat' dir='ltr'><strong>sicuti</strong></span> <span class='ocrx_word' id='word_1_179' title='bbox 1297 1639 1508 1689; x_wconf 88' lang='lat' dir='ltr'><strong>quondam</strong></span> 
     </span>
     <span class='ocr_line' id='line_1_26' title="bbox 103 1695 1509 1745; baseline 0.001 -12"><span class='ocrx_word' id='word_1_180' title='bbox 103 1707 127 1733; x_wconf 91' lang='lat' dir='ltr'><strong>a</strong></span> <span class='ocrx_word' id='word_1_181' title='bbox 145 1695 353 1734; x_wconf 88' lang='lat' dir='ltr'><strong>communi</strong></span> <span class='ocrx_word' id='word_1_182' title='bbox 373 1695 546 1735; x_wconf 85' lang='lat' dir='ltr'><strong>consilio</strong></span> <span class='ocrx_word' id='word_1_183' title='bbox 565 1696 692 1735; x_wconf 76' lang='lat' dir='ltr'><strong>Asiae</strong></span> <span class='ocrx_word' id='word_1_184' title='bbox 711 1697 923 1735; x_wconf 87' lang='lat' dir='ltr'><strong>decretum</strong></span> <span class='ocrx_word' id='word_1_185' title='bbox 941 1700 1022 1742; x_wconf 90' lang='lat' dir='ltr'><strong>est,</strong></span> <span class='ocrx_word' id='word_1_186' title='bbox 1051 1696 1110 1735; x_wconf 88' lang='lat' dir='ltr'><strong>uti</strong></span> <span class='ocrx_word' id='word_1_187' title='bbox 1128 1707 1280 1736; x_wconf 88' lang='lat' dir='ltr'><strong>nomen</strong></span> <span class='ocrx_word' id='word_1_188' title='bbox 1299 1696 1408 1743; x_wconf 88' lang='lat' dir='ltr'><strong>eius,</strong></span> <span class='ocrx_word' id='word_1_189' title='bbox 1439 1695 1509 1745; x_wconf 92' lang='lat' dir='ltr'><strong>qui</strong></span> 
     </span>
     <span class='ocr_line' id='line_1_27' title="bbox 102 1751 1508 1802; baseline 0.001 -13"><span class='ocrx_word' id='word_1_190' title='bbox 102 1752 302 1801; x_wconf 88' lang='lat' dir='ltr'><strong>templum</strong></span> <span class='ocrx_word' id='word_1_191' title='bbox 318 1752 473 1791; x_wconf 87' lang='lat' dir='ltr'><strong>Dianae</strong></span> <span class='ocrx_word' id='word_1_192' title='bbox 490 1752 646 1802; x_wconf 87' lang='lat' dir='ltr'><strong>Ephesi</strong></span> <span class='ocrx_word' id='word_1_193' title='bbox 669 1752 934 1800; x_wconf 87' lang='lat' dir='ltr'><strong>incenderat,</strong></span> <span class='ocrx_word' id='word_1_194' title='bbox 964 1763 1016 1791; x_wconf 92' lang='lat' dir='ltr'><strong>ne</strong></span> <span class='ocrx_word' id='word_1_195' title='bbox 1043 1752 1135 1802; x_wconf 88' lang='lat' dir='ltr'><strong>quis</strong></span> <span class='ocrx_word' id='word_1_196' title='bbox 1158 1753 1242 1792; x_wconf 87' lang='lat' dir='ltr'><strong>ullo</strong></span> <span class='ocrx_word' id='word_1_197' title='bbox 1263 1751 1302 1791; x_wconf 90' lang='lat' dir='ltr'><strong>in</strong></span> <span class='ocrx_word' id='word_1_198' title='bbox 1319 1757 1508 1802; x_wconf 89' lang='lat' dir='ltr'><strong>tempore</strong></span> 
     </span>
     <span class='ocr_line' id='line_1_28' title="bbox 102 1808 347 1847; baseline -0.004 -1"><span class='ocrx_word' id='word_1_199' title='bbox 102 1808 347 1847; x_wconf 85' lang='lat' dir='ltr'><strong>nominaret.</strong></span> 
     </span>
     <span class='ocr_line' id='line_1_29' title="bbox 47 1864 1508 1916; baseline 0.001 -13"><span class='ocrx_word' id='word_1_200' title='bbox 47 1870 92 1904; x_wconf 86' lang='lat'><strong>19</strong></span> <span class='ocrx_word' id='word_1_201' title='bbox 188 1864 366 1904; x_wconf 85' lang='lat' dir='ltr'><strong>Tertium</strong></span> <span class='ocrx_word' id='word_1_202' title='bbox 385 1871 516 1904; x_wconf 87' lang='lat' dir='ltr'><strong>restat</strong></span> <span class='ocrx_word' id='word_1_203' title='bbox 533 1866 654 1913; x_wconf 82' lang='lat' dir='ltr'><strong>exis,</strong></span> <span class='ocrx_word' id='word_1_204' title='bbox 689 1877 795 1915; x_wconf 86' lang='lat' dir='ltr'><strong>quae</strong></span> <span class='ocrx_word' id='word_1_205' title='bbox 812 1865 1069 1915; x_wconf 83' lang='lat' dir='ltr'><strong>reprehensa</strong></span> <span class='ocrx_word' id='word_1_206' title='bbox 1087 1870 1201 1913; x_wconf 87' lang='lat' dir='ltr'><strong>sunt,</strong></span> <span class='ocrx_word' id='word_1_207' title='bbox 1235 1866 1349 1916; x_wconf 85' lang='lat' dir='ltr'><strong>quod</strong></span> <span class='ocrx_word' id='word_1_208' title='bbox 1371 1865 1508 1905; x_wconf 90' lang='lat' dir='ltr'><strong>tuni-</strong></span> 
     </span>
     <span class='ocr_line' id='line_1_30' title="bbox 44 1921 1507 1972; baseline 0.002 -13"><span class='ocrx_word' id='word_1_209' title='bbox 44 1926 207 1961; x_wconf 79' lang='lat' dir='ltr'><strong>2ocam</strong></span> <span class='ocrx_word' id='word_1_210' title='bbox 249 1922 573 1970; x_wconf 85' lang='lat' dir='ltr'><strong>squalentem</strong></span> <span class='ocrx_word' id='word_1_211' title='bbox 610 1933 731 1962; x_wconf 87' lang='lat' dir='ltr'><strong>auro</strong></span> <span class='ocrx_word' id='word_1_212' title='bbox 775 1922 889 1961; x_wconf 84' lang='lat' dir='ltr'><strong>dixit.</strong></span> <span class='ocrx_word' id='word_1_213' title='bbox 951 1922 997 1960; x_wconf 89' lang='lat' dir='ltr'><strong>Id</strong></span> <span class='ocrx_word' id='word_1_214' title='bbox 1034 1926 1170 1961; x_wconf 89' lang='lat' dir='ltr'><strong>autem</strong></span> <span class='ocrx_word' id='word_1_215' title='bbox 1205 1921 1410 1972; x_wconf 83' lang='lat' dir='ltr'><strong>significat</strong></span> <span class='ocrx_word' id='word_1_216' title='bbox 1439 1933 1507 1962; x_wconf 83' lang='lat' dir='ltr'><strong>co-</strong></span> 
     </span>
     <span class='ocr_line' id='line_1_31' title="bbox 102 1976 1504 2028; baseline 0.002 -13"><span class='ocrx_word' id='word_1_217' title='bbox 102 1976 212 2026; x_wconf 88' lang='lat' dir='ltr'><strong>piam</strong></span> <span class='ocrx_word' id='word_1_218' title='bbox 243 1977 574 2028; x_wconf 86' lang='lat' dir='ltr'><strong>densitatemque</strong></span> <span class='ocrx_word' id='word_1_219' title='bbox 613 1978 702 2018; x_wconf 88' lang='lat' dir='ltr'><strong>auri</strong></span> <span class='ocrx_word' id='word_1_220' title='bbox 739 1979 779 2018; x_wconf 90' lang='lat' dir='ltr'><strong>in</strong></span> <span class='ocrx_word' id='word_1_221' title='bbox 819 1989 1087 2028; x_wconf 81' lang='lat' dir='ltr'><strong>squamarum</strong></span> <span class='ocrx_word' id='word_1_222' title='bbox 1125 1977 1309 2028; x_wconf 86' lang='lat' dir='ltr'><strong>speciem</strong></span> <span class='ocrx_word' id='word_1_223' title='bbox 1345 1979 1504 2018; x_wconf 87' lang='lat' dir='ltr'><strong>intexti.</strong></span> 
     </span>
     <span class='ocr_line' id='line_1_32' title="bbox 103 2033 1506 2085; baseline 0.001 -13"><span class='ocrx_word' id='word_1_224' title='bbox 103 2033 353 2083; x_wconf 70' lang='lat' dir='ltr'><strong>eSqualere&#39;</strong></span> <span class='ocrx_word' id='word_1_225' title='bbox 380 2034 487 2074; x_wconf 87' lang='lat' dir='ltr'><strong>enim</strong></span> <span class='ocrx_word' id='word_1_226' title='bbox 512 2035 665 2075; x_wconf 88' lang='lat' dir='ltr'><strong>dictum</strong></span> <span class='ocrx_word' id='word_1_227' title='bbox 692 2047 715 2075; x_wconf 91' lang='lat' dir='ltr'><strong>a</strong></span> <span class='ocrx_word' id='word_1_228' title='bbox 739 2046 1007 2085; x_wconf 85' lang='lat' dir='ltr'><strong>squamarum</strong></span> <span class='ocrx_word' id='word_1_229' title='bbox 1030 2035 1249 2075; x_wconf 85' lang='lat' dir='ltr'><strong>crebritate</strong></span> <span class='ocrx_word' id='word_1_230' title='bbox 1265 2035 1506 2085; x_wconf 86' lang='lat' dir='ltr'><strong>asperitate-</strong></span> 
     </span>
     <span class='ocr_line' id='line_1_33' title="bbox 44 2090 1506 2143; baseline 0.001 -15"><span class='ocrx_word' id='word_1_231' title='bbox 44 2095 90 2129; x_wconf 84' lang='lat'><strong>21</strong></span> <span class='ocrx_word' id='word_1_232' title='bbox 103 2100 202 2137; x_wconf 80' lang='lat' dir='ltr'><strong>que,</strong></span> <span class='ocrx_word' id='word_1_233' title='bbox 235 2101 341 2139; x_wconf 85' lang='lat' dir='ltr'><strong>quae</strong></span> <span class='ocrx_word' id='word_1_234' title='bbox 364 2091 404 2130; x_wconf 92' lang='lat' dir='ltr'><strong>in</strong></span> <span class='ocrx_word' id='word_1_235' title='bbox 430 2093 683 2142; x_wconf 87' lang='lat' dir='ltr'><strong>serpentium</strong></span> <span class='ocrx_word' id='word_1_236' title='bbox 708 2091 939 2143; x_wconf 89' lang='lat' dir='ltr'><strong>pisciumue</strong></span> <span class='ocrx_word' id='word_1_237' title='bbox 969 2090 1092 2131; x_wconf 88' lang='lat' dir='ltr'><strong>coriis</strong></span> <span class='ocrx_word' id='word_1_238' title='bbox 1109 2091 1313 2132; x_wconf 90' lang='lat' dir='ltr'><strong>uisuntur.</strong></span> <span class='ocrx_word' id='word_1_239' title='bbox 1375 2093 1506 2141; x_wconf 80' lang='lat' dir='ltr'><strong>Quam</strong></span> 
     </span>
    </p>
   </div>
   <div class='ocr_carea' id='block_1_6' title="bbox 983 0 1619 76">
    <p class='ocr_par' dir='ltr' id='par_1_7' title="bbox 983 0 1619 76">
     <span class='ocr_line' id='line_1_34' title="bbox 983 0 1619 76; baseline 0 2400"><span class='ocrx_word' id='word_1_240' title='bbox 983 0 1619 76; x_wconf 95' lang='lat' dir='ltr'><strong> </strong></span> 
     </span>
    </p>
   </div>
   <div class='ocr_carea' id='block_1_7' title="bbox 101 2146 1614 2199">
    <p class='ocr_par' dir='ltr' id='par_1_8' title="bbox 101 2146 1614 2199">
     <span class='ocr_line' id='line_1_35' title="bbox 101 2146 1614 2199; baseline 0.003 -16"><span class='ocrx_word' id='word_1_241' title='bbox 101 2155 190 2183; x_wconf 88' lang='lat' dir='ltr'><strong>rem</strong></span> <span class='ocrx_word' id='word_1_242' title='bbox 221 2151 262 2185; x_wconf 92' lang='lat' dir='ltr'><strong>et</strong></span> <span class='ocrx_word' id='word_1_243' title='bbox 293 2146 377 2194; x_wconf 89' lang='lat' dir='ltr'><strong>alii,</strong></span> <span class='ocrx_word' id='word_1_244' title='bbox 421 2153 461 2187; x_wconf 89' lang='lat' dir='ltr'><strong>et</strong></span> <span class='ocrx_word' id='word_1_245' title='bbox 498 2149 577 2188; x_wconf 90' lang='lat' dir='ltr'><strong>hic</strong></span> <span class='ocrx_word' id='word_1_246' title='bbox 617 2149 784 2199; x_wconf 84' lang='lat' dir='ltr'><strong>quidem</strong></span> <span class='ocrx_word' id='word_1_247' title='bbox 821 2153 977 2199; x_wconf 89' lang='lat' dir='ltr'><strong>poeta</strong></span> <span class='ocrx_word' id='word_1_248' title='bbox 1007 2148 1111 2188; x_wconf 89' lang='lat' dir='ltr'><strong>locis</strong></span> <span class='ocrx_word' id='word_1_249' title='bbox 1144 2148 1302 2199; x_wconf 89' lang='lat' dir='ltr'><strong>aliquot</strong></span> <span class='ocrx_word' id='word_1_250' title='bbox 1336 2149 1505 2188; x_wconf 89' lang='lat' dir='ltr'><strong>demon-</strong></span> <span class='ocrx_word' id='word_1_251' title='bbox 1548 2196 1553 2198; x_wconf 9' lang='grc' dir='ltr'>μ</span> <span class='ocrx_word' id='word_1_252' title='bbox 1611 2169 1614 2171; x_wconf 60' lang='lat'>&gt;</span> 
     </span>
    </p>
   </div>
   <div class='ocr_carea' id='block_1_8' title="bbox 102 2205 1504 2367">
    <p class='ocr_par' dir='ltr' id='par_1_9' title="bbox 102 2205 1504 2367">
     <span class='ocr_line' id='line_1_36' title="bbox 102 2205 224 2240; baseline 0.008 -1"><span class='ocrx_word' id='word_1_253' title='bbox 102 2205 224 2240; x_wconf 73' lang='lat' dir='ltr'><strong>strat:</strong></span> 
     </span>
     <span class='ocr_line' id='line_1_37' title="bbox 733 2260 1504 2312; baseline 0 -12"><span class='ocrx_word' id='word_1_254' title='bbox 733 2263 883 2311; x_wconf 82' lang='lat' dir='ltr'><strong>Quem</strong></span> <span class='ocrx_word' id='word_1_255' title='bbox 916 2260 1101 2311; x_wconf 86' lang='lat' dir='ltr'><strong>pellis,</strong></span> <span class='ocrx_word' id='word_1_256' title='bbox 1133 2261 1283 2312; x_wconf 85' lang='lat' dir='ltr'><strong>inquit,</strong></span> <span class='ocrx_word' id='word_1_257' title='bbox 1317 2261 1504 2300; x_wconf 88' lang='lat' dir='ltr'><strong>ahenis</strong></span> 
     </span>
     <span class='ocr_line' id='line_1_38' title="bbox 160 2314 1417 2367; baseline 0.004 -15"><span class='ocrx_word' id='word_1_258' title='bbox 160 2314 211 2352; x_wconf 89' lang='lat' dir='ltr'><strong>In</strong></span> <span class='ocrx_word' id='word_1_259' title='bbox 240 2315 458 2364; x_wconf 88' lang='lat' dir='ltr'><strong>plumam</strong></span> <span class='ocrx_word' id='word_1_260' title='bbox 491 2318 719 2367; x_wconf 85' lang='lat' dir='ltr'><strong>squamis</strong></span> <span class='ocrx_word' id='word_1_261' title='bbox 752 2329 874 2358; x_wconf 88' lang='lat' dir='ltr'><strong>auro</strong></span> <span class='ocrx_word' id='word_1_262' title='bbox 908 2322 1158 2358; x_wconf 86' lang='lat' dir='ltr'><strong>conserta</strong></span> <span class='ocrx_word' id='word_1_263' title='bbox 1186 2317 1417 2367; x_wconf 81' lang='lat' dir='ltr'><strong>tegebat,</strong></span> 
     </span>
    </p>
   </div>
   <div class='ocr_carea' id='block_1_9' title="bbox 1543 791 1619 2476">
    <p class='ocr_par' dir='ltr' id='par_1_10' title="bbox 1543 791 1619 2476">
     <span class='ocr_line' id='line_1_39' title="bbox 1543 791 1619 2476; baseline 0 0"><span class='ocrx_word' id='word_1_264' title='bbox 1543 791 1619 2476; x_wconf 95' lang='lat' dir='ltr'><strong> </strong></span> 
     </span>
    </p>
   </div>
  </div>
 </body>
</html>
