1619 2476
122 38 148 79 6
761 38 810 76 Χ.
831 48 891 76 111.

70 157 115 191 14
211 150 324 188 Haec
355 149 408 188 Μ.
431 148 641 188 Tullius
673 148 888 197 atrociter,
919 148 1116 198 grauiter,
1144 153 1239 200 apte
1272 149 1526 199 copioseque

71 215 114 248 15
128 206 347 245 miseratus
388 209 464 244 est.
527 204 610 244 Sed
649 205 684 244 si
717 204 808 254 quis
848 211 911 245 est
940 209 1024 244 tam
1058 205 1211 254 agresti
1241 216 1339 245 aure
1366 216 1414 245 ac
1445 211 1527 245 tam

127 261 310 311 hispida,
344 271 466 310 quem
487 261 556 300 lux
579 260 659 300 ista
689 266 730 300 et
752 261 979 301 amoenitas
1003 261 1200 301 orationis
1218 262 1525 312 uerborumque

129 316 382 357 modificatio
402 328 549 366 parum
571 317 760 365 delectat,
783 323 893 356 amat
909 321 1043 356 autem
1060 317 1200 367 priora
1221 317 1392 370 idcirco,
1415 319 1527 368 quod

127 374 341 422 incompta
358 379 398 412 et
417 373 560 412 breuia
578 378 617 412 et
638 385 721 414 non
747 385 941 423 operosa,
972 373 1048 413 sed
1071 373 1208 413 natiua
1229 374 1407 423 quadam
1437 385 1527 414 sua-

128 430 253 469 uitate
287 434 384 468 sunt
417 429 615 479 quodque
649 429 689 468 in
722 429 785 469 his
817 431 962 469 umbra
1000 434 1041 469 et
1072 431 1188 469 color
1220 429 1338 479 quasi
1373 441 1528 480 opacae

127 485 348 526 uetustatis
384 490 459 533 est,
491 485 539 533 is,
574 485 608 525 si
632 486 730 535 quid
759 486 898 526 iudicii
921 486 1056 533 habet,
1087 485 1324 526 consideret
1342 485 1381 525 in
1404 497 1529 526 causa

127 541 216 593 pari
235 543 288 580 M.
314 542 435 581 Cato
450 541 557 589 nis,
591 541 832 591 antiquioris
854 542 1044 589 hominis,
1077 542 1318 590 orationem,
1342 542 1394 581 ad
1413 542 1528 582 cuius

69 598 210 640 16uim
236 602 276 636 et
297 597 459 648 copiam
478 599 744 638 Gracchus
762 610 839 638 nec
862 598 1073 649 aspirauit.
1121 599 1344 648 Intelleget,
1369 598 1527 648 opinor,

130 656 371 695 Catonem
402 659 641 693 contentum
664 654 901 704 eloquentia
922 654 1066 694 aetatis
1084 666 1166 695 non
1190 653 1320 694 fuisse
1336 659 1376 694 et
1391 654 1433 693 id
1451 654 1530 693 iam

73 717 216 753 17tum
251 711 386 749 facere
417 710 613 758 uoluisse,
639 711 751 760 quod
769 711 952 751 Cicero
982 715 1133 761 postea
1160 710 1347 761 perfecit.
1407 712 1452 750 In
1479 721 1528 749 eo

128 778 311 816 namque
333 767 449 814 libro,
480 767 549 815 qui
572 767 631 806 de
665 767 815 807 falsis
848 766 1035 817 pugnis
1057 766 1281 817 inscriptus
1298 771 1376 819 est,
1407 766 1462 806 ita
1479 766 1529 805 de

128 824 173 872 Q.
194 823 370 862 Thermo
388 828 647 872 conquestus
671 828 752 863 est:
783 823 924 863 Dixit
950 835 974 862 a
997 822 1316 863 decemuiris
1348 833 1529 874 parum

125 880 263 919 bene
310 879 412 918 sibi
449 879 654 919 cibaria
708 886 890 919 curata
931 891 1068 919 esse.
1142 879 1315 920 Iussit
1360 878 1529 919 uesti-

127 940 302 974 menta
326 935 718 985 detrahiatque
752 937 920 985 flagro
956 936 1119 975 caedi.
1179 935 1528 975 Decemuiros

125 990 393 1032 Bruttiani
423 992 817 1041 uerberauere,
856 993 1044 1032 uidere
1079 992 1232 1032 multi
1261 992 1528 1031 mortales.

129 1047 260 1097 Quis
300 1048 433 1087 hanc
472 1048 877 1098 contumeliam,
922 1049 1038 1099 quis
1082 1049 1179 1088 hoc
1215 1047 1527 1098 imperium,

129 1104 251 1154 quis
283 1104 414 1144 hanc
447 1104 769 1144 seruitutem
808 1107 951 1145 ferre
986 1105 1202 1155 potest?
1243 1105 1400 1144 Nemo
1431 1104 1530 1143 hoc

127 1171 221 1199 rex
259 1172 419 1200 ausus
453 1166 532 1200 est
564 1163 776 1209 facere;
820 1172 948 1201 eane
990 1161 1120 1200 fieri
1161 1159 1346 1208 bonis,
1388 1160 1529 1210 bono

128 1227 328 1266 genere
360 1217 571 1266 gnatis,
609 1217 736 1257 boni
770 1217 1109 1257 consulitis?
1138 1216 1224 1256 ubi
1256 1215 1531 1255 societas?

129 1272 218 1311 ubi
250 1272 389 1312 fides
428 1273 713 1313 maiorum?
765 1274 1069 1323 Insignitas
1109 1271 1369 1319 iniurias,
1415 1272 1528 1321 pla-

128 1339 249 1378 gas,
283 1329 544 1376 uerbera,
576 1329 815 1376 uibiceS,
853 1341 944 1368 eos
983 1329 1199 1368 dolores
1230 1332 1384 1376 atque
1418 1337 1530 1366 car-

128 1383 385 1423 nificinas
426 1396 527 1434 per
585 1385 820 1423 dedecus
871 1389 1032 1434 atque
1088 1383 1355 1423 maximam
1404 1394 1530 1423 con·

128 1440 429 1488 tumeliam,
494 1440 938 1490 inspectantibus
997 1440 1360 1490 popularibus
1417 1438 1529 1478 suis

131 1501 290 1545 atque
320 1496 499 1536 multis
530 1496 869 1545 mortalibus,
901 1503 952 1535 te
984 1498 1161 1536 facere
1183 1507 1364 1535 ausum
1386 1492 1529 1534 esse‘!

133 1552 224 1591 Set
257 1558 524 1601 quantum
560 1553 787 1604 luctum,
822 1557 1070 1602 quantum
1100 1552 1378 1602 gemitum,
1406 1549 1531 1600 quid

131 1608 508 1657 lacrimarum,
554 1613 800 1658 quantum
845 1610 1030 1648 fletum
1080 1609 1270 1648 sactum
1317 1605 1531 1647 audiui?

132 1664 285 1704 Serui
316 1664 550 1705 iniurias
588 1664 742 1704 nimis
775 1676 935 1715 aegre
969 1667 1171 1704 serunt:
1226 1663 1349 1714 quid
1378 1663 1528 1708 illos,

131 1721 268 1761 bono
305 1732 498 1770 genere
534 1726 716 1768 natos,
761 1732 947 1771 magna
986 1721 1192 1760 uirtute
1227 1717 1528 1769 praeditOS,

133 1776 420 1826 opinamini
443 1777 602 1817 animi
624 1777 880 1816 habuisse
911 1782 1066 1826 atque
1097 1775 1392 1822 habituros,
1417 1773 1531 1813 dum

132 1833 346 1873 uiuent?

79 1900 123 1935 18
220 1890 338 1939 Quod
363 1891 490 1929 Cato
510 1889 635 1929 dixit:
665 1888 929 1929 Bruttiani
969 1888 1352 1934 uerberauere,
1385 1897 1436 1925 ne
1463 1885 1533 1935 qui

79 1956 124 1991 19
135 1947 315 1986 fortasse
336 1947 388 1984 de
409 1945 666 1985 tBruttianis’
684 1945 879 1996 requirat,
899 1945 941 1984 id
959 1943 1183 1993 significat:
1210 1944 1307 1983 Cum
1328 1942 1531 1982 Hannibal

135 2003 301 2042 Poenus
323 2013 413 2041 cum
438 2002 622 2041 exercitu
644 2002 683 2040 in
707 2002 821 2041 Italia
842 2005 955 2040 esset
975 2005 1016 2039 et
1036 2000 1193 2049 aliquot
1216 2010 1378 2049 pugnas
1400 2010 1531 2050 popu-

136 2059 200 2097 lus
220 2059 433 2098 Romanus
456 2059 656 2098 aduersas
676 2058 960 2109 pugnauisset,
983 2055 1102 2107 primi
1118 2055 1244 2095 totius
1261 2055 1400 2095 Italiae
1415 2055 1531 2094 Brut-

135 2113 180 2151 tii
197 2114 248 2152 ad
265 2114 536 2154 Hannibalem
553 2114 831 2154 desciuerunt.
876 2114 922 2152 ld
937 2111 1113 2153 Romani
1128 2123 1252 2162 aegre
1268 2110 1395 2162 passi,
1417 2115 1530 2160 post-

139 2180 261 2217 quam
277 2171 479 2210 Hannibal
502 2170 615 2210 Italia
638 2171 821 2210 decessit
847 2168 1113 2219 superatique
1133 2167 1261 2208 Poeni
1282 2171 1389 2216 sunt,
1414 2166 1531 2205 Brut-

137 2224 219 2264 tios
236 2224 483 2274 ignominiae
507 2238 634 2267 causa
655 2239 738 2267 non
759 2226 905 2266 milites
925 2224 1160 2266 scribebant
1189 2234 1266 2263 nec
1295 2234 1372 2274 pro
1405 2220 1529 2262 sociis
