1619 2476
131 53 212 96 166
645 53 752 92 XVI.
771 63 874 92 xvn.
894 63 1016 92 xv111.

761 164 888 205 XVII.

438 246 541 290 Quae
567 247 661 282 ratio
687 247 860 282 uocabuli
887 246 934 281 sit
949 246 1031 292 agri
1047 245 1234 282 Vaticani.

94 351 110 383 1
213 335 263 372 Et
294 343 437 382 agrum
459 332 704 372 Vaticanum
733 338 773 372 et
803 332 990 372 eiusdem
1020 332 1108 382 agri
1138 333 1261 373 deum
1294 332 1531 383 praesidem

130 391 382 440 appellatum
402 400 699 439 acceperamus
717 401 741 429 a
763 388 979 437 uaticiniis,
1012 400 1119 438 quae
1136 388 1177 429 ui
1194 393 1320 439 atque
1336 388 1531 429 instinctu

89 461 110 494 2
129 446 218 486 eius
245 445 311 485 dei
334 445 374 485 in
392 457 441 486 eo
459 457 558 495 agro
583 446 671 485 fieri
691 446 811 486 solita
829 450 984 486 essent.
1031 445 1115 486 Sed
1135 450 1302 496 praeter
1316 446 1423 486 hanc
1439 456 1531 484 cau-

129 514 217 543 sam
238 503 292 541 M.
315 503 479 542 Varro
506 502 546 541 in
564 502 677 542 libris
704 502 996 542 diuinarum
1020 501 1140 542 aliam
1157 513 1254 542 esse
1270 501 1395 542 tradit
1412 501 1531 542 istius

128 558 308 599 nominis
330 558 555 598 rationem:
586 559 701 598 Nam
727 558 868 598 sicut
888 557 1104 606 A(r)ius‚
1133 557 1281 608 inquit,
1299 558 1423 598 deus
1447 569 1530 608 ap-

128 616 363 666 pellatus
397 626 594 664 araque
631 615 677 654 ei
707 620 908 655 statuta
943 620 1044 663 est,
1081 626 1212 664 quae
1246 619 1327 655 est
1357 614 1532 654 infima

129 683 264 711 noua
303 671 412 718 uia,
456 672 594 720 quod
631 683 689 712 eo
730 672 778 711 in
820 673 935 712 loco
969 670 1229 712 diuinitus
1266 682 1368 712 uox
1393 670 1532 711 edita

128 733 260 774 erat,
288 727 359 767 ita
379 728 664 768 Vaticanus
697 729 822 768 deus
854 727 1174 776 nominatus,
1206 738 1365 778 penes
1385 738 1531 777 quem

128 790 310 824 essent
352 783 498 824 uocis
542 785 795 824 humanae
840 784 1024 832 initia,
1069 784 1311 835 quoniam
1354 783 1530 834 pueri,

127 840 280 880 simul
322 845 478 890 atque
529 841 666 891 parti
721 847 863 888 sunt,
925 852 1028 880 eam
1086 840 1298 892 primam
1352 851 1532 880 uocem

127 897 307 943 edunt,
332 908 464 946 quae
487 897 644 947 prima
664 897 710 937 in
733 898 992 937 Vaticano
1016 898 1282 948 syllabast
1302 895 1531 937 idcirco-

127 964 223 1002 que
247 953 477 1002 ‘uagire'
512 954 761 1003 dicit[ur]‚
799 953 1128 1004 exprimente
1160 954 1319 993 uerbo
1351 963 1531 993 sonum

125 1019 270 1048 uocls
304 1009 546 1050 recentis.

762 1092 892 1131 XVIII
897 1121 905 1130 .

126 1161 268 1209 Lepida
301 1161 488 1208 quaedam
518 1165 553 1196 et
584 1165 793 1197 memoratu
822 1166 857 1197 et
885 1162 1039 1208 cognitu
1069 1161 1115 1197 de
1148 1165 1254 1208 parte
1286 1160 1528 1208 geometriae,

184 1229 280 1264 quae
303 1210 445 1266 ὀπτικὴ
467 1218 697 1264 appellatur,
724 1222 759 1252 et
780 1218 866 1253 item
888 1218 975 1262 alia,
1004 1229 1101 1264 quae
1123 1209 1339 1265 κανονική,
1363 1221 1398 1252 et
1422 1217 1531 1252 tertia

182 1273 329 1317 itidem,
355 1285 451 1320 quae
476 1274 609 1309 dicitur
629 1266 805 1323 μετρική.

86 1357 106 1390 1
212 1350 312 1388 Pars
337 1349 541 1397 quaedam
566 1348 859 1396 geometriae
872 1341 1055 1398 ὀπτικὴ’
1081 1349 1329 1410 appellatur,
1355 1359 1460 1398 quae
1477 1350 1530 1388 ad

127 1406 275 1446 oculos
294 1404 484 1454 pertinet,
513 1415 610 1453 pars
628 1404 776 1450 altera,
807 1414 913 1451 quae
937 1403 990 1441 ad
1009 1403 1134 1453 auris,
1167 1399 1432 1454 εκοινονωιὴ’
1458 1416 1530 1443 uo·

88 1469 110 1502 2
129 1466 266 1508 catur,
299 1471 381 1510 qua
402 1459 549 1499 musici
574 1465 619 1498 ut
637 1459 903 1498 fundamento
930 1458 1029 1498 artis
1048 1469 1150 1497 suae
1166 1463 1351 1499 utuntur.
1410 1460 1529 1498 Vtra-

128 1529 209 1567 que
226 1517 371 1556 harum
389 1515 534 1566 spatiis
553 1521 593 1555 et
619 1514 845 1554 interuallis
870 1514 1068 1554 linearum
1093 1519 1134 1554 et
1154 1514 1314 1554 ratione
1339 1525 1530 1555 numero-

125 1585 218 1613 rum
248 1578 422 1612 constat.

83 1636 105 1671 3
211 1623 391 1680 Ὀπτικὴ
414 1627 510 1668 facit
532 1630 659 1667 multa
686 1628 926 1667 demiranda
955 1626 997 1666 id
1027 1638 1181 1676 genus,
1208 1631 1253 1668 ut
1282 1625 1324 1665 in
1354 1628 1527 1676 speculo

125 1697 210 1726 uno
228 1685 428 1735 imagines
451 1684 572 1724 unius
591 1684 650 1724 rei
665 1686 807 1734 plures
832 1688 1084 1733 appareant3
1113 1682 1209 1722 item
1242 1688 1288 1723 ut
1313 1684 1530 1732 speculum

124 1743 165 1781 in
186 1744 280 1782 loco
301 1747 415 1781 certo
432 1740 616 1791 positum
638 1741 736 1780 nihil
749 1740 960 1790 imaginet‚
993 1739 1192 1778 aliorsum
1211 1740 1452 1778 translatum
1474 1739 1529 1779 fa-

127 1799 206 1838 ciat
239 1798 462 1846 imagines3
493 1798 590 1836 item
619 1797 655 1836 si
686 1797 878 1845 rect(i)us
911 1796 1126 1846 speculum
1162 1800 1350 1845 spectes,
1390 1795 1526 1845 imago

125 1855 198 1894 fiat
217 1860 289 1894 tua
321 1854 545 1901 eiusmodi,
578 1859 622 1892 ut
651 1859 776 1903 caput
799 1854 996 1893 deorsum
1025 1851 1249 1899 uideatur„
1276 1851 1408 1902 pedes
1441 1863 1528 1891 sur·

126 1922 232 1950 sum.
294 1910 446 1950 Reddit
471 1910 592 1950 etiam
614 1921 762 1950 causas
786 1920 836 1949 ea
852 1908 1088 1958 disciplina,
1121 1919 1194 1947 cur
1224 1907 1329 1947 istae
1360 1918 1528 1957 quoque

125 1966 313 2007 uisiones
346 1967 507 2014 fallant,
541 1972 587 2006 ut
617 1977 723 2016 quae
748 1966 788 2005 in
813 1977 921 2015 aqua
949 1963 1280 2014 conspiciuntur,
1311 1963 1467 2003 maiora
1486 1963 1527 2002 in

127 2024 274 2062 oculos
304 2023 424 2072 fiant,
459 2033 565 2072 quae
591 2024 738 2072 procul
763 2022 813 2061 ab
846 2021 977 2061 oculis
1001 2025 1116 2067 sunt,
1147 2020 1321 2061 minora.

80 2083 105 2119 4
210 2073 443 2130 Κανονικὴ
471 2084 607 2118 autem
632 2078 911 2157 longitudines
928 2082 969 2116 et
988 2075 1225 2117 altitudines
1246 2075 1365 2115 uocis
1388 2075 1526 2115 emeti-

125 2139 205 2173 tur.
265 2135 449 2185 Longior
475 2146 669 2175 mensura
686 2135 804 2175 uocis
831 2128 1054 2186 ῥυθμός’
1078 2131 1247 2181 dicitur,
1280 2131 1436 2173 altior‘
1448 2128 1524 2183 με’-

82 2196 103 2229 5
124 2189 238 2236 λοςᾶ
299 2192 373 2230 Est
397 2197 438 2230 et
464 2191 541 2229 alia
564 2191 727 2240 species
752 2189 1011 2241 κανονικῆς,
1041 2199 1148 2238 quae
1168 2188 1436 2238 appellatur
1447 2199 1526 2238 με-
1568 2232 1572 2235 ,

125 2242 277 2297 τρική’
284 2278 292 2293 ,
324 2258 399 2296 per
423 2258 546 2296 quam
573 2248 826 2297 syllabarum
856 2248 1072 2295 longarum
1095 2249 1135 2284 et
1158 2243 1347 2284 breuium
1377 2248 1418 2283 et
1444 2245 1553 2282 rne-'
