<?xml version="1.0" encoding="UTF-8"?>
<!DOCTYPE html PUBLIC "-//W3C//DTD XHTML 1.0 Transitional//EN"
    "http://www.w3.org/TR/xhtml1/DTD/xhtml1-transitional.dtd">
<html xmlns="http://www.w3.org/1999/xhtml" xml:lang="en" lang="en">
 <head>
  <title>
</title>
<meta http-equiv="Content-Type" content="text/html;charset=utf-8" />
  <meta name='ocr-system' content='tesseract 3.04.00' />
  <meta name='ocr-capabilities' content='ocr_page ocr_carea ocr_par ocr_line ocrx_word'/>
</head>
<body>
  <div class='ocr_page' id='page_1' title='image "./agelliinoctivmat00gelluoft_0521.png"; bbox 0 0 1635 2492; ppageno 0'>
   <div class='ocr_carea' id='block_1_1' title="bbox 0 0 126 135">
    <p class='ocr_par' dir='ltr' id='par_1_1' title="bbox 0 0 126 135">
     <span class='ocr_line' id='line_1_1' title="bbox 0 0 126 135; baseline 0 2357"><span class='ocrx_word' id='word_1_1' title='bbox 0 0 126 135; x_wconf 95' lang='lat' dir='ltr'> </span> 
     </span>
    </p>
   </div>
   <div class='ocr_carea' id='block_1_2' title="bbox 599 65 1484 109">
    <p class='ocr_par' dir='ltr' id='par_1_2' title="bbox 599 65 1484 109">
     <span class='ocr_line' id='line_1_2' title="bbox 599 65 1484 109; baseline 0.005 -4"><span class='ocrx_word' id='word_1_2' title='bbox 599 65 763 105; x_wconf 90' lang='lat' dir='ltr'>XVIIII.</span> <span class='ocrx_word' id='word_1_3' title='bbox 796 76 854 105; x_wconf 90' lang='lat' dir='ltr'>x1.</span> <span class='ocrx_word' id='word_1_4' title='bbox 886 77 959 106; x_wconf 78' lang='lat' dir='ltr'>xli.</span> <span class='ocrx_word' id='word_1_5' title='bbox 1402 66 1484 109; x_wconf 79' lang='lat'>235</span> 
     </span>
    </p>
   </div>
   <div class='ocr_carea' id='block_1_3' title="bbox 347 177 1208 287">
    <p class='ocr_par' dir='ltr' id='par_1_3' title="bbox 347 177 1208 287">
     <span class='ocr_line' id='line_1_3' title="bbox 347 177 1084 228; baseline 0.003 -11"><span class='ocrx_word' id='word_1_6' title='bbox 347 179 412 218; x_wconf 88' lang='lat' dir='ltr'>Vt</span> <span class='ocrx_word' id='word_1_7' title='bbox 436 177 497 219; x_wconf 79' lang='lat' dir='ltr'>ad</span> <span class='ocrx_word' id='word_1_8' title='bbox 520 190 594 219; x_wconf 91' lang='lat' dir='ltr'>me</span> <span class='ocrx_word' id='word_1_9' title='bbox 615 177 799 218; x_wconf 81' lang='lat' dir='ltr'>fierem</span> <span class='ocrx_word' id='word_1_10' title='bbox 826 177 1084 228; x_wconf 83' lang='lat' dir='ltr'>mortuus,</span> 
     </span>
     <span class='ocr_line' id='line_1_4' title="bbox 348 233 1208 287; baseline 0 -12"><span class='ocrx_word' id='word_1_11' title='bbox 348 235 425 275; x_wconf 91' lang='lat' dir='ltr'>Ad</span> <span class='ocrx_word' id='word_1_12' title='bbox 450 234 769 287; x_wconf 79' lang='lat' dir='ltr'>puer[ul]um</span> <span class='ocrx_word' id='word_1_13' title='bbox 795 235 936 276; x_wconf 89' lang='lat' dir='ltr'>intus</span> <span class='ocrx_word' id='word_1_14' title='bbox 959 233 1208 276; x_wconf 83' lang='lat' dir='ltr'>uiuerem.</span> 
     </span>
    </p>
   </div>
   <div class='ocr_carea' id='block_1_4' title="bbox 727 349 816 389">
    <p class='ocr_par' dir='ltr' id='par_1_4' title="bbox 727 349 816 389">
     <span class='ocr_line' id='line_1_5' title="bbox 727 349 816 389; baseline -0.011 0"><span class='ocrx_word' id='word_1_15' title='bbox 727 349 816 389; x_wconf 89' lang='lat' dir='ltr'>XII.</span> 
     </span>
    </p>
   </div>
   <div class='ocr_carea' id='block_1_5' title="bbox 67 429 1484 591">
    <p class='ocr_par' dir='ltr' id='par_1_5' title="bbox 67 429 1484 591">
     <span class='ocr_line' id='line_1_6' title="bbox 67 429 1482 480; baseline 0.001 -13"><span class='ocrx_word' id='word_1_16' title='bbox 67 431 306 477; x_wconf 78' lang='lat' dir='ltr'>[Dissertatio</span> <span class='ocrx_word' id='word_1_17' title='bbox 337 429 500 467; x_wconf 88' lang='lat' dir='ltr'>Herodis</span> <span class='ocrx_word' id='word_1_18' title='bbox 532 430 644 468; x_wconf 82' lang='lat' dir='ltr'>Attici</span> <span class='ocrx_word' id='word_1_19' title='bbox 680 441 794 478; x_wconf 88' lang='lat' dir='ltr'>super</span> <span class='ocrx_word' id='word_1_20' title='bbox 826 432 862 467; x_wconf 89' lang='lat' dir='ltr'>ui</span> <span class='ocrx_word' id='word_1_21' title='bbox 901 435 936 466; x_wconf 85' lang='lat' dir='ltr'>et</span> <span class='ocrx_word' id='word_1_22' title='bbox 971 435 1104 468; x_wconf 85' lang='lat' dir='ltr'>natura</span> <span class='ocrx_word' id='word_1_23' title='bbox 1139 430 1282 468; x_wconf 86' lang='lat' dir='ltr'>doloris</span> <span class='ocrx_word' id='word_1_24' title='bbox 1316 443 1482 480; x_wconf 77' lang='lat' dir='ltr'>suaeque</span> 
     </span>
     <span class='ocr_line' id='line_1_7' title="bbox 124 486 1484 536; baseline 0.001 -12"><span class='ocrx_word' id='word_1_25' title='bbox 124 488 314 535; x_wconf 86' lang='lat' dir='ltr'>opinionis</span> <span class='ocrx_word' id='word_1_26' title='bbox 334 486 532 524; x_wconf 80' lang='lat' dir='ltr'>affirmatio</span> <span class='ocrx_word' id='word_1_27' title='bbox 557 499 625 534; x_wconf 87' lang='lat' dir='ltr'>per</span> <span class='ocrx_word' id='word_1_28' title='bbox 642 489 856 535; x_wconf 86' lang='lat' dir='ltr'>exemplum</span> <span class='ocrx_word' id='word_1_29' title='bbox 875 487 1016 524; x_wconf 79' lang='lat' dir='ltr'>indocti</span> <span class='ocrx_word' id='word_1_30' title='bbox 1035 488 1175 533; x_wconf 59' lang='lat' dir='ltr'>rustici,</span> <span class='ocrx_word' id='word_1_31' title='bbox 1195 490 1256 536; x_wconf 88' lang='lat' dir='ltr'>qui</span> <span class='ocrx_word' id='word_1_32' title='bbox 1276 500 1360 526; x_wconf 88' lang='lat' dir='ltr'>cum</span> <span class='ocrx_word' id='word_1_33' title='bbox 1381 490 1484 526; x_wconf 72' lang='lat' dir='ltr'>rubiS</span> 
     </span>
     <span class='ocr_line' id='line_1_8' title="bbox 125 544 752 591; baseline -0.002 -11"><span class='ocrx_word' id='word_1_34' title='bbox 125 545 336 582; x_wconf 81' lang='lat' dir='ltr'>fructiferas</span> <span class='ocrx_word' id='word_1_35' title='bbox 358 546 515 582; x_wconf 85' lang='lat' dir='ltr'>arbores</span> <span class='ocrx_word' id='word_1_36' title='bbox 539 544 752 591; x_wconf 63' lang='lat' dir='ltr'>praecidit]</span> 
     </span>
    </p>
   </div>
   <div class='ocr_carea' id='block_1_6' title="bbox 38 630 1524 2324">
    <p class='ocr_par' dir='ltr' id='par_1_6' title="bbox 65 630 1524 2034">
     <span class='ocr_line' id='line_1_9' title="bbox 152 630 1520 681; baseline 0.003 -9"><span class='ocrx_word' id='word_1_37' title='bbox 152 633 413 674; x_wconf 84' lang='lat' dir='ltr'>Herodem</span> <span class='ocrx_word' id='word_1_38' title='bbox 439 630 694 681; x_wconf 71' lang='lat' dir='ltr'>Atticum,</span> <span class='ocrx_word' id='word_1_39' title='bbox 729 634 994 673; x_wconf 81' lang='lat' dir='ltr'>consularem</span> <span class='ocrx_word' id='word_1_40' title='bbox 1012 632 1168 681; x_wconf 89' lang='lat' dir='ltr'>uirum,</span> <span class='ocrx_word' id='word_1_41' title='bbox 1197 632 1374 673; x_wconf 89' lang='lat' dir='ltr'>Athenis</span> <span class='ocrx_word' id='word_1_42' title='bbox 1402 634 1482 674; x_wconf 90' lang='lat' dir='ltr'>dis-</span> <span class='ocrx_word' id='word_1_43' title='bbox 1501 643 1520 676; x_wconf 91' lang='grc'>1</span> 
     </span>
     <span class='ocr_line' id='line_1_10' title="bbox 67 688 1483 738; baseline 0.001 -8"><span class='ocrx_word' id='word_1_44' title='bbox 67 694 276 731; x_wconf 84' lang='lat' dir='ltr'>serentem</span> <span class='ocrx_word' id='word_1_45' title='bbox 298 688 439 729; x_wconf 89' lang='lat' dir='ltr'>audiui</span> <span class='ocrx_word' id='word_1_46' title='bbox 460 689 618 729; x_wconf 90' lang='lat' dir='ltr'>Graeca</span> <span class='ocrx_word' id='word_1_47' title='bbox 640 689 848 737; x_wconf 87' lang='lat' dir='ltr'>oratione,</span> <span class='ocrx_word' id='word_1_48' title='bbox 880 689 920 728; x_wconf 88' lang='lat' dir='ltr'>in</span> <span class='ocrx_word' id='word_1_49' title='bbox 949 701 1030 738; x_wconf 87' lang='lat' dir='ltr'>qua</span> <span class='ocrx_word' id='word_1_50' title='bbox 1056 690 1143 729; x_wconf 82' lang='lat' dir='ltr'>sere</span> <span class='ocrx_word' id='word_1_51' title='bbox 1162 701 1309 730; x_wconf 89' lang='lat' dir='ltr'>omnes</span> <span class='ocrx_word' id='word_1_52' title='bbox 1327 701 1483 731; x_wconf 89' lang='lat' dir='ltr'>memo-</span> 
     </span>
     <span class='ocr_line' id='line_1_11' title="bbox 65 745 1483 797; baseline 0.001 -11"><span class='ocrx_word' id='word_1_53' title='bbox 65 746 153 787; x_wconf 87' lang='lat' dir='ltr'>riae</span> <span class='ocrx_word' id='word_1_54' title='bbox 170 750 341 787; x_wconf 88' lang='lat' dir='ltr'>nostrae</span> <span class='ocrx_word' id='word_1_55' title='bbox 365 745 590 787; x_wconf 89' lang='lat' dir='ltr'>uniuersos</span> <span class='ocrx_word' id='word_1_56' title='bbox 609 746 812 796; x_wconf 84' lang='lat' dir='ltr'>grauitate</span> <span class='ocrx_word' id='word_1_57' title='bbox 835 752 960 796; x_wconf 87' lang='lat' dir='ltr'>atque</span> <span class='ocrx_word' id='word_1_58' title='bbox 978 746 1100 797; x_wconf 88' lang='lat' dir='ltr'>copia</span> <span class='ocrx_word' id='word_1_59' title='bbox 1123 751 1163 786; x_wconf 89' lang='lat' dir='ltr'>ct</span> <span class='ocrx_word' id='word_1_60' title='bbox 1180 746 1387 797; x_wconf 74' lang='lat' dir='ltr'>elegantIa</span> <span class='ocrx_word' id='word_1_61' title='bbox 1411 759 1483 788; x_wconf 92' lang='lat' dir='ltr'>uo-</span> 
     </span>
     <span class='ocr_line' id='line_1_12' title="bbox 67 798 1521 853; baseline 0.002 -10"><span class='ocrx_word' id='word_1_62' title='bbox 67 815 162 843; x_wconf 85' lang='lat' dir='ltr'>cum</span> <span class='ocrx_word' id='word_1_63' title='bbox 205 804 330 853; x_wconf 84' lang='lat' dir='ltr'>longe</span> <span class='ocrx_word' id='word_1_64' title='bbox 371 802 588 853; x_wconf 87' lang='lat' dir='ltr'>praestitit.</span> <span class='ocrx_word' id='word_1_65' title='bbox 650 802 855 843; x_wconf 87' lang='lat' dir='ltr'>Disseruit</span> <span class='ocrx_word' id='word_1_66' title='bbox 885 808 1022 842; x_wconf 90' lang='lat' dir='ltr'>autem</span> <span class='ocrx_word' id='word_1_67' title='bbox 1065 808 1211 844; x_wconf 88' lang='lat' dir='ltr'>contra</span> <span class='ocrx_word' id='word_1_68' title='bbox 1252 798 1482 844; x_wconf 77' lang='grc' dir='ltr'><em>ἀπάθειαν</em></span> <span class='ocrx_word' id='word_1_69' title='bbox 1499 812 1521 846; x_wconf 80' lang='lat'>‘2</span> 
     </span>
     <span class='ocr_line' id='line_1_13' title="bbox 67 859 1483 911; baseline 0.001 -11"><span class='ocrx_word' id='word_1_70' title='bbox 67 859 319 911; x_wconf 84' lang='lat' dir='ltr'>Stoicorum,</span> <span class='ocrx_word' id='word_1_71' title='bbox 350 859 571 900; x_wconf 86' lang='lat' dir='ltr'>lacessitus</span> <span class='ocrx_word' id='word_1_72' title='bbox 597 871 622 899; x_wconf 92' lang='lat' dir='ltr'>a</span> <span class='ocrx_word' id='word_1_73' title='bbox 642 860 823 910; x_wconf 85' lang='lat' dir='ltr'>quodam</span> <span class='ocrx_word' id='word_1_74' title='bbox 844 859 1001 908; x_wconf 89' lang='lat' dir='ltr'>Stoico,</span> <span class='ocrx_word' id='word_1_75' title='bbox 1034 865 1245 910; x_wconf 82' lang='lat' dir='ltr'>tamquam</span> <span class='ocrx_word' id='word_1_76' title='bbox 1263 859 1398 900; x_wconf 88' lang='lat' dir='ltr'>minus</span> <span class='ocrx_word' id='word_1_77' title='bbox 1418 872 1483 901; x_wconf 90' lang='lat' dir='ltr'>sa-</span> 
     </span>
     <span class='ocr_line' id='line_1_14' title="bbox 66 916 1482 968; baseline 0 -12"><span class='ocrx_word' id='word_1_78' title='bbox 66 916 230 968; x_wconf 89' lang='lat' dir='ltr'>pienter</span> <span class='ocrx_word' id='word_1_79' title='bbox 245 921 286 956; x_wconf 91' lang='lat' dir='ltr'>et</span> <span class='ocrx_word' id='word_1_80' title='bbox 300 927 448 966; x_wconf 88' lang='lat' dir='ltr'>parum</span> <span class='ocrx_word' id='word_1_81' title='bbox 459 916 631 957; x_wconf 89' lang='lat' dir='ltr'>uiriliter</span> <span class='ocrx_word' id='word_1_82' title='bbox 644 917 833 958; x_wconf 90' lang='lat' dir='ltr'>dolorem</span> <span class='ocrx_word' id='word_1_83' title='bbox 850 917 977 956; x_wconf 86' lang='lat' dir='ltr'>ferret</span> <span class='ocrx_word' id='word_1_84' title='bbox 993 927 1045 956; x_wconf 87' lang='lat' dir='ltr'>ex</span> <span class='ocrx_word' id='word_1_85' title='bbox 1062 921 1194 956; x_wconf 90' lang='lat' dir='ltr'>morte</span> <span class='ocrx_word' id='word_1_86' title='bbox 1205 916 1336 967; x_wconf 89' lang='lat' dir='ltr'>pueri,</span> <span class='ocrx_word' id='word_1_87' title='bbox 1358 928 1482 966; x_wconf 89' lang='lat' dir='ltr'>quem</span> 
     </span>
     <span class='ocr_line' id='line_1_15' title="bbox 66 973 1522 1023; baseline 0.003 -10"><span class='ocrx_word' id='word_1_88' title='bbox 66 973 279 1016; x_wconf 84' lang='lat' dir='ltr'>amauerit.</span> <span class='ocrx_word' id='word_1_89' title='bbox 340 975 384 1012; x_wconf 91' lang='lat' dir='ltr'>In</span> <span class='ocrx_word' id='word_1_90' title='bbox 420 984 469 1012; x_wconf 89' lang='lat' dir='ltr'>ea</span> <span class='ocrx_word' id='word_1_91' title='bbox 498 973 768 1021; x_wconf 87' lang='lat' dir='ltr'>dissertione,</span> <span class='ocrx_word' id='word_1_92' title='bbox 799 974 1041 1023; x_wconf 86' lang='lat' dir='ltr'>quantulum</span> <span class='ocrx_word' id='word_1_93' title='bbox 1073 973 1258 1021; x_wconf 88' lang='lat' dir='ltr'>memini,</span> <span class='ocrx_word' id='word_1_94' title='bbox 1290 973 1522 1017; x_wconf 86' lang='lat' dir='ltr'>huiusce-3</span> 
     </span>
     <span class='ocr_line' id='line_1_16' title="bbox 66 1029 1483 1080; baseline 0 -10"><span class='ocrx_word' id='word_1_95' title='bbox 66 1029 180 1070; x_wconf 89' lang='lat' dir='ltr'>modi</span> <span class='ocrx_word' id='word_1_96' title='bbox 202 1041 354 1070; x_wconf 89' lang='lat' dir='ltr'>sensus</span> <span class='ocrx_word' id='word_1_97' title='bbox 379 1035 463 1070; x_wconf 90' lang='lat' dir='ltr'>est:</span> <span class='ocrx_word' id='word_1_98' title='bbox 495 1031 609 1080; x_wconf 89' lang='lat' dir='ltr'>quod</span> <span class='ocrx_word' id='word_1_99' title='bbox 631 1031 768 1070; x_wconf 90' lang='lat' dir='ltr'>nullus</span> <span class='ocrx_word' id='word_1_100' title='bbox 795 1041 970 1080; x_wconf 80' lang='lat' dir='ltr'>usquam</span> <span class='ocrx_word' id='word_1_101' title='bbox 992 1030 1132 1078; x_wconf 88' lang='lat' dir='ltr'>homo,</span> <span class='ocrx_word' id='word_1_102' title='bbox 1160 1029 1230 1080; x_wconf 88' lang='lat' dir='ltr'>qui</span> <span class='ocrx_word' id='word_1_103' title='bbox 1248 1031 1483 1071; x_wconf 88' lang='lat' dir='ltr'>secundum</span> 
     </span>
     <span class='ocr_line' id='line_1_17' title="bbox 67 1086 1480 1137; baseline 0 -11"><span class='ocrx_word' id='word_1_104' title='bbox 67 1091 257 1127; x_wconf 87' lang='lat' dir='ltr'>naturam</span> <span class='ocrx_word' id='word_1_105' title='bbox 275 1087 447 1127; x_wconf 85' lang='lat' dir='ltr'>sentiret</span> <span class='ocrx_word' id='word_1_106' title='bbox 473 1092 514 1127; x_wconf 89' lang='lat' dir='ltr'>et</span> <span class='ocrx_word' id='word_1_107' title='bbox 541 1093 728 1137; x_wconf 81' lang='lat' dir='ltr'>saperet,</span> <span class='ocrx_word' id='word_1_108' title='bbox 761 1086 1065 1127; x_wconf 81' lang='lat' dir='ltr'>adfectionibus</span> <span class='ocrx_word' id='word_1_109' title='bbox 1083 1086 1174 1127; x_wconf 90' lang='lat' dir='ltr'>istis</span> <span class='ocrx_word' id='word_1_110' title='bbox 1203 1087 1339 1134; x_wconf 86' lang='lat' dir='ltr'>animi,</span> <span class='ocrx_word' id='word_1_111' title='bbox 1374 1099 1480 1137; x_wconf 90' lang='lat' dir='ltr'>quas</span> 
     </span>
     <span class='ocr_line' id='line_1_18' title="bbox 68 1140 1479 1195; baseline -0.001 -11"><span class='ocrx_word' id='word_1_112' title='bbox 68 1140 247 1195; x_wconf 65' lang='lat' dir='ltr'>‘acken’</span> <span class='ocrx_word' id='word_1_113' title='bbox 266 1143 524 1194; x_wconf 86' lang='lat' dir='ltr'>appellabat,</span> <span class='ocrx_word' id='word_1_114' title='bbox 554 1143 849 1193; x_wconf 81' lang='lat' dir='ltr'>aegritudinis,</span> <span class='ocrx_word' id='word_1_115' title='bbox 881 1143 1138 1194; x_wconf 84' lang='lat' dir='ltr'>cupiditatis,</span> <span class='ocrx_word' id='word_1_116' title='bbox 1167 1143 1343 1191; x_wconf 87' lang='lat' dir='ltr'>timoris,</span> <span class='ocrx_word' id='word_1_117' title='bbox 1379 1143 1479 1191; x_wconf 87' lang='lat' dir='ltr'>irae,</span> 
     </span>
     <span class='ocr_line' id='line_1_19' title="bbox 66 1199 1479 1251; baseline 0 -11"><span class='ocrx_word' id='word_1_118' title='bbox 66 1199 307 1251; x_wconf 80' lang='lat' dir='ltr'>uoluptatIS,</span> <span class='ocrx_word' id='word_1_119' title='bbox 342 1210 485 1239; x_wconf 86' lang='lat' dir='ltr'>carere</span> <span class='ocrx_word' id='word_1_120' title='bbox 503 1205 544 1239; x_wconf 90' lang='lat' dir='ltr'>et</span> <span class='ocrx_word' id='word_1_121' title='bbox 562 1211 714 1240; x_wconf 84' lang='lat' dir='ltr'>uacare</span> <span class='ocrx_word' id='word_1_122' title='bbox 733 1200 830 1240; x_wconf 90' lang='lat' dir='ltr'>totis</span> <span class='ocrx_word' id='word_1_123' title='bbox 851 1206 999 1250; x_wconf 86' lang='lat' dir='ltr'>posset</span> <span class='ocrx_word' id='word_1_124' title='bbox 1015 1200 1176 1248; x_wconf 87' lang='lat' dir='ltr'>(rhetor</span> <span class='ocrx_word' id='word_1_125' title='bbox 1193 1212 1277 1240; x_wconf 90' lang='lat' dir='ltr'>non</span> <span class='ocrx_word' id='word_1_126' title='bbox 1297 1201 1479 1247; x_wconf 92' lang='lat' dir='ltr'>dolore),</span> 
     </span>
     <span class='ocr_line' id='line_1_20' title="bbox 67 1256 1482 1307; baseline -0.001 -10"><span class='ocrx_word' id='word_1_127' title='bbox 67 1262 215 1306; x_wconf 86' lang='lat' dir='ltr'>atque,</span> <span class='ocrx_word' id='word_1_128' title='bbox 247 1256 284 1296; x_wconf 89' lang='lat' dir='ltr'>si</span> <span class='ocrx_word' id='word_1_129' title='bbox 314 1261 464 1307; x_wconf 87' lang='lat' dir='ltr'>posset</span> <span class='ocrx_word' id='word_1_130' title='bbox 501 1257 624 1296; x_wconf 87' lang='lat' dir='ltr'>etiam</span> <span class='ocrx_word' id='word_1_131' title='bbox 648 1256 789 1304; x_wconf 84' lang='lat' dir='ltr'>obniti,</span> <span class='ocrx_word' id='word_1_132' title='bbox 824 1262 869 1297; x_wconf 91' lang='lat' dir='ltr'>ut</span> <span class='ocrx_word' id='word_1_133' title='bbox 903 1256 1002 1297; x_wconf 89' lang='lat' dir='ltr'>totis</span> <span class='ocrx_word' id='word_1_134' title='bbox 1040 1262 1221 1304; x_wconf 86' lang='lat' dir='ltr'>careret,</span> <span class='ocrx_word' id='word_1_135' title='bbox 1255 1268 1338 1297; x_wconf 91' lang='lat' dir='ltr'>non</span> <span class='ocrx_word' id='word_1_136' title='bbox 1362 1267 1414 1296; x_wconf 84' lang='lat' dir='ltr'>ex</span> <span class='ocrx_word' id='word_1_137' title='bbox 1436 1267 1482 1296; x_wconf 88' lang='lat' dir='ltr'>rc</span> 
     </span>
     <span class='ocr_line' id='line_1_21' title="bbox 68 1312 1479 1363; baseline -0.001 -11"><span class='ocrx_word' id='word_1_138' title='bbox 68 1315 189 1362; x_wconf 83' lang='lat' dir='ltr'>[sore]</span> <span class='ocrx_word' id='word_1_139' title='bbox 207 1312 250 1352; x_wconf 92' lang='lat' dir='ltr'>id</span> <span class='ocrx_word' id='word_1_140' title='bbox 266 1312 434 1361; x_wconf 89' lang='lat' dir='ltr'>melius,</span> <span class='ocrx_word' id='word_1_141' title='bbox 465 1312 661 1363; x_wconf 86' lang='lat' dir='ltr'>quoniam</span> <span class='ocrx_word' id='word_1_142' title='bbox 680 1315 895 1363; x_wconf 80' lang='lat' dir='ltr'>langueret</span> <span class='ocrx_word' id='word_1_143' title='bbox 918 1312 1081 1352; x_wconf 85' lang='lat' dir='ltr'>animus</span> <span class='ocrx_word' id='word_1_144' title='bbox 1100 1318 1141 1352; x_wconf 91' lang='lat' dir='ltr'>et</span> <span class='ocrx_word' id='word_1_145' title='bbox 1161 1318 1374 1363; x_wconf 87' lang='lat' dir='ltr'>torperet,</span> <span class='ocrx_word' id='word_1_146' title='bbox 1409 1313 1479 1352; x_wconf 89' lang='lat' dir='ltr'>ad-</span> 
     </span>
     <span class='ocr_line' id='line_1_22' title="bbox 66 1369 1480 1419; baseline -0.001 -9"><span class='ocrx_word' id='word_1_147' title='bbox 66 1369 291 1410; x_wconf 85' lang='lat' dir='ltr'>fectionum</span> <span class='ocrx_word' id='word_1_148' title='bbox 316 1370 576 1419; x_wconf 87' lang='lat' dir='ltr'>quarundam</span> <span class='ocrx_word' id='word_1_149' title='bbox 595 1369 876 1417; x_wconf 83' lang='lat' dir='ltr'>adminiculis,</span> <span class='ocrx_word' id='word_1_150' title='bbox 906 1375 951 1409; x_wconf 87' lang='lat' dir='ltr'>ut</span> <span class='ocrx_word' id='word_1_151' title='bbox 981 1369 1224 1409; x_wconf 88' lang='lat' dir='ltr'>necessario</span> <span class='ocrx_word' id='word_1_152' title='bbox 1257 1369 1480 1419; x_wconf 90' lang='lat' dir='ltr'>plurimum</span> 
     </span>
     <span class='ocr_line' id='line_1_23' title="bbox 66 1425 1524 1478; baseline 0.001 -12"><span class='ocrx_word' id='word_1_153' title='bbox 66 1425 192 1478; x_wconf 79' lang='lat' dir='ltr'>-1-peri</span> <span class='ocrx_word' id='word_1_154' title='bbox 211 1425 461 1476; x_wconf 89' lang='lat' dir='ltr'>etpriuatus.</span> <span class='ocrx_word' id='word_1_155' title='bbox 493 1426 665 1466; x_wconf 90' lang='lat' dir='ltr'>Dicebat</span> <span class='ocrx_word' id='word_1_156' title='bbox 682 1426 790 1466; x_wconf 85' lang='lat' dir='ltr'>enIm</span> <span class='ocrx_word' id='word_1_157' title='bbox 808 1437 960 1466; x_wconf 85' lang='lat' dir='ltr'>sensus</span> <span class='ocrx_word' id='word_1_158' title='bbox 979 1426 1083 1467; x_wconf 89' lang='lat' dir='ltr'>istos</span> <span class='ocrx_word' id='word_1_159' title='bbox 1102 1431 1327 1476; x_wconf 88' lang='lat' dir='ltr'>motusque</span> <span class='ocrx_word' id='word_1_160' title='bbox 1345 1425 1483 1474; x_wconf 86' lang='lat' dir='ltr'>anImi,</span> <span class='ocrx_word' id='word_1_161' title='bbox 1501 1435 1524 1468; x_wconf 74' lang='lat'>4</span> 
     </span>
     <span class='ocr_line' id='line_1_24' title="bbox 68 1482 1481 1534; baseline 0 -12"><span class='ocrx_word' id='word_1_162' title='bbox 68 1483 139 1534; x_wconf 88' lang='lat' dir='ltr'>qui</span> <span class='ocrx_word' id='word_1_163' title='bbox 156 1494 248 1522; x_wconf 91' lang='lat' dir='ltr'>cum</span> <span class='ocrx_word' id='word_1_164' title='bbox 269 1482 615 1523; x_wconf 89' lang='lat' dir='ltr'>inmoderatiores</span> <span class='ocrx_word' id='word_1_165' title='bbox 637 1488 756 1530; x_wconf 90' lang='lat' dir='ltr'>sunt,</span> <span class='ocrx_word' id='word_1_166' title='bbox 784 1483 883 1523; x_wconf 90' lang='lat' dir='ltr'>uitia</span> <span class='ocrx_word' id='word_1_167' title='bbox 900 1483 1015 1530; x_wconf 81' lang='lat' dir='ltr'>fiunt,</span> <span class='ocrx_word' id='word_1_168' title='bbox 1045 1482 1225 1523; x_wconf 84' lang='lat' dir='ltr'>innexos</span> <span class='ocrx_word' id='word_1_169' title='bbox 1242 1482 1481 1532; x_wconf 87' lang='lat' dir='ltr'>inplicatos-</span> 
     </span>
     <span class='ocr_line' id='line_1_25' title="bbox 67 1539 1522 1591; baseline 0.001 -11"><span class='ocrx_word' id='word_1_170' title='bbox 67 1551 149 1591; x_wconf 91' lang='lat' dir='ltr'>que</span> <span class='ocrx_word' id='word_1_171' title='bbox 171 1549 269 1579; x_wconf 89' lang='lat' dir='ltr'>esse</span> <span class='ocrx_word' id='word_1_172' title='bbox 289 1539 505 1589; x_wconf 84' lang='lat' dir='ltr'>uigoribus</span> <span class='ocrx_word' id='word_1_173' title='bbox 521 1539 772 1590; x_wconf 86' lang='lat' dir='ltr'>quibusdam</span> <span class='ocrx_word' id='word_1_174' title='bbox 790 1539 987 1579; x_wconf 85' lang='lat' dir='ltr'>mentium</span> <span class='ocrx_word' id='word_1_175' title='bbox 1021 1545 1062 1578; x_wconf 92' lang='lat' dir='ltr'>et</span> <span class='ocrx_word' id='word_1_176' title='bbox 1097 1539 1378 1580; x_wconf 87' lang='lat' dir='ltr'>alacritatibus</span> <span class='ocrx_word' id='word_1_177' title='bbox 1392 1571 1401 1587; x_wconf 91' lang='lat'>‚</span> <span class='ocrx_word' id='word_1_178' title='bbox 1433 1550 1482 1578; x_wconf 88' lang='lat' dir='ltr'>ac</span> <span class='ocrx_word' id='word_1_179' title='bbox 1501 1548 1522 1581; x_wconf 80' lang='lat'>5</span> 
     </span>
     <span class='ocr_line' id='line_1_26' title="bbox 66 1595 1478 1648; baseline 0 -12"><span class='ocrx_word' id='word_1_180' title='bbox 66 1601 314 1648; x_wconf 88' lang='lat' dir='ltr'>propterea,</span> <span class='ocrx_word' id='word_1_181' title='bbox 355 1595 391 1635; x_wconf 89' lang='lat' dir='ltr'>si</span> <span class='ocrx_word' id='word_1_182' title='bbox 430 1596 597 1637; x_wconf 89' lang='lat' dir='ltr'>omnino</span> <span class='ocrx_word' id='word_1_183' title='bbox 640 1596 772 1636; x_wconf 90' lang='lat' dir='ltr'>omnis</span> <span class='ocrx_word' id='word_1_184' title='bbox 805 1607 880 1636; x_wconf 90' lang='lat' dir='ltr'>eos</span> <span class='ocrx_word' id='word_1_185' title='bbox 919 1595 1135 1646; x_wconf 90' lang='lat' dir='ltr'>inperitius</span> <span class='ocrx_word' id='word_1_186' title='bbox 1178 1598 1478 1644; x_wconf 87' lang='lat' dir='ltr'>conuellamus‚</span> 
     </span>
     <span class='ocr_line' id='line_1_27' title="bbox 67 1652 1479 1705; baseline -0.001 -12"><span class='ocrx_word' id='word_1_187' title='bbox 67 1653 297 1705; x_wconf 86' lang='lat' dir='ltr'>periculum</span> <span class='ocrx_word' id='word_1_188' title='bbox 321 1663 438 1700; x_wconf 87' lang='lat' dir='ltr'>esse,</span> <span class='ocrx_word' id='word_1_189' title='bbox 470 1664 522 1692; x_wconf 91' lang='lat' dir='ltr'>ne</span> <span class='ocrx_word' id='word_1_190' title='bbox 545 1653 594 1693; x_wconf 91' lang='lat' dir='ltr'>iis</span> <span class='ocrx_word' id='word_1_191' title='bbox 618 1653 895 1692; x_wconf 87' lang='lat' dir='ltr'>adhaerentes</span> <span class='ocrx_word' id='word_1_192' title='bbox 918 1653 1052 1692; x_wconf 86' lang='lat' dir='ltr'>bonas</span> <span class='ocrx_word' id='word_1_193' title='bbox 1082 1664 1252 1702; x_wconf 87' lang='lat' dir='ltr'>quoque</span> <span class='ocrx_word' id='word_1_194' title='bbox 1286 1658 1327 1692; x_wconf 89' lang='lat' dir='ltr'>et</span> <span class='ocrx_word' id='word_1_195' title='bbox 1356 1652 1479 1692; x_wconf 92' lang='lat' dir='ltr'>utiles</span> 
     </span>
     <span class='ocr_line' id='line_1_28' title="bbox 67 1708 1521 1758; baseline 0.001 -8"><span class='ocrx_word' id='word_1_196' title='bbox 67 1709 193 1750; x_wconf 86' lang='lat' dir='ltr'>animi</span> <span class='ocrx_word' id='word_1_197' title='bbox 207 1709 371 1749; x_wconf 90' lang='lat' dir='ltr'>indoles</span> <span class='ocrx_word' id='word_1_198' title='bbox 398 1708 643 1749; x_wconf 81' lang='lat' dir='ltr'>amittamus.</span> <span class='ocrx_word' id='word_1_199' title='bbox 705 1709 989 1750; x_wconf 87' lang='lat' dir='ltr'>Moderandos</span> <span class='ocrx_word' id='word_1_200' title='bbox 1028 1719 1125 1748; x_wconf 89' lang='lat' dir='ltr'>esse</span> <span class='ocrx_word' id='word_1_201' title='bbox 1157 1708 1279 1758; x_wconf 84' lang='lat' dir='ltr'>igitur</span> <span class='ocrx_word' id='word_1_202' title='bbox 1307 1714 1347 1749; x_wconf 90' lang='lat' dir='ltr'>et</span> <span class='ocrx_word' id='word_1_203' title='bbox 1378 1708 1521 1752; x_wconf 86' lang='lat' dir='ltr'>scite6</span> 
     </span>
     <span class='ocr_line' id='line_1_29' title="bbox 69 1766 1481 1816; baseline -0.001 -9"><span class='ocrx_word' id='word_1_204' title='bbox 69 1766 420 1816; x_wconf 86' lang='lat' dir='ltr'>considerateque</span> <span class='ocrx_word' id='word_1_205' title='bbox 457 1767 700 1816; x_wconf 85' lang='lat' dir='ltr'>purgandos</span> <span class='ocrx_word' id='word_1_206' title='bbox 732 1767 950 1813; x_wconf 87' lang='lat' dir='ltr'>censebat,</span> <span class='ocrx_word' id='word_1_207' title='bbox 991 1770 1036 1804; x_wconf 93' lang='lat' dir='ltr'>ut</span> <span class='ocrx_word' id='word_1_208' title='bbox 1067 1776 1116 1804; x_wconf 87' lang='lat' dir='ltr'>ea</span> <span class='ocrx_word' id='word_1_209' title='bbox 1157 1770 1330 1813; x_wconf 87' lang='lat' dir='ltr'>tantum,</span> <span class='ocrx_word' id='word_1_210' title='bbox 1375 1777 1481 1816; x_wconf 87' lang='lat' dir='ltr'>quae</span> 
     </span>
     <span class='ocr_line' id='line_1_30' title="bbox 69 1821 1482 1872; baseline -0.001 -9"><span class='ocrx_word' id='word_1_211' title='bbox 69 1823 204 1864; x_wconf 80' lang='lat' dir='ltr'>aliena</span> <span class='ocrx_word' id='word_1_212' title='bbox 223 1827 321 1863; x_wconf 89' lang='lat' dir='ltr'>sunt</span> <span class='ocrx_word' id='word_1_213' title='bbox 343 1827 573 1872; x_wconf 87' lang='lat' dir='ltr'>contraque</span> <span class='ocrx_word' id='word_1_214' title='bbox 594 1827 782 1862; x_wconf 86' lang='lat' dir='ltr'>naturam</span> <span class='ocrx_word' id='word_1_215' title='bbox 810 1823 1006 1863; x_wconf 89' lang='lat' dir='ltr'>uidentur</span> <span class='ocrx_word' id='word_1_216' title='bbox 1028 1827 1069 1861; x_wconf 89' lang='lat' dir='ltr'>et</span> <span class='ocrx_word' id='word_1_217' title='bbox 1090 1833 1183 1861; x_wconf 90' lang='lat' dir='ltr'>cum</span> <span class='ocrx_word' id='word_1_218' title='bbox 1206 1821 1390 1872; x_wconf 88' lang='lat' dir='ltr'>pernicie</span> <span class='ocrx_word' id='word_1_219' title='bbox 1411 1823 1482 1869; x_wconf 85' lang='lat' dir='ltr'>ad-</span> 
     </span>
     <span class='ocr_line' id='line_1_31' title="bbox 69 1878 1482 1930; baseline -0.001 -10"><span class='ocrx_word' id='word_1_220' title='bbox 69 1885 197 1930; x_wconf 82' lang='lat' dir='ltr'>gnata</span> <span class='ocrx_word' id='word_1_221' title='bbox 217 1884 326 1927; x_wconf 90' lang='lat' dir='ltr'>sunt,</span> <span class='ocrx_word' id='word_1_222' title='bbox 358 1879 646 1926; x_wconf 86' lang='lat' dir='ltr'>detrahantur,</span> <span class='ocrx_word' id='word_1_223' title='bbox 678 1890 731 1919; x_wconf 92' lang='lat' dir='ltr'>ne</span> <span class='ocrx_word' id='word_1_224' title='bbox 762 1880 952 1929; x_wconf 82' lang='lat' dir='ltr'>profecto</span> <span class='ocrx_word' id='word_1_225' title='bbox 985 1878 1027 1917; x_wconf 91' lang='lat' dir='ltr'>id</span> <span class='ocrx_word' id='word_1_226' title='bbox 1049 1878 1223 1927; x_wconf 88' lang='lat' dir='ltr'>accidat,</span> <span class='ocrx_word' id='word_1_227' title='bbox 1258 1879 1374 1928; x_wconf 88' lang='lat' dir='ltr'>quod</span> <span class='ocrx_word' id='word_1_228' title='bbox 1400 1878 1482 1918; x_wconf 91' lang='lat' dir='ltr'>cui-</span> 
     </span>
     <span class='ocr_line' id='line_1_32' title="bbox 69 1934 1480 1987; baseline -0.001 -11"><span class='ocrx_word' id='word_1_229' title='bbox 69 1936 181 1987; x_wconf 88' lang='lat' dir='ltr'>piam</span> <span class='ocrx_word' id='word_1_230' title='bbox 201 1937 361 1976; x_wconf 89' lang='lat' dir='ltr'>Thraco</span> <span class='ocrx_word' id='word_1_231' title='bbox 379 1934 588 1985; x_wconf 89' lang='lat' dir='ltr'>insipienti</span> <span class='ocrx_word' id='word_1_232' title='bbox 606 1940 647 1974; x_wconf 91' lang='lat' dir='ltr'>et</span> <span class='ocrx_word' id='word_1_233' title='bbox 667 1935 759 1976; x_wconf 89' lang='lat' dir='ltr'>rudi</span> <span class='ocrx_word' id='word_1_234' title='bbox 774 1935 814 1975; x_wconf 92' lang='lat' dir='ltr'>in</span> <span class='ocrx_word' id='word_1_235' title='bbox 832 1947 932 1985; x_wconf 82' lang='lat' dir='ltr'>agro</span> <span class='ocrx_word' id='word_1_236' title='bbox 947 1968 956 1983; x_wconf 93' lang='lat'>‚</span> <span class='ocrx_word' id='word_1_237' title='bbox 989 1946 1112 1985; x_wconf 90' lang='lat' dir='ltr'>quem</span> <span class='ocrx_word' id='word_1_238' title='bbox 1132 1940 1300 1983; x_wconf 88' lang='lat' dir='ltr'>emerat,</span> <span class='ocrx_word' id='word_1_239' title='bbox 1331 1946 1480 1985; x_wconf 84' lang='lat' dir='ltr'>procu-</span> 
     </span>
     <span class='ocr_line' id='line_1_33' title="bbox 69 1992 698 2034; baseline -0.006 -1"><span class='ocrx_word' id='word_1_240' title='bbox 69 1993 202 2034; x_wconf 87' lang='lat' dir='ltr'>rando</span> <span class='ocrx_word' id='word_1_241' title='bbox 222 1992 394 2033; x_wconf 89' lang='lat' dir='ltr'>uenisse</span> <span class='ocrx_word' id='word_1_242' title='bbox 409 2003 490 2032; x_wconf 90' lang='lat' dir='ltr'>usu</span> <span class='ocrx_word' id='word_1_243' title='bbox 508 1992 698 2031; x_wconf 84' lang='lat' dir='ltr'>fabulast.</span> 
     </span>
    </p>

    <p class='ocr_par' dir='ltr' id='par_1_7' title="bbox 70 2046 1521 2154">
     <span class='ocr_line' id='line_1_34' title="bbox 156 2046 1521 2098; baseline -0.001 -9"><span class='ocrx_word' id='word_1_244' title='bbox 156 2050 309 2092; x_wconf 74' lang='lat' dir='ltr'>‘Homo</span> <span class='ocrx_word' id='word_1_245' title='bbox 334 2049 552 2096; x_wconf 86' lang='lat' dir='ltr'>Thracus&#39;,</span> <span class='ocrx_word' id='word_1_246' title='bbox 584 2048 736 2098; x_wconf 88' lang='lat' dir='ltr'>inquit,</span> <span class='ocrx_word' id='word_1_247' title='bbox 768 2053 838 2089; x_wconf 77' lang='lat' dir='ltr'>‘ex</span> <span class='ocrx_word' id='word_1_248' title='bbox 859 2048 1002 2088; x_wconf 88' lang='lat' dir='ltr'>ultima</span> <span class='ocrx_word' id='word_1_249' title='bbox 1027 2047 1240 2096; x_wconf 87' lang='lat' dir='ltr'>barbaria,</span> <span class='ocrx_word' id='word_1_250' title='bbox 1272 2046 1380 2087; x_wconf 89' lang='lat' dir='ltr'>ruris</span> <span class='ocrx_word' id='word_1_251' title='bbox 1412 2058 1478 2087; x_wconf 91' lang='lat' dir='ltr'>co·</span> <span class='ocrx_word' id='word_1_252' title='bbox 1502 2059 1521 2095; x_wconf 87' lang='lat'>7</span> 
     </span>
     <span class='ocr_line' id='line_1_35' title="bbox 70 2103 1480 2154; baseline -0.002 -9"><span class='ocrx_word' id='word_1_253' title='bbox 70 2106 183 2146; x_wconf 90' lang='lat' dir='ltr'>lendi</span> <span class='ocrx_word' id='word_1_254' title='bbox 202 2105 402 2154; x_wconf 86' lang='lat' dir='ltr'>insolens,</span> <span class='ocrx_word' id='word_1_255' title='bbox 434 2117 528 2146; x_wconf 88' lang='lat' dir='ltr'>curn</span> <span class='ocrx_word' id='word_1_256' title='bbox 543 2106 583 2144; x_wconf 91' lang='lat' dir='ltr'>in</span> <span class='ocrx_word' id='word_1_257' title='bbox 599 2111 733 2145; x_wconf 88' lang='lat' dir='ltr'>terras</span> <span class='ocrx_word' id='word_1_258' title='bbox 753 2105 948 2146; x_wconf 90' lang='lat' dir='ltr'>cultiores</span> <span class='ocrx_word' id='word_1_259' title='bbox 968 2104 1222 2145; x_wconf 88' lang='lat' dir='ltr'>humanioris</span> <span class='ocrx_word' id='word_1_260' title='bbox 1239 2104 1348 2144; x_wconf 81' lang='lat' dir='ltr'>uitae</span> <span class='ocrx_word' id='word_1_261' title='bbox 1367 2103 1480 2153; x_wconf 87' lang='lat' dir='ltr'>cupi-</span> 
     </span>
    </p>

    <p class='ocr_par' dir='ltr' id='par_1_8' title="bbox 38 2159 1483 2324">
     <span class='ocr_line' id='line_1_36' title="bbox 38 2159 1471 2212; baseline -0.005 -6"><span class='ocrx_word' id='word_1_262' title='bbox 38 2201 44 2206; x_wconf 86' lang='lat'>.</span> <span class='ocrx_word' id='word_1_263' title='bbox 70 2161 168 2202; x_wconf 89' lang='lat' dir='ltr'>dine</span> <span class='ocrx_word' id='word_1_264' title='bbox 199 2162 521 2212; x_wconf 83' lang='lat' dir='ltr'>conmigrasset‚</span> <span class='ocrx_word' id='word_1_265' title='bbox 554 2162 725 2201; x_wconf 82' lang='lat' dir='ltr'>fundum</span> <span class='ocrx_word' id='word_1_266' title='bbox 753 2167 960 2202; x_wconf 88' lang='lat' dir='ltr'>mercatus</span> <span class='ocrx_word' id='word_1_267' title='bbox 987 2167 1070 2208; x_wconf 83' lang='lat' dir='ltr'>est,</span> <span class='ocrx_word' id='word_1_268' title='bbox 1103 2162 1197 2201; x_wconf 87' lang='lat' dir='ltr'>oleo</span> <span class='ocrx_word' id='word_1_269' title='bbox 1219 2166 1345 2210; x_wconf 89' lang='lat' dir='ltr'>atque</span> <span class='ocrx_word' id='word_1_270' title='bbox 1373 2159 1471 2199; x_wconf 91' lang='lat' dir='ltr'>uino</span> 
     </span>
     <span class='ocr_line' id='line_1_37' title="bbox 71 2217 1483 2269; baseline -0.002 -11"><span class='ocrx_word' id='word_1_271' title='bbox 71 2217 356 2259; x_wconf 86' lang='lat' dir='ltr'>constitutum.</span> <span class='ocrx_word' id='word_1_272' title='bbox 419 2218 494 2269; x_wconf 81' lang='lat' dir='ltr'>Qui</span> <span class='ocrx_word' id='word_1_273' title='bbox 515 2219 611 2258; x_wconf 87' lang='lat' dir='ltr'>nihil</span> <span class='ocrx_word' id='word_1_274' title='bbox 632 2219 857 2259; x_wconf 85' lang='lat' dir='ltr'>admodum</span> <span class='ocrx_word' id='word_1_275' title='bbox 887 2229 1014 2268; x_wconf 90' lang='lat' dir='ltr'>super</span> <span class='ocrx_word' id='word_1_276' title='bbox 1035 2218 1120 2257; x_wconf 91' lang='lat' dir='ltr'>uite</span> <span class='ocrx_word' id='word_1_277' title='bbox 1142 2223 1212 2257; x_wconf 85' lang='lat' dir='ltr'>aut</span> <span class='ocrx_word' id='word_1_278' title='bbox 1239 2217 1389 2256; x_wconf 84' lang='lat' dir='ltr'>arbore</span> <span class='ocrx_word' id='word_1_279' title='bbox 1416 2227 1483 2256; x_wconf 87' lang='lat' dir='ltr'>co-</span> 
     </span>
     <span class='ocr_line' id='line_1_38' title="bbox 73 2273 1482 2324; baseline -0.002 -10"><span class='ocrx_word' id='word_1_280' title='bbox 73 2275 198 2315; x_wconf 85' lang='lat' dir='ltr'>lenda</span> <span class='ocrx_word' id='word_1_281' title='bbox 214 2274 352 2323; x_wconf 86' lang='lat' dir='ltr'>sciret,</span> <span class='ocrx_word' id='word_1_282' title='bbox 364 2274 479 2315; x_wconf 87' lang='lat' dir='ltr'>uidet</span> <span class='ocrx_word' id='word_1_283' title='bbox 497 2277 603 2315; x_wconf 83' lang='lat' dir='ltr'>forte</span> <span class='ocrx_word' id='word_1_284' title='bbox 621 2275 802 2316; x_wconf 81' lang='lat' dir='ltr'>uicmum</span> <span class='ocrx_word' id='word_1_285' title='bbox 819 2275 947 2315; x_wconf 88' lang='lat' dir='ltr'>rubos</span> <span class='ocrx_word' id='word_1_286' title='bbox 965 2275 1046 2314; x_wconf 86' lang='lat' dir='ltr'>alte</span> <span class='ocrx_word' id='word_1_287' title='bbox 1070 2279 1194 2324; x_wconf 83' lang='lat' dir='ltr'>atque</span> <span class='ocrx_word' id='word_1_288' title='bbox 1210 2275 1291 2313; x_wconf 87' lang='lat' dir='ltr'>late</span> <span class='ocrx_word' id='word_1_289' title='bbox 1310 2273 1482 2313; x_wconf 88' lang='lat' dir='ltr'>obortas</span> 
     </span>
    </p>
   </div>
  </div>
 </body>
</html>
