1603 2508
674 61 713 100 1.
729 70 772 100 x.
789 71 850 100 x1.
1417 61 1471 103 51

737 174 789 214 X.

54 256 199 302 Quibus
221 257 348 293 uerbis
375 258 664 305 compellauerit
677 258 892 295 Fauorinus
917 257 1172 306 philosophus
1192 258 1476 297 adulescentem

411 325 525 351 casce
551 316 662 351 nimis
689 319 724 351 et
749 316 875 362 prisce
892 316 1125 363 loquentem.

138 402 275 443 Fauo
289 401 368 442 rin
381 414 439 443 us
470 402 751 454 philosophus
786 403 1067 450 adulescenti,
1100 408 1291 443 ueterum
1322 406 1472 446 uerbo·
1501 421 1515 454 l

51 471 144 500 rum
161 458 435 510 cupidissimo
455 465 497 500 et
510 461 739 511 plerasque
755 471 888 500 uoces
907 459 1027 500 nimis
1052 460 1214 510 priscas
1242 466 1282 500 et
1307 461 1472 512 ignotas

51 516 92 556 in
111 516 331 557 cotidianis
349 517 727 568 communibusque
758 517 1024 557 sermonibus
1052 518 1336 567 expromenti:
1372 523 1383 541 ²
1402 521 1476 559 Cu-

51 574 327 624 rius'‚inquit‚
346 578 406 614 ‘et
417 575 632 614 Fabricius
651 580 691 614 et
704 575 1003 622 Coruncanius,
1023 574 1300 625 antiquissimi
1323 576 1413 624 uiri,
1436 582 1477 616 et

51 631 115 672 his
133 631 391 682 antiquiores
403 632 564 673 Horatii
583 632 637 671 illi
654 632 860 683 trigemini
876 633 1000 682 plane
1022 643 1070 671 ac
1089 631 1269 671 dilucide
1282 644 1374 672 cum
1388 634 1474 673 suis

51 688 222 729 fabulati
245 693 343 729 sunt
362 700 500 739 neque
516 692 816 730 Auruncorum
835 695 905 729 aut
926 689 1175 729 Sicanorum
1193 694 1264 728 aut
1278 690 1473 740 Pelasgo-

50 758 155 795 rum,
175 746 245 797 qui
262 746 383 797 primi
401 746 584 787 coluisse
602 747 758 787 Italiam
778 747 984 795 dicuntur,
999 747 1074 786 sed
1093 746 1239 786 aetatis
1263 759 1365 787 suae
1385 759 1473 787 uer-

50 803 115 844 bis
131 803 261 844 locuti
278 810 390 844 sunt.
441 805 501 844 Tu
520 810 672 853 autem,
691 804 868 855 proinde
889 804 1008 854 quasi
1030 816 1122 844 cum
1141 809 1272 843 matre
1291 805 1512 846 Euandria

50 872 162 902 nunc
180 862 371 912 loquare,
390 873 588 902 sermone
607 862 755 901 abhinc
774 861 913 902 multis
933 862 1051 901 annis
1071 861 1151 900 iam
1173 861 1309 901 desito
1328 861 1472 909 uteris,

51 919 167 970 quod
203 919 314 959 scire
345 924 471 970 atque
516 919 758 970 intellegere
800 918 1006 958 neminem
1047 919 1133 965 uis,
1183 930 1290 968 quae
1343 919 1472 958 dicas.

49 977 212 1025 Nonne,
230 976 356 1018 homo
375 977 529 1027 inepte,
549 983 593 1016 ut
606 978 719 1027 quod
739 976 802 1016 uis
824 976 990 1016 abunde
1017 976 1307 1026 consequaris,
1328 982 1442 1015 taces
1457 978 1474 1020 f!

50 1033 137 1074 Sed
157 1033 443 1084 antiquitatem
462 1034 533 1074 tibi
549 1035 717 1084 placere
737 1034 811 1081 ais,
832 1034 947 1084 quod
967 1033 1146 1073 honesta
1164 1039 1206 1072 et
1223 1034 1334 1073 bona
1352 1038 1392 1072 et
1410 1044 1479 1072 so·
1495 1042 1518 1075 3

48 1090 141 1131 bria
158 1094 200 1130 et
215 1091 410 1133 modesta
429 1091 494 1130 sit.
556 1091 664 1131 Viue
683 1102 784 1140 ergo
803 1091 990 1131 moribus
1008 1090 1243 1140 praeteritis
1256 1123 1265 1137 ,
1300 1092 1473 1140 loquere
1495 1098 1518 1132 4

49 1147 192 1189 uerbis
209 1147 503 1199 praesentibus
522 1153 648 1198 atque
666 1148 719 1195 id,
741 1148 855 1198 quod
877 1159 900 1186 a
919 1148 960 1186 C.
985 1149 1011 1186 C
1024 1159 1047 1186 a
1060 1158 1081 1186 e
1096 1159 1234 1195 sare,
1269 1148 1474 1186 excellen-

47 1206 102 1246 tis
133 1204 287 1256 ingenii
320 1216 368 1245 ac
406 1205 653 1256 prudentiae
683 1206 798 1251 uiro,
832 1205 887 1244 in
922 1205 1086 1255 primo
1126 1204 1150 1243 d
1169 1216 1191 1244 e
1226 1203 1475 1253 analogia

49 1263 187 1303 libro
242 1262 444 1314 scriptum
493 1268 580 1311 est,
627 1262 734 1302 habe
769 1274 938 1312 semper
970 1262 1007 1301 in
1042 1261 1242 1301 memoria
1274 1267 1400 1311 atquc
1433 1261 1472 1299 in

49 1324 248 1372 pectore,
292 1326 338 1360 ut
374 1325 631 1371 tamquam
676 1321 991 1370 scopulum,
1041 1319 1114 1358 sic
1165 1318 1342 1368 fugias
1389 1318 1441 1357 in
1460 1341 1473 1346 -

0 1415 25 1427 „
50 1376 286 1418 auditum
317 1382 477 1428 atque
513 1378 761 1418 insolens
805 1377 1060 1416 uerhum'.

21 1578 34 1621 ᾗ,
52 1574 165 1621 Quod
179 1574 450 1622 Thucydides,
484 1576 644 1622 scriptor
662 1575 832 1617 inclitus,
865 1574 1192 1611 Lacedaemonios
1226 1575 1262 1609 in
1289 1575 1371 1611 acie
1398 1584 1471 1609 non

14 1638 25 1646 “
108 1633 211 1677 tuba,
223 1631 293 1669 sed
309 1632 408 1669 tibiis
425 1642 512 1668 esse
530 1644 621 1668 usos
642 1632 744 1675 dicit,
760 1634 950 1678 uerbaque
970 1633 1050 1667 eius
1069 1642 1184 1678 super
1203 1641 1247 1666 ea
1265 1642 1305 1667 re
1322 1631 1472 1678 posita3

109 1689 287 1738 quodque
313 1688 528 1726 Herodotus
546 1690 738 1737 Alyattem
767 1700 896 1736 regem
922 1689 1096 1725 fidicinas
1123 1689 1159 1723 in
1183 1689 1382 1734 procinctu
1405 1687 1474 1723 ha-

14 1786 18 1791 ,
107 1747 239 1783 buisse
269 1745 405 1791 tradit3
440 1751 550 1793 atque
584 1747 672 1783 inibi
706 1746 894 1793 quaedam
927 1750 1055 1782 notata
1081 1744 1127 1780 de
1156 1744 1317 1780 Gracchi
1344 1744 1472 1780 fistula

111 1804 364 1840 contionaria.

27 1943 30 1946 ‚
139 1893 304 1931 Auctor
335 1890 536 1931 historiae
570 1892 754 1931 Graecae
791 1891 1067 1942 grauissimus
1108 1891 1138 1928 T
1153 1892 1214 1930 hu
1229 1901 1249 1930 c
1261 1903 1287 1941 y
1299 1890 1346 1929 di
1360 1890 1385 1928 d
1398 1901 1419 1928 e
1431 1901 1474 1937 s,
1496 1898 1512 1932 1

53 1947 429 1996 Lacedaemonios,
443 1959 632 1990 summos
644 1949 883 1996 bellatores,
898 1960 980 1988 non
1002 1959 1205 1988 cornuum
1222 1947 1473 1987 tubarumue

51 2003 199 2056 signis,
218 2004 295 2045 sed
313 2004 506 2045 tibiarum
524 2006 704 2046 modulis
724 2006 762 2045 in
781 2005 952 2056 proeliis
966 2016 1061 2044 esse
1080 2016 1198 2052 usos,
1218 2005 1366 2043 refert:
1387 2014 1472 2044 non

52 2073 230 2113 prorsus
249 2073 302 2101 ex
318 2061 459 2112 aliquo
487 2061 568 2102 ritu
595 2063 840 2113 religionum
867 2073 1003 2111 neque
1037 2061 1097 2100 rei
1130 2059 1294 2101 diuinae
1327 2059 1471 2110 gratia,

54 2129 193 2170 neque
210 2122 349 2158 autem
367 2124 413 2159 ut
430 2118 713 2159 excitarentur
730 2124 856 2169 atque
875 2118 1164 2158 euibrarentur
1179 2117 1324 2165 animi,
1358 2117 1472 2167 quod

30 2185 214 2216 ⁴acornua
231 2179 273 2214 et
290 2174 379 2214 litui
396 2176 636 2225 moliuntur,
657 2177 733 2217 sed
752 2182 919 2223 contra,
939 2180 984 2215 ut
1002 2174 1308 2215 moderatiores
1327 2174 1472 2215 modu-

32 2229 313 2282 ',Iatioresque
331 2231 502 2281 fierent,
523 2234 638 2283 quod
653 2233 832 2273 tibicinis
851 2231 1034 2272 numeris
1052 2236 1323 2283 temperatur.
1372 2229 1475 2270 Nihil
1493 2236 1514 2269 2

50 2287 164 2330 ,adeo
178 2287 220 2328 in
238 2288 561 2338 congrediendis
578 2291 770 2331 hostibus
790 2295 914 2339 atque
931 2288 970 2328 in
989 2288 1202 2339 principiis
1216 2287 1469 2338 proeliorum

1188 2344 1215 2384 4
1227 2345 1247 2366 *

42 2423 60 2447 ,ἶ

40 2457 48 2470 ,
110 2456 117 2463 ,

38 2470 105 2508 ria-1

86 2500 89 2508 Δ
