1619 2476
95 16 151 57 20
628 17 678 56 X.
709 28 940 56 xvl111.xx.

96 122 380 168 ἁλίσκοιο·
432 122 612 180 ω’σπερ
651 123 775 193 γὰρ,
827 129 878 168 εἴ
916 142 1003 177 τις
1040 124 1202 181 ἑάλω,
1234 123 1301 169 σὺ
1328 129 1502 168 ταῦτα

96 178 198 224 οὐκ
229 177 294 223 dv
318 182 586 249 ἔγραψας,
616 179 813 235 οὕτως,
845 179 938 224 ἐὰν
965 179 1030 225 συ
1054 197 1162 225 νυν
1184 184 1350 237 δίκην
1371 183 1501 240 δῷς,

57 236 264 287 46ίλλος
306 234 373 279 οὐ
404 236 647 291 γράψει’.
709 239 778 280 Sic
801 241 1000 281 Taurus
1032 240 1145 282 omni
1166 241 1408 282 suasionum
1433 241 1503 280 ad·

96 296 454 345 monitionumque
469 308 624 346 genere
641 302 762 336 utens
786 302 1018 338 sectatores
1041 308 1144 338 suos
1169 298 1224 338 ad
1242 296 1414 338 rationis
1429 297 1502 337 bo-

95 363 173 392 nae
195 352 515 403 inculpataeque
541 353 692 395 indolis
718 353 908 394 ducebat.

757 455 846 496 XX.

96 537 195 582 Quid
217 539 265 575 sit
292 539 459 586 rogatio,
487 538 577 584 quid
595 539 674 581 lex,
705 537 797 584 quid
819 538 1096 584 plebisscitum‚
1124 536 1213 585 quid
1238 537 1502 585 priuilegium

451 598 486 630 et
509 598 687 641 quantum
708 595 778 630 ista
805 595 933 631 omnia
954 593 1142 630 differant.

62 676 76 708 1
182 667 328 716 Quaeri
351 668 492 716 audio,
527 667 625 717 quid
653 669 766 707 ‘lex’
790 667 862 715 sit,
901 667 999 717 quid
1023 665 1370 717 ‘plebisscitum’‚
1407 665 1504 716 quid

56 732 78 766 2
97 726 108 744 ‘
123 723 325 772 rogatio',
366 724 464 773 quid
502 723 822 773 ‘priuilegium’.
891 723 1078 763 Ateius
1116 722 1314 772 Capito,
1351 722 1504 772 publici

97 778 329 828 priuatique
351 779 450 820 iuris
474 779 772 830 peritissimus,
809 779 1041 829 quidt‘lex'
1064 783 1197 828 esset,
1229 777 1344 818 hisce
1363 779 1503 819 uerbis

98 834 301 874 definiuit:
363 837 485 884 Lex,
519 836 669 886 inquit,
714 841 792 876 est
821 837 1069 886 generale
1097 835 1297 875 iussum
1326 834 1506 885 populi

58 895 181 934 aaut
212 891 406 940 plebis,
439 897 653 942 rogante
674 892 1002 941 magistratu.
1028 893 1087 931 Ea
1109 890 1293 931 definitio
1316 890 1351 930 si
1372 892 1505 940 probe

97 948 203 986 sacta
227 953 311 996 est,
335 959 472 998 neque
496 949 547 988 de
569 948 740 999 imperio
767 950 837 988 Cn.
861 948 1033 999 Pompei
1056 958 1194 997 neque
1218 948 1270 987 de
1289 947 1425 987 reditu
1449 949 1503 987 M.

99 1003 309 1044 Ciceronis
342 1015 479 1054 neque
511 1006 563 1044 de
595 1005 723 1044 caede
751 1006 794 1044 P.
827 1004 943 1046 Clodi
975 1003 1164 1054 quaestio
1193 1014 1332 1054 neque
1358 1003 1436 1043 alia
1463 1004 1505 1042 id

57 1067 228 1107 4gcnus
260 1061 405 1110 populi
435 1061 624 1111 plebisue
660 1061 775 1101 iussa
806 1062 971 1111 ‘leges'
996 1059 1140 1102 uocari
1160 1064 1353 1111 possunt.
1413 1061 1504 1100 Non

97 1121 193 1154 sunt
225 1116 333 1155 enim
369 1117 577 1167 generalia
608 1117 725 1157 iussa
749 1128 885 1167 neque
906 1118 958 1157 de
978 1116 1184 1157 uniuersis
1206 1114 1387 1165 ciuibus,
1428 1116 1505 1156 sed

97 1171 148 1210 de
180 1171 352 1222 singulis
388 1179 612 1224 concepta3
655 1173 853 1223 quocirca
889 1177 901 1196 ‘
914 1172 1154 1224 priuilegia’
1184 1172 1324 1223 potius
1361 1171 1505 1213 uocari

97 1201 270 1276 d.0,ebent
308 1229 404 1279 quia
419 1236 586 1270 ueteres
619 1229 787 1280 ‘priua’
817 1230 1028 1277 dixerunt,
1069 1240 1175 1279 quae
1194 1240 1273 1268 nos
1296 1228 1501 1279 ‘singula'

97 1282 284 1324 dicimus.
317 1286 404 1335 Quo
428 1286 558 1326 ueibo
580 1285 812 1326 Lucilius
835 1286 875 1325 in
898 1285 1060 1335 primo
1093 1284 1377 1353 satirarum
1399 1284 1501 1323 libro

95 1350 196 1379 usus
219 1346 303 1380 est:

996 1395 1282 1437 Abdomina
1312 1396 1503 1447 thynni

235 1452 701 1502 A[d]uenientibus
743 1453 893 1504 priua
939 1452 1068 1492 dabo
1115 1453 1504 1504 cephalaeaque

928 1520 1166 1549 acarnae.

58 1598 80 1631 5
182 1584 394 1624 ePlebem'
421 1590 559 1625 autem
587 1585 760 1635 Capito
794 1585 834 1625 in
862 1586 1006 1625 eadem
1042 1584 1281 1625 definitione
1310 1597 1502 1628 seorsum

97 1651 121 1678 a
150 1642 305 1690 populo
330 1640 488 1689 diuisit,
528 1642 723 1691 quoniam
757 1642 796 1681 in
832 1643 989 1692 populo
1028 1641 1161 1682 omnis
1197 1651 1295 1690 pars
1327 1641 1502 1684 ciuitatis

97 1707 330 1747 omnesque
358 1697 447 1738 eius
471 1698 640 1739 ordines
663 1698 970 1746 contineantur,
998 1698 1176 1748 ‘plebes'
1198 1708 1300 1738 uero
1323 1709 1373 1738 ea
1395 1699 1502 1739 dica-

55 1766 76 1800 5
96 1758 180 1800 tur,
209 1752 250 1792 in
273 1765 355 1803 qua
382 1758 530 1804 gentes
557 1754 707 1795 ciuium
729 1754 928 1805 patriciae
950 1766 1034 1795 non
1055 1753 1208 1794 insunt.
1270 1754 1502 1796 ‘Plebissci-

93 1811 202 1847 tum'
228 1808 350 1859 igitur
381 1814 463 1858 est,
496 1812 726 1851 secundum
760 1823 852 1850 eum
885 1810 1215 1862 Capitonem,
1259 1810 1348 1859 lex,
1379 1823 1503 1861 quam

94 1865 261 1914 plebes,
284 1878 367 1907 non
390 1868 593 1916 populus,
616 1867 776 1931 accipit.

57 1932 75 1967 7
182 1921 266 1961 Sed
285 1923 412 1963 totius
434 1923 555 1963 huius
578 1923 637 1963 rei
658 1923 857 1973 iurisque,
875 1923 965 1964 siue
983 1934 1075 1963 cum
1097 1923 1276 1973 populus
1299 1923 1388 1964 siue
1409 1936 1502 1965 cum

94 1977 241 2038 plebes
281 1983 453 2042 rogatul
492 1979 583 2020 siue
625 1981 739 2043 quod
781 1981 838 2019 ad
879 1979 1100 2020 uniuersos
1140 1978 1340 2042 pertinet,
1379 1987 1504 2046 caput

59 2046 82 2080 8
97 2031 234 2081 ipsum
258 2039 299 2074 et
319 2035 435 2085 origo
459 2040 500 2074 et
524 2036 644 2084 quasi
666 2038 782 2078 frons
805 2035 1000 2085 ‘rogatio'
1025 2040 1101 2076 est.
1130 2036 1214 2075 Ista
1234 2035 1342 2076 enim
1365 2037 1504 2078 omnia

96 2090 303 2130 uocabula
335 2097 560 2131 censentur
593 2092 940 2141 continenturque
973 2090 1250 2142 rogationis'
1286 2092 1502 2144 principali

94 2154 247 2191 genere
270 2151 311 2186 et
331 2147 515 2187 nomine:
550 2159 664 2196 nam,
697 2148 737 2187 ni
762 2149 943 2198 populus
966 2153 1036 2187 aut
1055 2148 1174 2198 plebs
1195 2153 1386 2199 rogetur,
1415 2151 1500 2190 nul-

95 2199 177 2238 lum
198 2201 330 2250 plebis
354 2209 423 2243 aut
443 2203 585 2253 populi
606 2206 766 2244 iussum
794 2203 882 2242 fieri
905 2209 1057 2253 potest.
