1619 2476
132 32 188 73 10
728 36 777 74 Χ.
806 47 846 74 x.
875 46 932 75 xr.

811 147 861 187 X.

127 239 236 283 Quae
262 239 340 275 eius
361 239 415 275 rei
437 250 552 276 eausa
576 241 642 285 sit,
676 241 777 288 quod
797 246 833 277 et
861 242 993 280 Graeci
1021 247 1169 280 ueteres
1193 247 1229 279 et
1248 241 1408 280 Romani
1439 253 1530 278 anu-

186 296 262 330 lum
293 294 365 331 hoc
389 295 505 342 digito
534 298 786 343 gestauerint,
818 300 878 345 qui
905 303 961 335 est
990 301 1028 336 in
1048 311 1162 335 manu
1191 299 1527 342 sinistrassminimo

187 362 395 397 proximus.

92 444 108 475 1
210 439 388 478 Veteres
419 439 602 479 Graecos
632 442 799 480 anulum
834 442 1030 483 habuisse
1053 442 1093 481 in
1126 441 1252 492 digito
1284 442 1524 493 accepimus

129 494 320 535 sinistrae
336 506 495 542 manus,
528 496 596 545 qui
621 496 787 537 minimo
809 503 874 537 est
893 498 1123 548 proximus.
1184 499 1398 539 Romanos
1424 509 1526 548 quo-

84 554 110 587 2
129 563 208 600 que
237 551 425 591 homines
448 552 560 591 aiunt
588 552 648 591 sie
670 554 916 604 plerumque
938 555 1070 594 anulis
1096 554 1287 595 usitatos.
1350 555 1527 594 Causam

128 618 224 647 esse
246 607 367 647 huius
390 607 447 646 rei
468 608 642 658 Apion
666 609 704 648 in
726 609 880 649 libris
902 610 1259 662 Aegyptiacis
1281 611 1388 650 hanc
1413 609 1524 657 dicit,

128 664 242 713 quod
262 663 431 703 inseetis
449 665 687 714 apertisque
710 666 898 706 humanis
922 667 1182 717 corporibus,
1208 672 1254 706 ut
1272 678 1362 707 mos
1381 667 1422 706 in
1441 667 1524 705 Ae-

125 725 255 770 gypto
277 720 361 767 fuit,
387 732 490 769 quas
509 721 654 760 Graeci
675 715 945 774 ‘wambanis’
969 724 1192 773 appellant,
1211 728 1422 772 repertum
1444 726 1523 768 est,

126 788 298 815 neruum
330 776 535 825 quendam
565 777 853 818 tenuissimum
884 779 934 818 ab
968 791 1018 819 eo
1050 790 1132 819 uno
1165 779 1312 828 digito,
1355 779 1407 818 de
1438 789 1522 827 quo

126 832 322 880 diximus,
354 832 406 871 ad
432 844 505 871 eor
532 833 708 873 hominis
735 846 909 884 pergere
940 846 988 874 ac
1016 835 1236 885 peruenire
1247 848 1257 882 ;
1297 839 1526 885 propterea

125 900 208 928 non
237 888 427 928 inscitum
458 888 593 928 uisum
615 900 731 938 esse,
765 901 858 930 eum
880 891 1143 941 potissimum
1165 890 1336 940 digitum
1357 890 1428 933 tali
1452 890 1525 928 ho-

122 956 226 985 nore
247 945 540 992 deeorandum‚
564 945 632 994 qui
658 946 874 987 continens
898 952 938 986 et
959 947 1078 997 quasi
1099 958 1286 988 conexus
1310 958 1407 987 esse
1429 956 1525 985 cum

122 1000 355 1050 principatu
377 1001 514 1040 cordis
532 1000 758 1041 uideretur.

786 1114 856 1154 XI.

122 1203 290 1241 Verbum
319 1210 462 1242 mature
485 1207 575 1254 quid
606 1208 792 1255 significet
819 1220 990 1255 quaeque
1019 1210 1126 1245 uocis
1147 1209 1229 1245 eius
1258 1210 1353 1245 ratio
1386 1209 1454 1252 sit;
1486 1212 1523 1244 et

181 1260 282 1306 quod
305 1273 349 1297 eo
376 1264 490 1299 uerbo
514 1265 649 1310 uolgus
672 1265 864 1300 hominum
886 1265 1078 1311 inproprie
1108 1269 1253 1309 utatur;
1284 1269 1394 1311 atque
1415 1264 1520 1309 inibi,

180 1316 281 1362 quod
303 1328 471 1363 praecox
493 1319 720 1355 declinatum
751 1321 949 1367 praecocis
971 1321 1103 1364 saciat,
1130 1331 1206 1356 non
1232 1320 1475 1367 praecoquis.

81 1426 99 1458 1
205 1416 396 1456 ‘Mature’
420 1428 528 1457 nunc
551 1417 754 1467 signifieat
776 1422 989 1468 ‘propere'
1017 1424 1058 1458 et
1080 1419 1195 1459 ‘cito’
1218 1424 1364 1459 eontra
1383 1419 1517 1470 ipsius

120 1471 237 1510 uerbi
267 1473 533 1513 sententiam:
573 1474 681 1514 aliud
716 1475 824 1514 enim
861 1480 926 1514 est
946 1478 958 1497 ³
972 1479 1168 1523 mature’‚
1207 1487 1330 1526 quam
1354 1475 1516 1515 dieitur.

81 1536 106 1569 2
122 1528 348 1577 Propterea
369 1529 412 1568 P.
434 1530 698 1578 Nigidius,
722 1531 846 1570 homo
878 1531 917 1570 in
940 1531 1121 1571 omnium
1144 1532 1348 1572 bonarum
1369 1530 1516 1571 artium

120 1583 345 1633 disciplinis
368 1586 581 1636 egregius:
609 1590 620 1608 <
634 1599 672 1625 m
686 1590 870 1635 ature’‚
893 1586 1035 1636 inquit,
1055 1593 1155 1636 est,
1180 1601 1244 1638 qu
1258 1599 1282 1628 ο
1295 1588 1321 1627 d
1342 1598 1402 1626 ne
1415 1599 1439 1636 q
1452 1598 1479 1626 u
1493 1598 1517 1626 e

120 1639 276 1680 eitius
304 1646 384 1680 est
405 1653 574 1692 neque
601 1643 797 1691 serius,
829 1643 921 1683 sed
946 1643 1169 1683 medium
1192 1643 1444 1694 quiddam
1466 1648 1516 1682 et

117 1701 463 1745 temperatum
493 1704 586 1738 est.

78 1779 108 1813 .3
204 1773 318 1812 Bene
346 1778 471 1822 atque
492 1774 661 1824 proprie
680 1775 723 1813 P.
745 1775 998 1824 Nigidius.
1059 1776 1160 1814 Nam
1191 1780 1232 1814 et
1261 1775 1300 1814 in
1325 1776 1513 1832 frugibus

120 1833 161 1867 et
182 1828 221 1866 in
241 1828 377 1879 pomis
395 1832 586 1869 ‘matura’
611 1830 814 1879 dicuntur,
848 1842 954 1881 quae
980 1841 1116 1880 neque
1141 1831 1269 1871 cruda
1299 1836 1340 1871 et
1359 1830 1515 1873 inmitia

119 1889 216 1923 sunt
236 1896 373 1934 neque
394 1886 552 1925 caduca
572 1891 612 1925 et
636 1887 822 1934 decocta,
855 1887 931 1927 sed
953 1891 1141 1936 tempore
1160 1899 1237 1927 suo
1269 1888 1410 1928 adulta
1431 1901 1513 1929 ma-

77 1944 350 1990 4turataque.
412 1942 610 1990 Quoniam
641 1947 778 1982 autem
810 1943 872 1991 id,
911 1943 1024 1992 quod
1054 1954 1137 1983 non
1163 1943 1346 1992 segniter
1374 1945 1512 1993 fiebat,

120 1999 328 2035 ‘mature'
361 1997 450 2035 fieri
473 1998 703 2046 dicebatur,
739 2009 967 2049 progressa
993 1999 1214 2048 plurimum
1243 1999 1361 2040 uerbi
1390 2001 1514 2051 signi-

119 2051 331 2099 ficatione,
375 2064 458 2093 non
493 2053 592 2101 iam,
638 2055 750 2103 quod
792 2066 875 2095 non
912 2054 1101 2104 segnius,
1143 2056 1219 2095 sed
1254 2057 1369 2106 quod
1403 2057 1514 2098 festi-

119 2107 283 2147 nantius
317 2109 382 2156 fit,
427 2108 468 2148 id
512 2110 602 2149 fieri
632 2114 837 2150 ‘mature'
871 2109 1039 2158 dicitur,
1087 2112 1253 2160 quando
1289 2123 1360 2164 ea,
1405 2124 1513 2163 quae

117 2169 283 2256 pfaetgr
300 2164 363 2203 sui
380 2165 579 2215 temporis
597 2167 765 2206 modum
787 2171 1011 2217 properata
1028 2171 1145 2215 sunt,
1173 2167 1426 2208 ‘inmatura’
1443 2181 1513 2209 ue·

119 2229 204 2257 rius
258 2219 428 2259 icantur.

1552 2410 1587 2476 En.
