1603 2508
650 59 702 97 V.
730 68 809 97 1111.
831 69 872 97 v.
1386 55 1467 98 163

723 172 809 211 1111.

56 255 108 293 De
126 257 242 293 uerbo
262 255 337 293 duo
349 260 385 293 ct
403 256 600 301 uicesimo,
622 255 848 304 quoduulgo
867 256 1101 303 incognitum
1114 260 1183 301 est,
1203 266 1224 291 a
1243 256 1333 291 uiris
1347 254 1467 290 doctis

398 313 640 350 multifariam
665 314 704 349 in
726 313 830 348 libris
851 314 1030 360 scriptum
1051 318 1121 349 est.

140 398 267 449 Apud
294 397 497 448 Sigillaria
519 399 625 438 forte
647 397 688 437 in
720 397 884 437 libraria
919 409 997 447 ego
1024 404 1064 437 et
1087 397 1255 437 Iulius
1282 397 1474 437 Paulus
1492 401 1511 435 l

54 460 194 504 poeta,
213 454 277 494 uir
295 454 496 495 memoria
511 459 657 495 nostra
675 454 966 502 doctissimus,
987 454 1324 501 consideramus;
1344 459 1470 503 atque

54 510 110 550 ibi
127 511 308 562 expositi
325 516 443 551 erant
459 510 606 551 Fabii
630 522 688 550 an
700 513 816 551 nale
828 524 848 552 s
860 542 869 560 ‚
897 512 1033 551 bonae
1051 515 1176 561 atque
1193 511 1381 559 sincerae
1400 521 1470 549 ue-

55 568 221 608 tustatis
246 567 356 616 libri,
391 579 498 618 quos
523 567 718 609 uenditor
742 568 830 609 sine
855 567 1018 608 mendis
1045 579 1141 608 esse
1174 567 1469 608 contendebat.

0 624 3 626 ’
58 624 356 665 Grammaticus
389 630 528 664 autem
561 624 768 675 quispiam
792 626 845 664 de
870 624 1165 673 nobilioribus,
1201 625 1252 664 ab
1281 629 1507 674 emptore-,2

57 681 110 721 ad
129 682 385 732 spectandos
403 681 532 722 libros
550 681 1023 732 adhibitus,repperisse
1039 693 1168 721 unum
1185 681 1224 721 in
1239 681 1343 721 libro
1357 692 1468 719 men-

57 739 154 777 dum
173 738 337 778 dicebat
346 752 356 786 ;
376 739 453 778 sed
471 744 618 779 contra
634 738 825 778 librarius
843 739 882 778 in
905 738 1086 788 quoduis
1104 739 1255 788 pignus
1274 738 1467 786 uocabat,

57 795 145 834 siin
161 806 244 835 una
261 795 422 845 uspiam
439 794 558 835 litera
576 795 768 835 delictum
787 800 913 835 esset.
961 795 1219 835 Ostendebat
1234 794 1467 845 grammati·
1483 800 1505 834 3

59 863 131 892 cus
149 851 205 891 ita
221 852 423 903 scriptum
438 852 486 891 in
511 852 642 892 libro
663 857 866 902 quarto:
889 853 1025 902 Quap
1039 858 1217 902 ropter
1242 857 1342 891 tum
1367 863 1392 901 p
1406 850 1470 889 ri-

55 920 180 949 mum
206 920 264 949 ex
289 909 441 960 plebe
467 910 602 948 alter
626 911 808 949 consul
834 910 1006 948 factus
1032 914 1129 957 est,
1149 910 1238 949 duo
1264 914 1311 948 et
1334 908 1470 947 uice-

57 965 182 1006 simo
201 977 352 1014 anno,
370 970 647 1016 postquam
663 967 869 1006 Romam
889 965 1025 1005 Galli
1044 971 1309 1015 ceperunt.
1329 965 1467 1012 ‘Non',
1485 970 1508 1003 4

56 1022 200 1072 inquit,
221 1026 232 1044 ³
246 1023 342 1062 duo
370 1027 418 1061 et
440 1021 708 1070 uicesimo,
728 1023 804 1062 sed
818 1022 1196 1062 <duodeuicesim0’
1212 1021 1469 1071 scribiopor-

57 1078 146 1118 tuit.
195 1078 299 1128 Quid
327 1078 435 1117 enim
460 1083 525 1117 est
559 1079 654 1118 duo
691 1085 740 1118 et
770 1079 1053 1118 uicesimo?
1103 1083 1204 1127 [....
1225 1080 1361 1117 Varro
1389 1084 1505 1117 ....5

57 1135 161 1175 libro
172 1135 280 1175 XVI.
293 1135 567 1174 humanarum
579 1136 661 1175 duo
683 1140 723 1174 et
744 1135 961 1184 uicesimo]
976 1135 1041 1174 hic
1059 1135 1114 1173 ita
1132 1135 1319 1185 scripsit:
1340 1135 1470 1173 Mor-

56 1197 175 1232 tuus
195 1196 273 1232 est
291 1202 421 1232 anno
441 1191 540 1231 duo
561 1197 607 1231 et
624 1191 896 1239 uicesin103
922 1203 1012 1231 rex
1037 1192 1136 1231 fuit
1160 1202 1324 1231 annos
1346 1190 1468 1230 XXI.

61 1338 277 1376 Cuiusmodi
298 1341 382 1376 ioco
400 1341 638 1377 incauillatus
657 1340 939 1377 sitAntiochum
956 1352 1087 1388 regem
1104 1342 1253 1377 Poenus
1265 1342 1465 1379 Hannibal.

138 1417 190 1455 In
217 1415 366 1456 libris
392 1422 626 1457 ueterum
655 1418 1017 1458 memoriarum
1043 1418 1345 1468 scriptumest,
1364 1420 1471 1459 Han·
1492 1427 1511 1460 l

59 1472 238 1512 nibalem
257 1473 635 1523 Carthaginiensem
661 1475 773 1524 apud
789 1486 932 1525 regem
947 1474 1202 1515 Antiochum
1218 1476 1469 1516 facetissime

61 1529 297 1568 cauillatum
321 1541 430 1570 esse.
462 1531 522 1569 Ea
549 1530 755 1571 cauillatio
776 1531 1067 1572 huiuscemodi
1084 1532 1179 1571 fuit:
1215 1533 1470 1572 Ostendebat
1485 1539 1507 1572 2

61 1585 98 1624 ei
113 1585 347 1626 Antiochus
364 1586 404 1625 in
424 1588 738 1637 campocopias
762 1587 961 1637 ingentis,
995 1600 1098 1638 quas
1121 1589 1275 1628 bellum
1306 1590 1465 1639 populo

59 1643 249 1682 Romano
277 1643 460 1683 facturus
486 1650 821 1694 comparauerat,
856 1645 1211 1694 conuertebatque
1239 1646 1466 1684 exercitum

58 1697 291 1748 insignibus
311 1699 518 1749 argenteis
531 1705 571 1740 et
588 1701 724 1741 aureis
744 1701 963 1740 florentem
974 1715 983 1749 ;
1001 1702 1225 1740 inducebat
1236 1701 1358 1741 etiam
1376 1713 1464 1741 cur·
1480 1706 1504 1741 3

61 1766 132 1794 rus
145 1765 239 1795 cum
257 1756 430 1796 falcibus
447 1761 488 1795 et
500 1758 745 1807 elephantos
759 1769 851 1796 cum
867 1757 1050 1798 turribus
1062 1757 1375 1807 equitatumque
1389 1759 1466 1797 fre—

61 1811 145 1860 nis,
164 1812 390 1862 ephippiis,
410 1813 653 1861 monilibus,
673 1814 852 1864 phaleris
874 1816 1218 1864 praefulgentem.
1259 1816 1400 1864 Atque
1417 1814 1471 1853 ibi
1486 1820 1509 1854 4

60 1878 156 1917 rex,
181 1868 531 1919 contemplatione
555 1870 722 1910 tantiae
745 1876 828 1910 tam
850 1871 983 1910 ornati
1005 1870 1213 1910 exercitus
1233 1871 1468 1920 gloriabun-

63 1924 439 1973 dus‚Hannibalem
459 1926 606 1976 aspicit
622 1932 682 1967 et:
707 1930 718 1949 ²
730 1930 947 1976 putasne',
966 1927 1110 1977 inquit,
1123 1927 1320 1967 ‘conferri
1337 1938 1468 1978 posse

62 1991 111 2020 ac
127 1981 227 2021 satis
240 1993 335 2022 esse
345 1982 720 2030 (credo)Romanis
738 1984 840 2022 haec
860 1984 1046 2023 omnia?'
1074 1985 1176 2023 Tum
1186 1984 1367 2031 Poenus,
1387 1985 1469 2023 elu-
1485 1990 1505 2023 5

2 2064 5 2066 -
63 2037 167 2077 dens
185 2037 392 2088 ignauiam
406 2038 698 2090 inbelliamque
711 2039 882 2079 militum
894 2040 981 2080 eius
994 2040 1179 2090 pretiose
1190 2045 1442 2080 armatorum
1457 2053 1464 2079 :

62 2093 204 2142 ‘Satis
217 2095 339 2145 plane
352 2095 452 2135 satis
467 2106 562 2136 esse
576 2097 702 2136 credo
712 2095 909 2136 Romanis
923 2097 1026 2136 haec
1040 2096 1189 2144 omnia,
1203 2096 1466 2136 etiamsiaua-

61 2149 213 2190 rissimi
223 2154 349 2191 sunt.³
368 2151 471 2191 Nihil
480 2164 675 2201 prorsum
690 2164 826 2202 neque
836 2158 918 2191 tam
930 2153 1066 2203 lepide
1075 2164 1212 2202 neque
1221 2157 1304 2192 tam
1315 2153 1465 2192 acerbe
1483 2159 1504 2193 6

63 2205 144 2245 dici
160 2212 320 2257 potest:
343 2219 419 2248 rex
437 2208 488 2246 de
506 2220 677 2249 numero
698 2209 905 2248 exercitus
924 2210 988 2249 sui
1000 2221 1048 2248 ac
1066 2209 1117 2248 de
1133 2209 1392 2249 aestimanda
1405 2220 1469 2248 ae*
1488 2214 1508 2250 ⁵!

0 2306 21 2333 ξ

66 2261 351 2312 quiperatione
371 2265 656 2314 quaesiuerat,
681 2265 899 2315 respondit
916 2266 1118 2305 Hannibal
1137 2266 1188 2304 de
1203 2267 1373 2315 praeda.

0 2337 63 2508 ἱ
642 2379 645 2382 ¹
1105 2320 1189 2362 11*
