1603 2508
652 70 700 109 ΙΙ.
732 81 794 108 111.
826 81 906 108 1111.
1427 67 1481 111 77

121 185 452 226 Vestibulum
496 187 616 223 ante
663 182 832 233 ipsum
881 183 1152 234 primoque
1200 183 1254 222 in
1307 183 1481 223 limine

985 240 1214 291 Pyrrhus

123 309 486 357 Exultat,telis
519 313 576 348 et
607 309 721 348 luce
755 319 1008 348 coruscus
1042 319 1195 356 aena,

65 391 252 432 additam
270 402 400 442 supra
415 390 596 431 uidimus
617 390 644 429 h
661 389 822 429 literam
841 394 882 428 et
905 392 917 411 ς
931 389 1087 428 ahena'
1116 389 1282 428 factum.
1347 388 1415 428 Sic
1447 388 1487 428 in
1505 393 1526 428 6

63 448 134 489 illo
167 459 338 499 quoque
377 446 579 497 Vergili
613 457 740 486 uersu
770 446 810 485 in
844 445 1010 496 optimis
1042 445 1156 485 libris
1191 445 1392 496 scriptum
1424 445 1482 485 in-

65 516 277 546 uenimus:

121 586 221 625 Aut
251 583 395 624 soliis
433 583 616 622 undam
646 581 838 632 trepidi
870 583 1142 632 despumat
1173 583 1339 624 aheni.

732 696 814 735 1111.

63 778 187 823 Quam
221 779 268 813 ob
307 787 462 813 causam
494 776 634 813 Gauius
664 776 809 812 Bassus
843 788 963 824 genus
997 778 1189 825 quoddam
1225 779 1354 816 iudicii
1389 780 1484 818 diui-

120 835 314 871 nationem
346 834 530 881 appellari
563 834 759 881 scripserit
791 838 825 869 et
855 845 967 881 quam
1000 837 1061 872 alii
1090 847 1246 872 causam
1273 849 1359 873 esse
1384 839 1484 876 eius-

122 892 210 929 dem
233 891 409 928 uocabuli
434 891 609 927 dixerint.

153 977 254 1017 Cum
277 977 329 1017 de
354 977 650 1018 constituendo
676 982 924 1017 accusatore
960 977 1172 1027 quaeritur
1200 978 1482 1030 iudiciumque
1503 986 1521 1020 1

65 1045 195 1085 super
225 1045 275 1074 ea
310 1046 355 1074 re
391 1035 603 1082 redditur,
644 1034 807 1073 cuinam
834 1034 1097 1084 potissimum
1124 1046 1175 1074 ex
1205 1036 1370 1076 duobus
1394 1038 1482 1087 plu-

65 1092 238 1132 ribusue
281 1091 496 1131 accusatio
535 1091 845 1141 subscriptione
879 1091 918 1130 in
958 1103 1073 1130 reum
1111 1092 1392 1142 permittatur,
1434 1105 1483 1133 ea

65 1160 135 1189 res
171 1152 298 1197 atque
327 1148 511 1188 iudicum
543 1147 724 1198 cognitio
751 1147 993 1187 ‘diuinatio'
1019 1150 1265 1199 appellatur.
1329 1150 1375 1188 Id
1414 1163 1487 1191 uo·
1505 1156 1526 1189 2

67 1205 260 1245 cabulum
286 1216 409 1255 quam
434 1205 487 1244 ob
512 1216 682 1244 causam
709 1204 764 1244 ita
788 1205 941 1244 factum
965 1204 1037 1253 sit,
1067 1206 1210 1255 quaeri
1237 1208 1358 1246 solet.

155 1261 352 1302 Gauius
392 1263 594 1302 Bassus
618 1261 671 1301 in
711 1262 875 1301 tertio
924 1262 1213 1311 librorum,
1267 1275 1374 1313 quos
1420 1265 1522 1304 de3

68 1318 282 1369 origine
306 1319 688 1359 uocabulorum
712 1318 969 1369 composuit:
1013 1319 1308 1369 diuinatio,
1336 1320 1480 1371 inquit,

65 1375 323 1417 iudicium
381 1377 717 1427 appellatur,
779 1376 1027 1425 quoniam
1082 1376 1292 1416 diuinet
1346 1390 1449 1428 quo
1469 1402 1482 1407 -

68 1433 344 1474 dammodo
367 1432 527 1472 iudex
551 1438 788 1482 oportet,
833 1445 984 1482 quam
1017 1434 1339 1474 sententiam
1364 1446 1483 1475 sese

68 1491 211 1531 ferre
251 1501 342 1540 par
379 1490 461 1530 sit.
523 1489 648 1529 Nimis
677 1490 844 1540 quidem
868 1490 994 1530 estin
1016 1490 1157 1530 uerbis
1184 1491 1310 1531 Gaui
1332 1493 1524 1534 Bassi4

67 1546 172 1588 ratio
190 1546 422 1598 inperfecta
444 1548 511 1587 uel
530 1546 661 1596 magis
685 1548 808 1597 inops
827 1552 867 1586 et
884 1547 1033 1587 ieiuna.
1061 1548 1145 1587 Sed
1163 1548 1326 1588 uidetur
1346 1553 1483 1589 tamen
1504 1558 1524 1590 5

0 1628 5 1645 ,-
69 1603 308 1654 significare
330 1605 459 1652 uelle,
493 1604 650 1644 idcirco
677 1604 757 1644 dici
791 1604 1143 1653 ‘diuinationem',
1182 1606 1296 1655 quod
1328 1605 1368 1645 in
1393 1606 1482 1646 aliis

0 1656 10 1697 ἶ.
71 1660 240 1712 quidem
267 1660 406 1701 causis
430 1661 557 1700 iudex
580 1672 641 1709 ea,
669 1665 811 1712 [quae]
837 1661 978 1700 didicit
1002 1673 1196 1712 quaeque
1227 1663 1482 1712 argumentis

17 1714 21 1730 ”
71 1719 140 1759 1161
163 1717 342 1758 testibus
366 1718 655 1759 demonstrata
678 1723 787 1766 sunt,
810 1719 932 1768 sequi
957 1720 1076 1766 solet,
1101 1718 1140 1757 in
1165 1719 1243 1758 hac
1267 1724 1404 1759 autem
1424 1731 1481 1766 re,

18 1797 25 1820 2
71 1786 165 1816 cum
186 1774 404 1825 eligendus
428 1779 652 1815 accusator
670 1781 746 1824 est,
765 1787 896 1825 parua
916 1776 1141 1815 admodum
1166 1780 1206 1814 et
1228 1775 1349 1815 exilia
1372 1781 1480 1824 sunt,

23 1855 25 1857 -
71 1832 223 1884 quibus
253 1831 416 1873 moueri
436 1832 563 1872 iudex
584 1833 734 1882 possit,
759 1838 800 1871 et
822 1838 1059 1883 propterea,
1084 1832 1251 1882 quinam
1274 1833 1405 1883 magis
1430 1833 1483 1872 ad

21 1912 35 1934 ν,
70 1889 355 1930 accusandum
376 1889 555 1930 idoneus
582 1889 647 1937 sit,
677 1890 796 1940 quasi
821 1889 1089 1930 diuinandum
1113 1895 1189 1929 est.

22 1956 35 2001 ᾗ
152 1947 269 1986 Haec
304 1947 526 1987 Bassus.
590 1942 675 1986 Sed
711 1946 778 1986 alii
817 1947 985 1997 quidam
1019 1946 1362 1987 ‘diuinationem’
1387 1949 1521 1987 essefi

0 2007 39 2058 *jn*
72 2004 321 2068 appellatam
346 2009 513 2054 putant,
550 2003 766 2054 quoniam,
802 2015 894 2044 cum
927 2008 1148 2045 accusator
1183 2008 1222 2043 et
1254 2015 1350 2043 reus
1375 2005 1483 2043 duae

70 2069 141 2100 res
166 2060 287 2110 quasi
310 2066 514 2110 cognatae
541 2060 875 2111 coniunctaeque
907 2062 989 2101 siut
1021 2072 1159 2111 neque
1181 2065 1274 2100 utia
1306 2059 1396 2101 sine
1428 2062 1482 2100 al-

25 2129 50 2178 ξς,
71 2118 164 2156 tera
185 2121 382 2157 constare
406 2116 555 2168 possit,
588 2117 628 2156 in
651 2118 732 2158 hoc
757 2122 894 2157 tamen
919 2130 1074 2169 genere
1099 2129 1251 2158 causae
1274 2130 1371 2158 reus
1397 2117 1482 2168 qui-

74 2167 204 2214 de'm
193 2184 275 2213 iam
297 2178 382 2223 est,
415 2175 492 2214 sed
514 2179 738 2214 accusator
761 2176 947 2215 nondum
971 2180 1054 2223 cst,
1089 2180 1128 2214 et
1153 2175 1332 2223 idcirco,
1368 2175 1482 2225 quod

33 2238 47 2269 1
44 2227 214 2272 adhuc
234 2242 372 2281 usque
405 2231 527 2272 deest
557 2236 598 2271 et
630 2232 748 2279 latet,
791 2232 1046 2272 diuinationc
1084 2233 1365 2283 supplendum
1404 2237 1481 2280 est,

2 2296 4 2301 ¹
48 2284 266 2334 quisnam
290 2286 344 2326 sit
364 2293 586 2329 accusator
611 2289 788 2328 futurus.
