1603 2508
555 410 615 471 A.
661 410 701 473 G
722 411 760 473 E
783 411 818 472 L
840 410 962 474 LII

53 547 376 623 Nocrlvltl
425 546 849 623 ATTIGARVM
906 548 1121 625 LIBER
1169 548 1459 625 PRIMVS.

741 795 774 840 Ι.

53 898 160 944 Quali
183 900 428 946 proportione
459 901 668 947 quibusque
695 901 977 936 collectionibus
1003 899 1222 936 Plutarchus
1254 899 1461 935 ratiocina-

108 960 184 992 tum
202 967 288 992 esse
305 957 561 1004 Pythagoram
586 957 856 1005 philosophum
874 957 1009 993 dixerit
1034 957 1080 993 de
1100 955 1460 1004 comprehendenda

108 1014 279 1060 corporis
296 1015 533 1061 proceritate,
553 1025 626 1061 qua
644 1016 709 1050 suit
726 1015 920 1058 HerculeS,
941 1025 1024 1050 cum
1041 1015 1155 1050 uitam
1175 1015 1268 1050 iuter
1286 1013 1459 1049 homines

112 1070 270 1106 uiueret.

145 1154 480 1231 Plutarchus
512 1191 552 1230 in
572 1192 695 1238 libro,
729 1202 851 1240 quem
871 1190 921 1228 de
940 1189 1150 1236 Herculis,
1185 1194 1384 1238 quantum
1401 1191 1489 1230 in-1

49 1253 114 1286 ter
142 1245 333 1286 homines
366 1247 458 1295 fuit,
491 1248 614 1287 animi
646 1246 921 1296 corporisque
948 1246 1113 1295 ingenio
1147 1250 1272 1295 atque
1302 1246 1460 1287 uirtuti-

49 1304 128 1343 bus
169 1303 438 1354 conscripsit,
480 1304 583 1344 scite
625 1304 911 1353 subtiliterque
950 1302 1240 1342 ratiocinatum
1270 1303 1459 1354 Pytha-

49 1371 223 1410 goram
266 1358 563 1411 philosophum
611 1361 708 1401 dicit
746 1360 786 1399 in
827 1359 1074 1410 reperienda
1121 1360 1459 1410 modulandaque

50 1421 183 1457 status
228 1417 585 1468 longitudinisque
635 1418 722 1458 eius
769 1417 1038 1467 praestantia.
1099 1417 1201 1455 Nam
1243 1427 1336 1456 cum
1377 1419 1501 1461 fere2

51 1478 283 1522 constaret,
318 1475 568 1514 curriculum
599 1475 739 1521 stadii,
791 1474 904 1523 quod
939 1479 1002 1513 est
1032 1473 1137 1512 Pisis
1171 1473 1282 1523 apud
1315 1474 1457 1514 Iouem

51 1530 307 1581 Olympium,
340 1532 561 1571 Herculem
593 1531 772 1583 pedibus
805 1530 891 1569 suis
925 1535 1121 1569 metatum
1153 1529 1279 1579 idque
1305 1531 1458 1571 secisse

50 1588 222 1636 longum
266 1588 398 1637 pedes
443 1594 684 1636 sescentos,
735 1592 872 1626 cetera
911 1598 1080 1637 quoque
1112 1586 1248 1625 stadia
1276 1586 1316 1625 in
1347 1593 1459 1627 terra

52 1643 242 1692 Graecia,
293 1645 343 1683 ab
382 1644 471 1685 aliis
518 1651 669 1696 postea
716 1643 925 1690 instituta,
975 1644 1128 1693 pedum
1162 1643 1329 1692 quidem
1361 1655 1458 1684 esse

49 1711 224 1742 numero
272 1707 531 1750 sescentum,
579 1703 655 1742 sed
694 1706 830 1740 tamen
887 1711 983 1739 csse
1028 1700 1327 1749 aliquantulum
1366 1701 1456 1739 bre-

49 1756 187 1805 uiora,
236 1757 356 1798 facile
393 1758 613 1807 intellexit,
654 1758 823 1797 modum
861 1757 1125 1806 spatiumque
1156 1757 1322 1805 plantae
1355 1758 1452 1796 Her-

53 1813 175 1860 culis,
221 1814 383 1855 ratione
431 1815 715 1866 proportionis
760 1812 926 1860 habita,
982 1818 1095 1852 tanto
1153 1813 1284 1852 fuisse
1331 1825 1456 1863 quam

51 1869 226 1910 aliorum
256 1871 494 1921 procerius,
529 1877 682 1922 quanto
709 1870 969 1922 Olympicum
993 1870 1172 1909 stadium
1197 1868 1361 1918 longius
1393 1881 1456 1909 es-

51 1931 117 1967 set
148 1938 271 1976 quam
297 1933 448 1968 cetera.
512 1929 822 1979 Comprehensa
854 1932 991 1966 autem
1016 1937 1211 1965 mensura
1234 1926 1496 1966 Herculani3

50 1982 191 2034 pedis,
225 1990 379 2034 quanta
394 1985 674 2036 longinquitas
695 1984 884 2034 corporis
904 1983 941 2022 ei
966 1994 1185 2022 mensurae
1213 1983 1457 2022 conueniret

52 2039 283 2080 secundum
314 2043 544 2081 naturalem
574 2042 854 2081 membrorum
881 2039 1062 2079 omnium
1085 2039 1191 2078 inter
1218 2051 1264 2085 se
1289 2051 1455 2090 compe-

36 2096 219 2150 tentiam
238 2097 501 2139 modificatus
520 2104 602 2147 est,
630 2104 754 2148 atque
770 2097 825 2136 ita
842 2097 882 2135 id
902 2096 1086 2145 collegit,
1121 2096 1235 2146 quod
1253 2102 1341 2135 erat
1359 2107 1456 2136 con-

39 2163 256 2203 -sequens,
288 2158 402 2196 tanto
432 2156 561 2195 fuisse
585 2156 805 2194 Herculem
831 2164 1008 2202 corpore
1035 2152 1309 2192 excelsiorem
1330 2164 1456 2202 quam

36 2218 47 2253 ζ
53 2208 176 2257 alios,
212 2215 366 2259 quanto
386 2211 645 2263 Olympicum
672 2210 850 2250 stadium
869 2209 1017 2249 ceteris
1035 2208 1123 2259 pari
1140 2221 1314 2250 numero
1335 2209 1454 2249 sactis

33 2265 239 2305 anteiret.

1176 2321 1232 2362 3*
