1619 2476
139 71 195 112 36
783 71 812 109 1.
844 81 888 108 11.

822 183 865 227 ΙΙ,

141 267 198 302 Ab
217 265 366 301 Herode
384 266 506 300 Attico
526 264 562 301 C.
580 265 625 301 V.
644 266 863 312 tempestiue
883 265 1104 312 deprompta
1131 266 1168 301 in
1191 264 1380 312 quendam
1405 264 1543 300 iactan-

197 326 270 357 tem
303 326 337 357 et
369 322 574 369 gloriosum
607 320 910 366 adulescentem,
946 323 1074 369 specie
1105 325 1246 358 tantum
1275 320 1543 368 philosophiae

199 382 440 421 sectatorem,
489 379 604 413 uerba
635 377 794 424 Epicteti
828 377 962 422 Stoici,
1004 378 1137 425 quibus
1180 378 1358 414 festiuiter
1398 388 1421 413 a
1451 386 1541 412 uero

198 434 322 471 Stoico
356 435 518 470 seiunxit
549 435 685 480 uulgus
718 435 931 481 loquacium
963 436 1213 479 nebulonum,
1247 434 1309 481 qui
1337 445 1377 470 se
1395 432 1543 470 Stoicos

197 494 465 537 nuncuparent.

104 584 123 618 1
226 577 467 617 Herodes
509 576 746 624 Atticus,
793 577 857 616 uir
890 582 931 616 et
962 577 1119 615 Graeca
1149 575 1343 616 facundia
1372 581 1413 615 et
1446 587 1543 615 con-

140 633 265 674 sulari
297 634 455 672 honore
487 633 721 682 praeditus,
755 633 996 672 accersebat
1028 644 1154 682 saepe
1185 644 1286 680 nos,
1321 643 1414 672 cum
1432 632 1544 682 apud

139 689 360 738 magistros
390 688 565 728 Athenis
600 700 812 737 essemus,
845 689 883 727 in
901 689 1018 727 uillas
1037 688 1074 727 ei
1089 688 1180 728 urbi
1213 688 1444 739 proximas,
1478 699 1543 727 me

141 752 180 786 et
213 745 485 784 clarissimum
516 744 649 784 uirum
691 745 1046 784 Seruilianum
1085 746 1408 794 compluresque
1441 744 1544 784 alios

140 807 371 849 nostrates,
411 801 480 850 qui
511 802 643 840 Roma
683 801 722 839 in
763 801 974 840 Graeciam
1014 801 1067 839 ad
1107 801 1353 851 capiendum
1393 800 1546 850 ingenii

105 866 127 899 2
146 860 299 898 cultum
334 862 645 896 concesserant.
706 860 845 907 Atque
876 857 929 896 ibi
960 862 1079 904 tunc,
1114 868 1207 896 cum
1225 869 1416 897 essemus
1434 858 1546 907 apud

140 926 233 954 eum
251 914 289 953 in
307 914 423 961 uilla,
450 913 515 952 cui
533 924 683 952 nomen
703 918 766 952 est
790 913 999 964 Cephisia,
1034 917 1075 952 et
1100 918 1220 953 aestu
1237 913 1332 952 anni
1350 918 1390 953 et
1408 912 1545 953 sidere

140 970 323 1010 autumni
355 969 697 1019 flagrantissimo,
731 970 1079 1019 propulsabamus
1104 969 1370 1009 incommoda
1394 969 1542 1009 caloris

140 1029 329 1066 lucorum
360 1026 506 1065 umbra
537 1025 783 1075 ingentium,
818 1025 951 1074 longis
984 1025 1231 1066 ambulacris
1265 1031 1306 1065 et
1335 1025 1540 1073 mollibus,

141 1083 305 1122 aedium
323 1082 463 1132 positu
482 1082 762 1131 refrigeranti,
796 1081 971 1121 lauacris
998 1081 1135 1122 nitidis
1153 1087 1195 1121 et
1209 1081 1384 1122 abundis
1403 1087 1443 1122 et
1459 1083 1540 1122 col-

140 1139 373 1178 lucentibus
392 1138 603 1187 totiusque
621 1138 741 1177 uillae
765 1143 1005 1186 uenustate,
1025 1139 1144 1188 aquis
1172 1138 1354 1188 undique
1373 1138 1539 1178 canoris

144 1200 268 1245 atque
285 1194 431 1234 auibus
448 1199 714 1244 personante.

105 1247 128 1282 3
229 1252 327 1290 Erat
365 1250 518 1289 ibidem
557 1250 774 1289 nobiscum
818 1250 939 1289 simul
970 1250 1218 1290 adulescens
1252 1249 1542 1300 philosophiae

143 1312 346 1354 sectator,
365 1309 377 1328 ²
391 1305 631 1356 disciplinae
646 1310 672 1353 ⁹,
698 1312 742 1345 ut
759 1306 850 1356 ipse
868 1306 1050 1354 dicebat,
1071 1310 1082 1328 ³
1100 1306 1293 1354 stoicae’‚
1313 1307 1388 1346 sed
1402 1308 1544 1356 loqua-

106 1362 230 1402 4cior
248 1362 444 1412 inpendio
474 1367 515 1400 et
542 1362 787 1412 promptior.
849 1363 887 1401 Is
912 1363 1160 1412 plerumque
1182 1362 1222 1401 in
1249 1362 1440 1402 conuiuio
1459 1373 1543 1402 ser-

142 1419 346 1466 monibus,
368 1418 436 1468 qui
453 1423 551 1468 post
569 1420 711 1468 epulas
730 1417 871 1457 haberi
890 1419 1038 1466 solent,
1053 1419 1180 1458 multa
1196 1423 1320 1468 atque
1336 1418 1545 1458 inmodica

143 1476 194 1514 de
226 1474 515 1525 philosophiae
539 1474 736 1514 doctrinis
760 1474 1058 1525 intempestiue.
1084 1479 1209 1524 atque
1239 1474 1431 1514 insubide
1464 1474 1543 1514 dis-

142 1531 307 1571 serebat
323 1541 508 1580 praeque
526 1542 572 1570 se
589 1543 671 1570 uno
693 1536 855 1570 ceteros
875 1542 1043 1578 omnes,
1076 1531 1240 1580 linguae
1256 1531 1420 1571 Atticae
1437 1531 1544 1581 prin-

145 1587 257 1636 cipes
289 1591 539 1636 gentemque
574 1598 738 1626 omnem
772 1592 955 1637 togatam
995 1591 1213 1636 totumque
1254 1598 1405 1627 nomen
1439 1587 1545 1626 Lati-

143 1655 266 1690 num,
301 1643 427 1682 rudes
447 1654 543 1682 esse
562 1648 601 1682 et
618 1648 805 1692 agrestes
823 1642 1091 1693 praedicabat
1105 1647 1230 1692 atque
1245 1643 1404 1683 interea
1419 1654 1544 1683 uoca

142 1699 249 1739 bulis
295 1699 395 1738 haut
439 1699 557 1738 facile
598 1699 800 1749 cognitis,
849 1699 1189 1750 syllogismorum
1221 1699 1545 1764 captionumque

145 1755 450 1795 dialecticarum
468 1755 627 1805 laqueis
646 1756 876 1806 strepebat,
910 1751 1304 1807 κυριεύοντας,
1335 1749 1545 1807 ἡσυχά-
1577 1778 1588 1781 ⁴

145 1810 197 1859 ζο
211 1824 338 1858 vtae
370 1816 410 1850 et
433 1819 501 1850 σω
514 1825 538 1862 ρ
552 1811 629 1850 είτ
643 1825 700 1858 ας
726 1811 915 1861 aliosque
939 1811 980 1850 id
997 1822 1130 1861 genus
1147 1810 1319 1862 griphos
1337 1811 1543 1852 neminem

144 1879 273 1918 posse
292 1868 434 1907 dicens
452 1867 531 1906 nisi
549 1878 594 1906 se
612 1867 858 1907 dissoluere.
906 1868 1008 1907 Rern
1025 1879 1126 1907 uero
1146 1867 1322 1907 ethicam
1338 1873 1544 1908 naturam-
1600 1868 1603 1879 '

146 1935 226 1972 que
242 1923 409 1962 humani
425 1923 578 1973 ingenii
599 1923 880 1973 uirtutumque
899 1924 1079 1974 origines
1098 1922 1319 1974 officiaque
1336 1935 1477 1964 earum
1503 1929 1544 1964 et

146 1979 326 2019 confinia
360 1984 430 2018 aut
456 1984 601 2019 contra
625 1981 865 2019 morborum
888 1980 1167 2029 uitiorumque
1193 1980 1361 2020 fraudes
1388 1981 1542 2021 animo·
1583 2017 1598 2032 U,

144 2047 318 2084 rumque
335 2036 450 2074 labes
469 2036 773 2085 (pestilentias),
807 2036 1078 2076 asseuerabat
1094 2036 1193 2075 nulli
1211 2047 1306 2076 esse
1322 2036 1392 2075 ulli
1409 2036 1540 2087 magis
1584 2055 1597 2094 ἀὲ

104 2096 125 2130 5
143 2101 191 2129 ea
209 2091 346 2129 onmia
364 2092 597 2140 explorata,
627 2097 839 2142 comperta
855 2092 1148 2142 meditataque.
1197 2092 1453 2133 Cruciatibus
1470 2104 1539 2132 au-
1576 2098 1596 2143 ῗῇ

145 2151 228 2186 tem
255 2146 554 2197 doloribusque
573 2149 760 2198 corporis
780 2153 820 2188 et
836 2148 1030 2199 periculis
1055 2152 1230 2188 mortem
1258 2148 1539 2189 minitantibus

145 2202 326 2241 habitum
345 2207 581 2252 statumque
598 2204 708 2243 uitae
726 2205 890 2252 beatae,
925 2216 1048 2254 quem
1075 2215 1121 2244 se
1138 2215 1234 2245 esse
1253 2205 1450 2255 adeptum
1466 2217 1539 2255 pu·
1591 2247 1593 2250 ,

146 2258 269 2305 tabat,
287 2270 423 2308 neque
440 2259 548 2298 laedi
563 2271 697 2309 neque
715 2260 882 2300 inminui
900 2261 1180 2308 existimabat,
1199 2272 1246 2300 ac
1264 2273 1316 2301 ne
1335 2261 1418 2302 oris
1437 2274 1541 2312 quo·
1589 2284 1592 2313 3
