1619 2476
163 57 247 99 218
673 57 816 96 XVIII.
841 67 948 95 x1111.
976 67 1044 95 xv.

164 175 297 210 autem
323 173 484 216 nostra,
518 167 711 217 quoniam
728 168 768 206 id
785 168 965 207 absurde
987 169 1165 207 futurum
1181 173 1290 217 erat,
1321 169 1554 208 noluerunt.

123 229 147 263 3
168 226 294 275 Quale
317 224 422 263 enim
444 224 532 263 fieri
552 234 702 263 nomen
719 228 867 274 posset
878 223 1070 263 hemiolio
1089 235 1259 264 numero
1277 229 1348 264 aut
1363 223 1557 274 epitrito?

122 284 146 317 4
163 282 236 320 Est
250 285 383 319 autem
397 279 660 326 ‘hemiolios’‚
672 279 740 328 qui
757 290 972 318 numerum
986 279 1163 328 aliquem
1172 283 1303 319 totum
1318 279 1358 318 in
1377 290 1472 319 sese
1487 280 1554 318 ha-

162 338 232 375 bet
241 335 534 385 dimidiumque
551 334 652 381 eius,
664 339 708 373 ut
724 339 809 374 tres
826 335 877 373 ad
895 335 991 382 duo,
1004 333 1238 384 quindecim
1253 335 1306 374 ad
1323 335 1555 383 decem,tri-

123 397 143 428 5
160 390 271 441 ginta
292 392 345 430 ad
365 390 519 441 uiginti.
558 389 786 440 ‘Epitritos’
806 395 882 438 est,
915 389 983 439 qui
1003 390 1130 430 habet
1140 395 1274 430 totum
1290 390 1466 440 aliquem
1483 403 1554 430 nu·

162 458 318 486 merum
337 452 376 486 et
393 447 578 487 eiusdem
600 451 758 495 partem
775 446 947 494 tertiam,
978 450 1023 485 ut
1042 451 1237 496 quattuor
1252 447 1306 486 ad
1325 451 1411 486 tres
1425 478 1434 495 ,
1455 447 1554 487 duo·
1618 485 1619 491 ,

118 507 142 541 6
162 503 294 542 decim
311 503 361 542 ad
382 514 546 551 nouem,
560 502 831 552 quadraginta
852 503 904 541 ad
920 502 1097 552 triginta.
1126 504 1239 542 Haec
1255 507 1392 543 autem
1408 508 1554 542 notare

162 559 484 609 meminisseque
507 571 590 598 non
609 570 704 599 esse
722 559 797 599 abs
814 570 859 598 re
877 558 1012 598 uisum
1030 563 1106 608 est,
1136 559 1330 609 quoniam
1347 559 1554 600 uocabula
1617 571 1619 578 ⁴

158 615 238 655 ista
250 626 514 656 numerorum
529 615 607 655 nisi
617 614 918 665 intelleguntur,
932 614 1112 655 rationes
1123 615 1326 665 quaedam
1339 614 1553 656 subtilissi-

158 682 268 719 mae,
289 671 328 710 in
355 671 467 710 libris
489 671 833 721 philosophorum
850 671 1050 721 scriptae,
1076 671 1330 722 percipinon
1354 676 1522 722 queunt.

813 784 903 824 XV.

161 865 271 910 Quod
296 865 346 901 M.
364 866 486 902 Varro
506 867 543 901 in
563 865 690 902 herois
708 867 879 902 uersibus
897 867 1156 903 obseruauerit
1178 877 1256 902 rem
1281 867 1390 902 nimis
1416 867 1551 902 anxiae

586 927 622 957 et
644 922 816 958 curlosae
833 923 1122 959 obseruationis.

122 1014 140 1047 1
239 1009 282 1047 In
301 1008 435 1058 longis
451 1009 657 1056 uersibus,
677 1008 745 1058 qui
757 1009 1015 1048 ‘hexametri'
1027 1013 1241 1057 uocantur,
1261 1008 1359 1048 item
1374 1009 1414 1048 in
1433 1020 1549 1048 sena-

157 1064 240 1111 riis,
266 1064 644 1105 animaduerterunt
662 1065 817 1104 metrici
833 1065 988 1116 primos
1008 1066 1114 1106 duos
1130 1066 1280 1115 pedes,
1305 1065 1401 1105 item
1419 1069 1550 1104 extre-

157 1132 249 1160 mos
267 1120 396 1168 duos,
424 1121 577 1161 habere
603 1122 791 1171 singulos
810 1132 940 1172 posse
961 1121 1140 1172 integras
1167 1126 1308 1172 partes
1337 1120 1548 1168 orationis,

158 1176 317 1216 medios
337 1177 436 1216 haut
450 1188 645 1227 umquam
662 1189 803 1228 posse,
815 1179 890 1218 sed
908 1183 1100 1218 constare
1116 1189 1191 1218 eos
1209 1189 1376 1228 semper
1392 1188 1444 1217 ex
1459 1188 1549 1216 uer-

113 1238 141 1272 2
156 1232 218 1272 bis
242 1238 311 1272 aut
331 1232 473 1272 diuisis
494 1239 564 1273 aut
585 1234 721 1274 mixtis
742 1239 867 1284 atque
891 1234 1090 1275 confusis.
1120 1235 1174 1274 M.
1192 1234 1313 1273 etiam
1327 1235 1488 1273 Varro
1508 1233 1547 1272 in

155 1288 225 1327 lib
240 1288 310 1328 ris
336 1288 585 1338 disciplin
598 1301 735 1330 arum
765 1290 949 1340 scripsit,
978 1291 1230 1330 obseruasse
1251 1300 1347 1329 sese
1364 1289 1404 1328 in
1420 1299 1548 1328 uersu

155 1344 414 1396 hexametro,
435 1346 547 1393 quod
571 1346 808 1385 omnimodo
828 1347 993 1395 quintus
1016 1346 1196 1396 semipes
1218 1346 1391 1384 uerbum
1413 1343 1548 1384 finiret

155 1403 196 1438 et
209 1400 321 1448 quod
338 1400 499 1449 priores
512 1400 692 1450 quinque
710 1401 943 1451 semipedes
963 1412 1096 1451 aeque
1116 1412 1305 1452 magnam
1325 1400 1409 1440 uim
1424 1400 1546 1439 habe-

155 1460 248 1493 rent
263 1455 301 1494 in
327 1455 545 1496 efficiendo
570 1468 696 1497 uersu
719 1461 842 1506 atque
860 1457 925 1496 alii
940 1457 1196 1507 posteriores
1216 1461 1396 1509 septem,
1421 1456 1548 1506 idque

153 1509 291 1560 ipsum
315 1511 475 1552 ratione
493 1513 669 1562 quadam
691 1513 940 1562 geometrica
958 1514 1046 1553 fieri
1063 1514 1241 1554 disserit.
