1619 2476
140 6 224 52 204
720 24 862 65 XVIII.
888 38 949 67 111.

796 138 860 178 111.

139 205 237 248 Quid
253 208 468 247 Aeschines
488 212 614 249 rhetor
632 215 669 250 in
687 220 867 266 oratione,
893 233 965 269 qua
987 224 1225 266 Timarchum
1243 232 1289 268 de
1307 234 1528 282 inpudicitia

194 267 398 310 accusauit,
417 267 741 309 Lacedaemonios
760 279 936 315 statuisse
955 279 1089 318 dixerit
1105 295 1218 332 super
1239 293 1421 328 sententia
1442 305 1527 341 pro-

191 319 404 366 batissima,
429 335 539 370 quam
565 327 902 374 improbatissimus
923 335 1036 374 homo
1061 339 1232 379 dixisset.

94 415 112 448 1
216 408 533 460 Aeschines,
563 416 628 453 uel
664 419 887 461 acerrimus
928 425 1360 482 prudentissimusque
1391 442 1525 478 orato-

129 472 239 509 rum,
272 465 339 512 qui
362 468 472 515 apud
494 470 708 512 contiones
736 477 1050 521 Atheniensium
1072 483 1320 538 floruerunt,
1349 490 1389 530 in
1412 503 1523 532 ora-

128 516 267 557 tione
295 520 362 559 illa
395 534 521 563 saeua
552 527 855 581 criminosaque
881 541 921 574 et
954 537 1176 590 uirulenta,
1209 556 1305 592 qua
1334 547 1433 587 Tim
1447 561 1523 588 ar-

130 573 273 613 chum
296 577 355 615 de
381 578 501 628 inpu
516 581 697 624 dicitia
714 589 893 636 grauiter
908 591 1205 647 insigniterque
1222 605 1520 651 accusabat,

128 630 265 669 nobile
288 638 328 671 et
348 633 520 675 inlustre
553 641 768 682 consilium
793 646 1130 693 Lacedaemoniis
1157 656 1325 697 dedisse
1348 660 1445 700 dicit
1463 663 1521 701 ui-

127 696 216 724 rum
234 687 414 729 indidem
438 693 611 735 ciuitatis
638 698 822 740 eiusdem
841 704 1090 756 principem,
1123 711 1273 754 uirtute
1303 720 1427 766 atque
1454 729 1519 758 ae-

126 745 209 780 tate
232 755 379 794 magna
395 750 637 796 praeditum.

85 803 107 836 2
211 800 416 850 ‘Populus
431 808 457 852 ³,
485 806 628 857 inquit,
663 815 673 833 ‘
686 813 1039 860 Lacedaemonius
1057 822 1108 861 de
1131 835 1290 866 summa
1306 830 1517 878 republica

83 858 216 902 3sua‚
255 857 448 905 quidnam
482 870 595 903 esset
626 867 719 908 utile
753 875 792 910 et
823 873 1059 926 honestum,
1090 879 1353 924 deliberabat.
1414 887 1514 927 Tum

123 912 284 960 exurgit
301 918 528 957 sententiae
540 921 738 964 dicendae
755 929 884 975 gratia
901 931 1024 973 homo
1045 935 1248 987 quispiam
1263 941 1514 990 turpitudine

120 966 317 1015 pristinae
351 972 459 1012 uitae
495 976 871 1033 diffamatissimus,
908 989 982 1027 sed
1014 990 1152 1041 lingua
1179 998 1277 1034 tunc
1305 1002 1430 1047 atque
1457 1001 1512 1039 sa-

84 1028 107 1060 4
123 1024 272 1062 cundia
295 1027 458 1068 nimium
478 1039 630 1080 quanto
650 1041 922 1086 praestabilis.
987 1046 1220 1099 Consilium,
1253 1055 1367 1101 quod
1388 1055 1511 1096 dabat

119 1080 316 1129 quodque
346 1092 540 1133 oportere
561 1090 649 1130 fieri
677 1097 897 1147 suadebat,
922 1109 1139 1152 acceptum
1161 1107 1211 1146 ab
1236 1109 1441 1152 uniuersis
1471 1119 1510 1153 et

119 1138 406 1184 complacitum
436 1149 499 1182 est
527 1146 793 1201 futurumque
825 1161 911 1194 erat
932 1169 983 1197 ex
1009 1160 1096 1200 eius
1130 1166 1334 1205 sententia
1364 1170 1508 1218 populi

76 1198 96 1229 5
116 1191 340 1233 decretum.
402 1198 459 1236 Ibi
477 1212 583 1242 unus
608 1215 659 1244 ex
679 1206 747 1247 illo
768 1210 999 1262 principum
1023 1217 1179 1266 ordine,
1215 1243 1261 1248 —-
1291 1222 1499 1264 Lacedae-

114 1248 258 1296 monii,
290 1253 434 1293 aetatis
453 1256 745 1311 dignitatisque
768 1267 999 1317 maiestate,
1032 1277 1241 1323 tamquam
1264 1278 1442 1319 arbitros
1465 1287 1505 1320 et

112 1304 334 1352 magistros
361 1309 602 1360 disciplinae
626 1319 813 1366 publicae
835 1326 1087 1366 uerebantur
1107 1351 1163 1358 —
1187 1339 1394 1375 commoto
1418 1336 1502 1376 irri-

110 1363 282 1408 tatoque
309 1364 444 1404 animo
464 1368 580 1417 esilit‚
606 1377 665 1411 et:
700 1377 950 1427 ‘quaenam'‚
980 1381 1121 1432 inquit,
1155 1387 1498 1442 ‘Lacedaemonii,

110 1414 212 1453 ratio
235 1422 304 1456 aut
323 1431 428 1467 quae
454 1425 620 1465 tandem
646 1440 744 1478 spes
769 1434 863 1481 erit,
895 1436 1037 1477 urbem
1070 1440 1175 1481 hanc
1198 1448 1238 1482 et
1258 1445 1364 1486 hanc
1395 1459 1499 1488 rem-

106 1470 314 1518 publicam
337 1477 494 1517 saluam
522 1480 965 1541 inexpugnabilemque
991 1505 1086 1535 esse
1103 1497 1255 1545 diutius
1281 1513 1430 1553 posse,
1463 1507 1495 1546 si

105 1525 393 1570 huiuscemodi
415 1539 629 1578 anteactae
649 1542 757 1582 uitae
791 1546 1024 1590 hominibus
1051 1554 1280 1596 consiliaris
1307 1563 1497 1602 utemur?

107 1584 219 1629 quod
240 1585 275 1623 si
292 1588 424 1635 proba
447 1590 575 1632 istaec
607 1602 647 1635 et
671 1599 846 1641 honesta
872 1608 1077 1647 sententia
1101 1615 1185 1658 est,
1219 1624 1376 1662 quaeso
1402 1629 1494 1667 uos,

103 1648 185 1677 non
210 1640 392 1683 sinamus
413 1649 585 1689 eandem
609 1653 873 1698 dehonestari
896 1663 1120 1711 turpissimi
1144 1670 1326 1710 auctoris
1355 1679 1494 1713 conta-

65 1693 200 1741 6gio’.
262 1701 400 1748 Atque
431 1703 499 1742 ubi
522 1706 602 1746 hoe
625 1709 745 1759 dixit,
778 1715 900 1764 elegit
931 1718 1063 1759 uirum
1097 1723 1334 1766 fortitudine
1368 1733 1492 1779 atque

101 1748 254 1792 iustitia
281 1763 447 1803 praeter
471 1760 574 1801 alios
603 1772 908 1824 praestantem,
948 1775 1023 1814 sed
1050 1776 1163 1827 inopi
1197 1779 1335 1833 lingua
1367 1783 1414 1824 et'
1433 1786 1491 1825 in·

101 1805 343 1859 facundum,
375 1813 578 1866 iussitque
604 1832 695 1861 eum
722 1835 931 1868 consensu
952 1831 1165 1882 petituque
1191 1839 1370 1879 omnium
1396 1853 1489 1881 ean-

100 1861 192 1901 dem
222 1865 329 1905 illam
361 1873 605 1914 sententiam
637 1878 778 1919 diserti
802 1883 879 1922 uiri
901 1887 1077 1927 cuimodi
1099 1896 1246 1939 posset
1268 1896 1406 1935 uerbis
1431 1899 1488 1937 di-

99 1927 211 1967 cere,
242 1926 297 1970 ut,
327 1926 437 1964 nulla
452 1928 602 1977 prioris
621 1937 828 1977 mentione
849 1940 997 1990 habita,
1030 1944 1178 1985 scitum
1196 1952 1321 1998 atque
1345 1952 1486 1993 decre-

95 1977 179 2012 tum
202 1980 346 2027 populi
378 1993 428 2020 ex
451 1984 538 2025 eius
565 1989 684 2029 unius
712 1995 875 2034 nomine
892 1997 1028 2047 fieret,
1060 2002 1172 2049 quod
1192 2002 1327 2052 ipsum
1345 2008 1482 2050 denuo

56 2026 264 2074 7dixerat.
334 2037 473 2087 Atque
507 2041 584 2091 ita,
637 2052 682 2084 ut
719 2057 908 2091 suaserat
947 2056 1295 2103 prudentissimus
1332 2074 1480 2113 senex,

55 2082 77 2116 8
90 2084 337 2176 ξᾶοῐυηιῗεῒ.
400 2094 467 2134 Sic
485 2096 593 2138 bona
611 2106 814 2145 sententia
838 2110 1003 2158 mansit,
1038 2113 1167 2162 turpis
1192 2121 1337 2158 auctor
1352 2125 1479 2160 muta-

108 2150 157 2180 us
180 2149 243 2182 est
273 2175 281 2182 .
