1603 2508
0 2405 26 2420 r„

2 2421 34 2436 3²¹⁴

346 412 589 468 [INDEX
637 409 1192 466 CAPITVLGRVMJ

455 652 719 692 CAPITVLA
760 651 901 691 LIBRI
942 649 1103 690 PRIMI.

175 769 205 805 I.
260 769 370 814 Quali
413 770 659 817 proportione
692 769 903 816 quibusque
942 768 1226 804 collectionibus
1265 765 1488 803 Plutarchus

62 827 328 863 ratiocinatum
345 837 433 864 esse
450 826 708 874 Pythagoram
733 825 1004 874 philosophum
1025 825 1161 862 dixerit
1179 824 1225 861 de
1242 822 1490 870 eomprehen-

0 920 4 941 ,-
63 883 191 920 denda
221 885 392 931 corporis
423 884 670 932 proceritate,
705 894 779 931 qua
809 883 876 919 suit
906 883 1110 927 Hercules,
1141 894 1226 919 cum
1252 882 1366 918 uitam
1393 881 1488 919 inter

0 946 2 950 ’
60 940 237 977 homines
255 942 417 978 uiueret.

175 997 221 1034 II.
267 998 326 1035 Ab
353 998 504 1036 Herode
530 999 653 1035 Attico
681 997 721 1034 C.
738 998 786 1033 V.
809 998 1033 1045 tempestiue
1060 996 1285 1044 deprompta
1310 998 1347 1033 in
1374 1008 1489 1044 quen-

63 1053 152 1092 dam
182 1056 383 1093 iactantem
412 1060 447 1092 et
485 1056 695 1103 gloriosum
728 1055 1029 1097 adulescentem,
1071 1055 1198 1102 specie
1234 1059 1375 1091 tantum
1407 1055 1489 1102 phi-

60 1111 261 1159 losophiae
281 1117 524 1157 sectatorem,
544 1113 660 1148 uerba
673 1112 831 1159 Epicteti
850 1112 986 1156 Stoici,
1006 1113 1141 1158 quibus
1160 1112 1342 1148 festiuiter
1359 1123 1380 1147 a
1397 1123 1489 1149 uero

63 1168 192 1206 Stoico
218 1170 383 1206 seiunxit
399 1170 537 1217 uulgus
556 1170 772 1216 loquacium
797 1170 1045 1212 nebulonum,
1081 1170 1143 1215 qui
1169 1179 1210 1205 se
1229 1168 1377 1206 Stoicos
1397 1181 1490 1206 nun-

64 1231 259 1272 cuparent.

176 1283 238 1319 111.
273 1283 385 1328 Quod
411 1282 517 1321 Chilo
534 1282 862 1320 Lacedaemonius
891 1284 1090 1319 consilium
1115 1294 1257 1330 anceps
1274 1295 1342 1330 pro
1369 1285 1489 1321 salute

0 1339 4 1347 '
63 1339 175 1376 amici
207 1341 329 1388 cepit3
359 1339 537 1388 quodque
566 1345 623 1376 est
652 1340 927 1387 circumspecte
954 1345 989 1376 et
1014 1341 1125 1377 anxie
1153 1340 1489 1387 considerandum,

62 1405 111 1432 an
126 1407 196 1445 pro
223 1398 444 1435 utilitatibus
467 1398 676 1434 amicorum
705 1397 999 1444 delinquendum
1026 1397 1229 1444 aliquando
1249 1399 1318 1443 sit;
1348 1403 1491 1435 notata-

63 1463 136 1500 que
155 1454 246 1491 inibi
263 1459 300 1491 et
314 1457 453 1500 relata,
479 1465 576 1502 quae
601 1459 635 1490 et
659 1454 944 1502 Theophrastus
968 1460 1003 1490 ct
1020 1455 1070 1491 M.
1091 1454 1221 1492 Cicero
1249 1467 1363 1503 super
1389 1467 1434 1492 ea
1449 1467 1490 1492 re

64 1511 313 1558 scripserunt.

176 1568 255 1604 IIII.
293 1569 413 1614 Quam
446 1569 607 1605 tenuiter
633 1569 858 1615 curioseque
886 1570 1141 1616 explorauerit
1164 1571 1353 1607 Antonius
1381 1571 1490 1606 Iulia-

61 1634 134 1660 nus
160 1625 199 1660 in
224 1627 394 1662 oratione
420 1626 471 1662 M.
492 1625 603 1662 Tullii
631 1626 735 1662 uerbi
757 1627 802 1662 ab
820 1636 864 1661 eo
882 1627 1013 1662 mutati
1031 1628 1233 1674 argutiam.

175 1681 226 1718 V.
270 1683 382 1728 Quod
411 1683 687 1719 Demosthenes
721 1681 847 1718 rhetor
880 1684 980 1718 cultu
1012 1685 1184 1730 eorporis
1214 1689 1323 1730 atque
1352 1684 1490 1720 uestitu

60 1739 212 1786 probris
243 1741 407 1776 obnoxio
445 1740 649 1788 infamique
682 1739 867 1775 munditia
904 1741 991 1785 fuit3
1019 1740 1195 1788 quodque
1222 1741 1309 1776 item
1332 1741 1490 1777 Horten-

62 1795 143 1831 sius
173 1800 299 1833 orator
329 1798 376 1833 ob
400 1797 589 1833 eiusmodi
617 1797 820 1833 munditias
847 1801 1071 1844 gestumque
1100 1799 1137 1833 in
1163 1797 1314 1845 agendo
1339 1798 1489 1836 histrio-

11 1888 15 1890 .
61 1862 152 1888 num
167 1851 375 1901 Dionysiae
401 1855 655 1891 saltatriculae
675 1858 928 1902 cognomento
946 1855 1194 1902 compellatus
1212 1859 1283 1892 est.

174 1909 240 1946 VI.
269 1910 400 1947 Verba
424 1922 472 1948 ex
499 1912 667 1947 oratione
686 1911 826 1948 Metelli
852 1911 1062 1955 Numidici,
1093 1923 1206 1959 quam
1225 1912 1318 1948 dixit
1342 1913 1380 1948 in
1403 1922 1490 1948 cen-

0 1992 3 2006 ,
62 1976 153 2002 sura
178 1966 229 2002 ad
262 1969 466 2015 populum,
508 1980 593 2004 cum
615 1979 705 2004 eum
735 1967 784 2004 ad
809 1979 948 2004 uxores
975 1968 1171 2006 ducendas
1199 1969 1488 2014 adhortaretur3

61 2032 183 2069 eaque
210 2025 330 2060 oratio
349 2035 461 2072 quam
487 2027 534 2061 ob
562 2036 718 2062 causam
743 2025 977 2073 reprehensa
993 2030 1029 2061 et
1052 2037 1125 2073 quo
1145 2031 1275 2063 contra
1291 2026 1406 2062 modo
1425 2026 1490 2062 de-

0 2080 16 2115 7.
61 2079 170 2115 sensa
196 2081 256 2117 sit.

174 2137 257 2174 VH.
285 2139 327 2174 In
351 2137 458 2175 hisce
483 2140 611 2175 uerbis
631 2131 824 2176 Ciceronis
843 2150 890 2174 ex
907 2140 1076 2176 oratione
1095 2141 1223 2187 quinta
1250 2141 1287 2176 in
1302 2140 1488 2175 Verrem:

51 2192 166 2235 Hane
199 2195 270 2231 sibi
308 2205 389 2231 rem
411 2195 607 2242 praesidio
640 2200 794 2244 sperant
826 2197 1009 2241 futurum,
1043 2207 1164 2244 neque
1190 2196 1372 2233 mendum
1402 2206 1490 2233 csse

0 2264 21 2302 f?
44 2259 185 2298 :neque
202 2252 355 2297 uitium,
380 2262 584 2300 errareque
602 2255 716 2297 istos,
737 2253 799 2299 qui
817 2254 940 2290 bonos
966 2254 1081 2290 libros
1106 2255 1250 2290 molant
1265 2258 1300 2290 et
1328 2255 1490 2290 suturam

28 2305 248 2354 scribunt3
274 2312 385 2356 atque
412 2310 462 2346 ibi
489 2309 536 2347 de
563 2310 728 2357 quodam
756 2311 829 2347 alio
849 2309 1042 2347 Ciceronis
1067 2313 1184 2347 uerbo
1203 2311 1364 2357 dictum,
1388 2308 1491 2359 quod
