1619 2476
132 37 217 80 214
728 38 872 77 XVIII.
895 49 937 77 x.

94 162 115 195 5
216 152 333 191 Hanc
373 149 573 200 loquendi
610 148 876 199 imperitiam,
927 149 1041 200 quod
1078 160 1230 190 uenam
1267 162 1345 202 pro
1387 150 1538 191 arteria

134 208 328 254 dixisset,
360 217 452 246 cum
476 206 516 244 in
544 217 594 246 eo
622 205 734 245 docti
758 204 969 254 homines,
1004 205 1073 256 qui
1099 217 1193 246 eum
1215 207 1382 248 Tauro
1407 212 1536 255 erant,

133 269 344 313 tamquam
366 263 407 301 in
432 261 598 301 minime
622 262 709 302 utili
732 262 894 302 medico
914 262 1194 304 offendissent
1218 267 1344 314 atque
1368 263 1410 303 id
1431 275 1536 303 mur-

134 330 250 360 mure
273 324 312 359 et
340 319 455 358 uultu
475 318 769 366 ostenderent,
803 323 891 358 tum
921 318 976 365 ibi
994 319 1216 369 Taurus,
1249 325 1295 360 ut
1322 331 1415 361 mos
1447 319 1536 360 eius

133 377 227 424 suit,
268 375 367 415 satis
401 376 565 415 leniter:
600 374 764 423 <certi',
795 374 948 425 inquit,
979 379 1170 425 esumus,
1199 375 1265 416 uir
1293 376 1425 426 bone,
1453 387 1537 417 non

132 434 326 483 ignorare
350 437 404 480 te,
436 432 533 482 quid
560 434 702 471 ‘uena’
736 433 969 482 appelletur
992 437 1034 472 et
1065 432 1164 482 quid
1194 432 1392 482 ‘arteria',
1424 433 1538 483 quod

131 500 265 529 uenae
296 488 461 538 quidem
488 493 635 539 suapte
659 488 701 529 ui
727 488 945 529 inmobiles
974 487 1057 529 sint
1079 494 1120 529 et
1141 489 1356 540 sanguinis
1380 493 1538 530 tantum

136 545 378 586 demittendi
411 545 541 594 gratia
571 546 861 595 explorentur,
895 545 1071 586 arteriae
1101 550 1240 586 autem
1268 550 1382 588 motu
1414 551 1539 597 atque

95 607 117 643 6
135 603 258 653 pulsu
281 613 358 642 suo
382 601 566 642 habitum
592 607 632 641 et
648 602 817 642 modum
834 602 1008 642 febrium
1026 602 1336 652 demonstrent;
1369 602 1465 651 sed,
1494 608 1539 642 ut

133 659 270 706 uideo,
289 659 534 709 peruulgate
552 658 695 708 magis,
725 670 847 708 quam
864 659 1023 708 inscite,
1047 660 1211 700 locutus
1230 671 1297 700 es:
1326 671 1410 701 non
1431 659 1538 699 enim

134 722 174 755 te
193 716 348 763 solum,
372 715 474 755 alios
495 726 663 765 quoque
685 714 824 755 itidem
846 721 1033 756 errantes
1051 715 1191 756 audiui
1212 727 1361 756 uenam
1377 727 1454 767 pro
1477 727 1538 755 ar—

97 775 116 810 7
136 773 236 811 teria
252 772 402 810 dicere.
464 771 546 810 Fac
565 771 706 821 igitur,
737 777 783 812 ut
807 772 1090 822 experiamur,
1124 773 1419 823 elegantiorem
1442 783 1539 812 esse

132 835 173 868 te
195 829 234 867 in
253 828 483 875 medendo,
520 839 643 878 quam
661 828 699 868 in
726 828 904 870 dicendo
923 834 1073 869 etcum
1096 830 1159 870 dis
1177 830 1285 870 bene
1300 829 1537 870 uolentibus

134 896 262 935 opera
292 890 363 924 tua
395 884 519 925 sistas
555 885 666 925 hunc
696 886 817 926 nobis
853 897 999 926 sanum
1039 891 1163 937 atque
1199 885 1382 927 ualidum
1414 896 1538 936 quam

134 941 362 981 citissime’.
958 942 961 944 ’

94 1003 118 1039 8
219 998 310 1039 Hoc
337 1009 413 1048 ego
445 1003 595 1048 postea
627 1009 718 1039 cum
754 999 794 1038 in
820 999 980 1040 medico
1006 1000 1307 1050 reprehensum
1332 1010 1430 1040 esse
1456 1010 1538 1038 me-

134 1055 357 1103 minissem,
391 1054 622 1095 existimaui
640 1067 723 1096 non
741 1056 903 1097 medico
927 1056 1024 1106 soli,
1057 1057 1133 1097 sed
1152 1056 1344 1097 omnibus
1368 1066 1538 1106 quoque

132 1111 369 1153 hominibus
392 1112 531 1152 liberis
559 1112 865 1164 liberaliterque
892 1113 1089 1154 institutis
1116 1119 1238 1164 turpe
1261 1123 1377 1161 esse,
1406 1123 1459 1152 ne
1491 1123 1540 1152 ea

136 1168 302 1219 quidem
330 1168 585 1218 cognouisse
601 1169 651 1208 ad
678 1169 862 1210 notitiam
894 1169 1084 1221 corporis
1120 1169 1253 1212 nostri
1275 1168 1534 1221 pertinentia,

137 1236 243 1275 quae
278 1236 362 1265 non
394 1226 513 1265 altius
549 1226 839 1276 occultiusque
869 1233 1030 1268 remota
1065 1232 1162 1268 sunt
1192 1231 1234 1267 et
1263 1237 1371 1277 quae
1392 1230 1540 1266 natura

135 1282 256 1322 nobis
290 1282 470 1321 tuendae
506 1282 743 1323 ualitudinis
771 1294 897 1323 causa
920 1289 961 1323 et
997 1284 1037 1323 in
1069 1288 1266 1334 promptu
1297 1293 1394 1323 esse
1426 1286 1468 1322 et
1498 1281 1539 1321 in

135 1338 357 1389 propatulo
384 1338 581 1386 uoluerit3
613 1350 662 1378 ac
695 1345 942 1389 propterea,
967 1345 1164 1389 quantum
1188 1338 1313 1379 habui
1336 1338 1538 1389 temporis

137 1392 355 1442 subsiciui,
390 1394 683 1435 medicinae
701 1406 869 1445 quoque
886 1395 1203 1446 disciplinae
1224 1395 1394 1436 libros
1410 1394 1540 1446 attigi,

139 1462 246 1502 quos
264 1450 493 1490 arbitrabar
514 1462 609 1491 esse
632 1451 809 1492 idoneos
834 1453 886 1492 ad
905 1453 1163 1501 docendum,
1197 1457 1238 1492 et
1267 1463 1319 1492 ex
1349 1451 1413 1492 his
1446 1462 1539 1492 cum

139 1507 216 1546 alia
235 1508 433 1558 pleraque
450 1508 500 1547 ab
517 1507 597 1548 isto
618 1508 882 1548 humanitatis
899 1521 979 1550 usu
991 1521 1074 1550 non
1097 1508 1243 1557 aliena,
1253 1513 1342 1549 tum
1351 1508 1405 1548 de
1418 1508 1538 1549 uenis

140 1575 311 1614 quoque
335 1569 377 1604 et
404 1564 564 1604 arteriis
591 1565 789 1606 didicisse
809 1565 959 1607 uideor
986 1567 1039 1606 ad
1061 1567 1172 1606 hunc
1196 1567 1325 1606 ferme
1344 1565 1536 1605 modum:

99 1628 122 1663 9
139 1622 304 1660 ‘Vena’
360 1626 425 1661 est
470 1624 813 1672 conceptaculum
864 1622 1097 1674 sanguinis,
1146 1623 1261 1674 quod
1303 1615 1538 1674 (ἀγγεῖον

137 1678 286 1717 ηιθᾱίοἰ
333 1683 505 1727 uocant,
551 1678 665 1719 mixti
712 1679 960 1730 confusique
1012 1691 1103 1720 cum
1156 1678 1302 1730 spiritu
1350 1677 1538 1726 naturali,

136 1734 177 1773 in
231 1747 313 1785 quo
360 1736 454 1785 plus
512 1736 724 1786 sanguinis
781 1741 861 1784 est,
911 1736 1046 1776 minus
1102 1735 1292 1787 spiritus;
1339 1735 1538 1775 ‘arteria'

138 1796 204 1831 est
260 1794 604 1841 conceptaculum
656 1794 825 1843 spiritus
875 1793 1072 1834 naturalis
1123 1792 1238 1832 mixti
1291 1791 1540 1842 confusique

139 1859 232 1887 cum
274 1848 498 1899 sanguine,
551 1850 591 1889 in
634 1862 717 1900 quo
750 1851 845 1900 plus
884 1850 1052 1901 spiritus
1085 1855 1169 1898 est,
1197 1849 1332 1889 minus
1365 1848 1540 1899 sangui-

81 1904 220 1952 10nis;
262 1901 518 1957 ‘fflpvyndg’
552 1912 689 1946 autem
721 1912 785 1947 est
817 1906 988 1947 intentio
1027 1912 1166 1948 motus
1199 1911 1240 1946 et
1271 1905 1461 1946 remissio
1498 1904 1538 1944 in

80 1964 120 1997 11
137 1961 265 2000 corde
287 1966 328 2001 et
349 1961 389 2001 in
423 1962 573 2001 arteria
602 1964 812 2012 naturalis,
845 1975 929 2004 non
947 1963 1173 2003 arbitraria.
1210 1961 1384 2002 Medicis
1402 1966 1539 2002 autem

136 2018 349 2058 ueteribus
391 2018 579 2060 oratione
620 2020 779 2060 Graeca
815 2020 872 2060 ita
913 2020 1106 2060 definitus
1151 2023 1237 2059 est:
1291 2013 1540 2071 εΣφυγμός

137 2071 258 2170 {evag}
283 2071 494 2127 διαστολή
519 2089 566 2116 τε
589 2074 663 2116 καὶ
686 2071 882 2129 συστολὴ
906 2070 1204 2130 ἆπροαίρετος
1223 2069 1437 2128 ἀρτηρίας
1465 2070 1540 2115 καὶ

135 2142 219 2181 καρ
252 2130 356 2179 ίας’.
