1619 2476
131 45 187 87 30
654 15 660 26 ἰ
697 44 747 82 Χ.
779 28 955 81 xxv11'11.¹

134 157 330 203 conectit3
370 157 445 195 sed
476 156 680 194 interdum
702 154 801 193 alias
825 153 1025 203 quasdam
1046 157 1274 201 potestates
1297 153 1420 192 habet
1442 163 1525 193 non

134 213 232 253 satis
252 217 392 259 notas,
415 211 493 250 nisi
513 210 553 249 in
576 216 763 250 ueterum
784 208 993 248 literarum
1014 208 1257 249 tractatione
1279 212 1403 258 atque
1428 220 1527 248 cura

94 278 115 311 2
132 268 336 308 exercitis.
396 268 496 306 Nam
519 271 559 305 et
578 278 653 315 pro
685 265 880 304 aduerbio
902 265 1033 312 ualet,
1071 275 1162 303 cum
1184 264 1355 304 dicimus
1387 265 1527 304 ‘aliter

133 335 209 373 ego
235 323 310 362 feei
333 327 455 372 atque
480 324 561 370 tu’,
588 322 841 371 significatur
865 320 971 359 enim
1001 319 1141 359 ‘aliter
1172 331 1294 369 quam
1317 324 1362 360 tu
1375 323 1406 372 ²,
1429 326 1471 360 et
1492 321 1527 360 si

132 379 292 428 gemina
314 379 401 426 fiat,
442 382 565 427 auget
583 378 839 426 intenditque
860 387 946 415 rem
960 408 969 424 ‚
1011 376 1062 415 de
1087 387 1168 425 qua
1188 375 1341 428 agitur,
1378 381 1424 416 ut
1443 377 1524 415 ani-

132 434 424 474 maduertimus
445 434 484 473 in
509 435 553 483 Q.
576 433 704 472 Enni
734 433 1010 472 annalibus
1025 464 1034 480 ‚
1066 431 1144 470 nisi
1164 431 1361 471 memoria
1379 432 1420 471 in
1443 433 1523 472 hoc

131 502 256 530 uersu
277 491 411 530 labor:

189 570 358 618 Atque
390 573 543 617 atque
573 568 778 606 aceedit
806 578 976 606 muros
1008 567 1231 606 Romana
1260 566 1524 606 iuuentus.

92 666 115 702 3
212 659 283 699 Cui
315 656 600 709 significationi
631 657 878 697 contrarium
904 661 988 708 est,
1034 657 1147 706 quod
1174 656 1312 697 itidem
1334 669 1358 697 a
1380 657 1527 697 ueteri-

93 721 116 756 4
131 717 209 756 bus
232 716 382 754 dietum
407 719 470 753 est
492 717 502 735 ‘
517 714 690 762 deque'.
751 714 801 751 Et
820 718 1035 763 praeterea
1059 724 1133 762 pro
1162 713 1239 753 alio
1264 725 1432 763 quoque
1457 714 1525 752 ad-

131 771 274 812 uerbio
301 771 457 818 dicitur,
480 769 521 808 id
543 775 607 808 est
628 769 811 816 ‘statim'‚
837 769 949 817 quod
969 769 1008 807 in
1030 768 1092 808 his
1111 769 1312 818 Vergili
1331 766 1522 809 uersibus

133 826 386 867 existimatur
403 827 580 866 obscure
599 830 639 864 et
653 825 919 874 insequenter
935 824 1133 874 particula
1151 825 1229 864 ista
1249 825 1387 875 posita
1409 836 1524 865 esse:

362 926 365 928 —
1099 901 1177 941 Sic
1209 901 1371 941 omnia
1403 900 1525 940 fatis

187 960 240 997 In
271 959 422 1009 peius
448 969 599 997 ruere
625 970 681 998 ac
708 964 844 997 retro
877 958 1129 1007 sublapsa
1159 957 1369 1005 referri3

187 1015 289 1054 Non
321 1014 495 1062 aliter,
526 1026 669 1063 quam
700 1014 784 1063 qui
812 1014 1038 1053 aduerso
1059 1013 1145 1053 uix
1166 1013 1379 1052 flumine
1409 1014 1527 1052 lem·

946 1070 1056 1109 bum

188 1125 438 1176 Remigiis
471 1125 682 1175 subigit,
716 1125 759 1165 si
788 1125 1006 1164 brachia
1037 1126 1177 1165 forte
1203 1123 1424 1173 remisit,

188 1184 359 1231 Atque
396 1182 619 1221 illumin
660 1192 920 1232 praeceps
961 1182 1125 1231 prone
1167 1181 1302 1231 rapit
1346 1182 1528 1220 alueus

953 1249 1099 1279 amni.
