1603 2508
532 65 760 113 V11.(V1.)
791 74 880 102 vm
903 75 1007 102 v1111.
1397 59 1482 101 221

151 143 240 221 Sed
265 180 374 220 hanc
398 143 620 228 utramque
641 176 1057 217 declamatiunculam
1087 188 1217 227 supe1
1238 175 1479 215 Alexandro
1498 181 1522 216 4

14 256 17 259 ·
63 241 117 280 et
127 236 326 288 Scipione
355 231 678 281 celebrauerint,
711 234 863 285 quibus
896 234 1062 274 abunde
1092 239 1132 273 et
1154 232 1309 283 ingenii
1339 237 1381 272 et
1411 231 1484 271 otii

0 294 14 333 Ρ.
64 299 109 347 et
126 293 354 334 uerborum
377 297 444 332 est
453 306 463 340 ;
496 303 575 331 nos
600 290 702 331 satis
719 290 976 339 habebimus,
1003 291 1119 341 quod
1135 302 1188 330 ex
1205 289 1382 330 historia
1403 292 1480 334 est,
1500 296 1521 329 5

0 343 6 384 ,³
63 351 109 392 id
129 350 290 390 dicere:
321 348 563 399 Scipionem
587 348 725 396 istum,
748 358 907 388 uerone
929 359 980 387 an
1004 348 1109 388 salso
1134 347 1350 394 incertum,
1375 347 1484 386 sama

63 412 219 455 tamen,
252 418 346 447 cum
369 411 485 445 esset
505 405 770 452 adulescens,
801 405 913 444 haud
939 404 1102 444 sincera
1120 404 1251 444 fuisse
1269 409 1309 443 et
1331 412 1484 454 prope-

16 469 26 471 *
67 465 239 505 modum
273 462 534 510 constitisse,
567 462 697 501 hosce
718 473 868 501 uersus
892 473 917 501 a
940 462 1023 501 Cn.
1051 461 1251 501 Naeuio
1286 464 1412 511 poeta
1443 458 1483 496 in

67 531 164 562 eum
188 520 370 572 scriptos
392 530 507 560 esse:

125 597 287 638 Etiam
321 596 509 648 quires
546 608 696 636 manu
730 594 941 645 magnas
980 606 1140 644 saepe
1174 593 1346 644 gessit
1375 595 1485 643 glo-

902 650 1072 699 mose,

128 711 290 752 Cuius
313 709 450 751 facta
471 710 589 750 uiua
610 708 742 749 nunc
767 709 972 759 uigent,
1014 708 1102 758 qui
1132 707 1265 758 apud
1299 707 1484 757 gentes

913 767 1058 805 solus
1091 764 1347 816 praestat,

127 827 244 866 Eum
280 824 405 865 suus
443 829 590 875 pater
626 834 734 863 cum
773 821 937 873 pallio
980 821 1039 861 ab
1073 819 1236 860 amica
1273 821 1487 860 abduxit

906 890 1020 919 uno.

154 969 228 1009 His
260 979 338 1018 ego
371 968 566 1008 uersibus
599 969 724 1007 credo
761 967 987 1006 adductum
1009 966 1273 1004 Valerium
1307 965 1527 1011 Antia-6
1562 972 1565 975 ·

12 1027 21 1035 ’
68 1031 169 1066 tem
189 1025 396 1066 aduersus
419 1030 583 1065 ceteros
601 1023 736 1064 omnis
755 1023 983 1074 scriptores
1003 1024 1054 1062 de
1073 1022 1281 1072 Scipionis
1299 1022 1486 1062 moribus

69 1082 259 1123 sensisse
279 1086 321 1121 et
343 1092 434 1121 eam
456 1082 635 1131 puellam
661 1080 869 1130 captiuam
898 1091 981 1119 non
1010 1079 1214 1119 redditam
1249 1078 1354 1129 patri
1386 1078 1487 1119 scri-

68 1139 231 1190 psisse,
255 1143 403 1178 contra
421 1149 544 1187 quam
569 1149 646 1177 nos
670 1148 797 1187 supra
823 1137 1015 1183 diximus,
1039 1136 1115 1175 sed
1136 1141 1338 1174 retentam
1361 1146 1384 1174 a
1402 1135 1487 1175 Sci-

69 1195 197 1247 pione
213 1200 339 1246 atque
352 1194 392 1234 in
416 1194 573 1234 deliciis
595 1194 893 1243 amoribusque
911 1193 962 1232 ab
986 1204 1036 1233 eo
1056 1198 1312 1242 usurpatam.

720 1307 844 1347 5‘1111.

0 1376 63 1437 ῗζ
114 1391 237 1427 Locus
261 1395 458 1437 exemptus
485 1400 533 1425 ex
554 1389 751 1425 annalibus
776 1389 815 1423 L.
842 1389 989 1424 Pisonis
1008 1388 1187 1424 historiae
1205 1392 1241 1422 el
1263 1387 1445 1422 orationis

0 1438 11 1451 ⁰
38 1458 65 1463 '⁷
645 1445 918 1492 lepidissimac.

39 1567 43 1570 .
158 1531 279 1580 Quod
309 1541 377 1570 res
405 1530 626 1570 uidebatur
655 1533 887 1569 memoratu
910 1528 1054 1578 digna,
1089 1538 1212 1578 quam
1235 1527 1388 1566 fecisse
1413 1527 1483 1566 Cn.
1507 1532 1522 1564 1

34 1605 42 1617 ·-
70 1578 271 1634 Flauium,
303 1586 415 1626 Anni
435 1587 575 1634 filium,
609 1587 786 1626 aedilem
809 1587 1005 1631 cultilem,
1040 1585 1082 1623 L.
1105 1584 1223 1624 Piso
1255 1583 1296 1623 in
1326 1583 1488 1623 tertio

29 1656 130 1703 .an
144 1643 250 1684 nali
270 1643 450 1695 scripsit,
469 1654 603 1694 eaque
624 1654 692 1683 res
716 1653 919 1693 peiquam
937 1652 1039 1691 pule
1061 1647 1101 1680 et
1121 1645 1299 1680 uenuste
1323 1644 1490 1678 narrata

29 1681 100 1750 ’ssa
137 1700 354 1749 Pisone,
403 1702 542 1741 locum
576 1700 701 1741 istum
734 1704 866 1738 totum
898 1698 977 1737 huc
1017 1709 1069 1737 ex
1106 1696 1316 1737 Pisonis
1352 1695 1491 1735 annali

29 1767 57 1807 gr·-
62 1757 428 1809 transposuimus.

0 1824 66 1854 ,ῳ
160 1815 271 1864 Cn„
318 1813 471 1865 inquit,
518 1813 766 1860 Flauius,
813 1816 961 1862 patre
1015 1810 1265 1851 libertino
1309 1814 1530 1856 natus‚·2

0 1854 65 1979 ξ
64 1871 332 1926 scriptum
364 1871 621 1918 faciebat3
677 1870 827 1920 isque
863 1868 917 1907 in
960 1878 1024 1908 eo
1061 1873 1297 1917 tempole
1329 1866 1492 1906 aedili

72 1927 253 1970 curuli
292 1928 614 1979 apparebat,
648 1938 747 1977 quo
790 1932 1027 1975 tempore
1059 1924 1257 1964 aediles
1300 1924 1492 1964 subro-

0 1976 64 2038 ᾖζῖ
72 1990 293 2043 gantur,
325 1996 540 2035 eumque
579 1996 668 2035 plo
707 1984 843 2023 tribu
869 1981 1106 2021 aedilem
1139 1982 1372 2021 curulem
1404 1991 1492 2020 re·

0 2037 54 2123 ³:³13
75 2039 472 2082 nuntiauerunt.
533 2041 765 2087 Aedilis,
790 2038 1378 2089 quicomitiahabebat,
1401 2048 1493 2076 ne-
1507 2042 1531 2078 3

77 2102 166 2148 gat
199 2098 468 2149 accipere,
502 2109 665 2148 neque
701 2097 804 2137 sibi
838 2098 1077 2147 placere,
1114 2095 1198 2144 qui
1233 2094 1493 2146 scriptum

0 2196 3 2197 ⁷
38 2154 302 2206 ‘jacerem
325 2166 435 2195 eum
456 2154 674 2195 aedilem
698 2154 830 2194 fieri.
896 2154 980 2192 Cn.
1007 2152 1241 2199 Flauius,
1275 2151 1408 2192 Anni
1432 2151 1531 2192 fi-4

42 2207 203 2269 {lium
233 2210 431 2252 dicitur
469 2212 682 2251 tabulas
726 2209 1002 2261 posuisse,
1035 2209 1238 2260 scriptu
1268 2219 1389 2249 sese
1413 2209 1494 2247 ab·

34 2265 318 2317 „-„dicasse;
355 2268 507 2318 isque
537 2269 729 2308 aedilis
763 2266 962 2307 curulis
992 2267 1164 2306 factus
1201 2271 1295 2306 est.
1358 2265 1530 2305 Idem5
