1619 2476
157 47 184 86 2
793 46 843 85 X.
874 56 902 84 1.

110 166 135 201 6
234 156 704 198 VerbaM.Varronis
723 156 923 195 exlibro
943 155 1341 206 disciplinarum
1360 155 1549 204 quinto

155 214 259 253 haec
289 218 404 252 sunt:
441 212 600 251 Aliud
631 217 709 251 est
738 214 981 261 ‘quarto’
1013 216 1312 262 praetorem
1347 210 1464 250 fieri
1495 216 1550 250 et

158 271 460 319 quartum';
489 268 623 317 quod
645 270 879 317 equarto'
904 268 1077 307 locum
1108 266 1456 316 adsignificat
1491 277 1548 305 ac

157 331 264 364 ties
290 329 411 363 ante
436 324 624 371 factos,
650 325 941 373 ‘quartum’
971 328 1173 372 tempus
1198 321 1548 373 adsignificat

158 385 207 419 et
236 385 316 419 ter
342 380 694 418 antefactum.
756 378 917 428 Igitur
956 379 1152 418 Ennius
1193 383 1365 425 recte,
1409 378 1548 427 quod

157 435 399 475 scribsit:

214 511 462 560 ‘Quintus
495 515 640 561 pater
664 515 903 559 quartum
927 509 985 548 fit
1008 510 1213 549 consul'

156 605 202 639 et
222 600 496 650 Pompeius
521 599 712 647 timide,
733 599 867 648 quod
888 598 935 638 in
957 599 1181 646 theatro,
1203 610 1262 638 ne
1285 599 1546 639 adscribe-

156 660 235 695 ret
286 657 503 696 ‘consul
532 654 1123 703 te1·tium’aut<tertio’,
1148 659 1411 695 extremas
1432 655 1546 695 lite-

155 722 240 752 ras
273 723 369 752 non
403 710 631 751 scribsit.

117 777 137 813 7
242 768 361 816 Quod
383 768 434 806 de
453 766 649 817 Pompeio
672 768 836 806 Varro
869 767 1052 806 breuiter
1082 772 1122 806 et
1152 767 1412 807 subobscure
1434 766 1546 816 dixit,

155 823 275 863 Tiro
300 823 526 870 Tullius,
561 823 828 863 Ciceronis
853 823 1035 870 libertus,
1065 822 1353 872 inepistula
1369 824 1546 872 quadam

156 879 383 919 enarratius
403 878 568 919 scribsit
583 879 760 918 adhunc
779 880 905 918 ferme
918 879 1105 918 modum:
1127 880 1189 918 Cu
1200 890 1238 917 m
1254 879 1283 918 P
1296 890 1319 919 o
1331 891 1403 928 mp
1415 878 1491 918 eiu
1504 890 1542 927 s,

154 935 296 984 inquit,
320 936 497 974 aedem
519 935 799 974 Victoriae
822 934 1169 974 dedicaturus
1201 935 1365 982 foret,
1398 934 1544 973 cuius

154 991 352 1040 gradus
385 991 548 1030 uicem
574 990 766 1029 theatri
788 996 999 1037 essent,
1031 1001 1323 1040 nomenque
1353 990 1463 1030 eius
1493 996 1546 1029 et

151 1048 380 1086 honores
405 1047 785 1094 scriberentur,
808 1046 983 1096 quaeri
1005 1052 1244 1096 coeptum
1265 1050 1363 1093 est,
1383 1050 1546 1085 utrum

155 1104 366 1142 ‘consul
388 1103 571 1143 ‘certio’
592 1102 985 1142 inscribendum
1007 1107 1171 1150 esset,
1190 1113 1248 1141 an
1271 1101 1544 1141 ‘tertium'.

152 1159 269 1197 Eam
305 1170 407 1198 rem
446 1158 725 1208 Pompeius
771 1158 1192 1208 exquisitissime
1225 1157 1435 1197 rettulit
1479 1157 1545 1196 ad

154 1214 500 1254 doctissimos
534 1214 799 1261 ciuitatis,
843 1226 1057 1264 cumque
1089 1213 1462 1254 dissentiretur
1492 1218 1546 1252 et

152 1281 271 1319 pars
323 1271 554 1318 etertio'‚
602 1270 692 1309 alii
735 1271 1008 1309 ‘tertium’
1049 1269 1382 1310 scribendum
1420 1279 1543 1307 con-

151 1326 454 1373 tenderent,
486 1326 724 1376 rogauit,
758 1326 900 1374 inquit,
923 1324 1542 1374 CiceronemPompeius,

150 1386 209 1420 ut
260 1382 395 1431 quod
446 1382 496 1421 ei
544 1381 740 1420 rectius
787 1381 1065 1420 uideretur
1112 1380 1271 1421 scribi
1324 1379 1542 1419 iuberet.

150 1437 252 1477 Tum
271 1437 569 1487 Ciceronem
598 1437 779 1476 iudicare
798 1437 848 1475 de
869 1437 967 1476 uiris
991 1437 1124 1478 doctis
1143 1436 1319 1476 ueritum
1335 1447 1444 1483 esse,
1476 1446 1541 1481 ne,

152 1504 327 1542 quorum
346 1493 582 1543 opinionem
603 1494 879 1542 inprobasset,
909 1493 1026 1543 ipsos
1047 1493 1259 1533 uideretur
1277 1492 1541 1542 inprobasse.

149 1549 418 1589 Persuasit
453 1549 611 1599 igitur
647 1549 917 1598 Pompeio,
958 1554 1016 1588 ut
1060 1560 1228 1599 neque
1274 1547 1540 1587 ‘tertium'

150 1616 319 1655 neque
358 1606 579 1646 ttertio'
618 1605 967 1653 scriberetur,
1010 1607 1100 1645 sed
1145 1605 1211 1644 ad
1255 1603 1540 1644 secundum

149 1672 313 1711 usque
340 1661 565 1701 tfierent
594 1662 798 1708 literae,
831 1667 881 1700 ut
911 1662 1071 1701 uerbo
1104 1672 1201 1701 non
1231 1657 1538 1710 perscribto

148 1728 230 1756 res
268 1718 471 1767 quidem
508 1719 989 1764 demonstraretur,
1039 1718 1130 1757 sed
1159 1715 1332 1755 dictio
1373 1719 1538 1754 tamen

148 1773 377 1823 ambigua
405 1773 548 1813 uerbi
580 1775 785 1813 lateret.

109 1835 131 1869 8
233 1830 277 1868 Id
309 1836 456 1877 autem,
491 1831 604 1879 quod
624 1831 846 1869 etVairo
876 1834 916 1868 et
943 1828 1059 1868 Tiro
1093 1827 1294 1873 dixerunt,
1317 1825 1358 1864 in
1390 1826 1538 1866 eodem

109 1891 254 1926 9nunc
276 1886 437 1926 theatio
462 1898 544 1925 non
569 1891 632 1925 est
650 1885 705 1924 ita
726 1885 937 1924 scribtum.
997 1886 1098 1924 Nam
1129 1894 1220 1922 cum
1252 1882 1389 1921 multis
1419 1881 1536 1921 annis

147 1947 297 1991 postea
317 1953 481 1990 scaena,
507 1953 613 1991 quae
630 1942 876 1990 prociderat,
897 1942 1051 1980 refecta
1072 1943 1196 1985 esset,
1214 1948 1409 1977 numerus
1431 1936 1539 1977 tertii

150 1998 389 2038 consulatus
412 2010 494 2038 non
510 1998 567 2037 uti
583 1997 693 2037 initio
712 1996 959 2048 primoribus
977 1995 1116 2042 literis,
1142 1994 1216 2033 sed
1233 1993 1362 2032 tribus
1380 1998 1536 2033 tantum

148 2053 295 2093 liniolis
317 2053 456 2094 incisis
479 2054 731 2103 significatus
750 2058 826 2092 est.

87 2114 137 2148 10
238 2111 281 2148 In
298 2111 351 2148 M.
370 2116 505 2149 autem
532 2109 747 2150 Catonis
772 2113 954 2158 quarta
976 2106 1174 2156 origine
1192 2105 1248 2144 ita
1262 2105 1536 2155 perscribtum

150 2170 233 2204 est:
267 2165 733 2214 Carthaginienses
769 2169 971 2204 sextum
1004 2163 1070 2202 de
1102 2162 1325 2203 foedere
1348 2162 1537 2200 deces-

148 2231 169 2258 s
181 2231 232 2259 er
244 2231 278 2258 e.
312 2221 356 2259 Id
374 2223 543 2260 uerbum
561 2221 781 2273 significat,
800 2218 1046 2270 quinquiens
1064 2222 1158 2257 ante
1179 2228 1252 2257 eos
1271 2217 1420 2257 fecisse
1439 2227 1535 2256 con-
