1619 2476
101 62 159 105 20
537 64 685 100 INDEX
726 63 1083 102 CAPITVLORVM.

104 179 170 223 sit;
204 182 238 215 et
263 177 365 225 quod
394 188 438 212 eo
472 177 588 213 uerbo
615 176 751 223 uolgus
775 175 968 212 hominum
998 177 1189 224 inproprie
1220 181 1368 224 utatur;
1400 183 1512 226 atque

103 236 212 279 inibi,
237 235 337 281 quod
354 244 520 280 praecox
537 233 764 269 declinatum
779 233 978 279 praecocis
1006 234 1142 278 saciat,
1168 245 1245 270 non
1268 237 1512 282 praecoquis.

214 291 291 326 XII.
329 291 381 326 De
413 291 594 337 portentis
627 290 857 333 fabularum,
892 299 988 335 quae
1013 290 1154 326 Plinius
1181 289 1382 327 Secundus
1416 292 1512 328 indi-

101 349 282 395 gnissime
303 348 339 382 in
355 347 605 383 Democritum
621 345 887 392 philosophum
905 346 1068 390 confert;
1099 350 1134 382 et
1163 346 1304 383 ibidem
1331 347 1378 384 de
1397 348 1512 385 simu-

102 406 204 440 lacro
223 404 367 440 uolucri
386 405 595 440 columbae.

214 461 309 496 XIII.
339 459 429 496 Cum
445 461 581 506 partim
598 459 790 494 hominum
807 470 879 504 qua
896 459 1039 495 ratione
1058 462 1206 494 ueteres
1226 459 1404 495 dixerint.

214 517 326 552 XIIII.
356 517 493 552 Iniuria
511 515 599 551 mihi
627 517 764 551 sactum
784 516 876 557 itur,
911 515 1011 561 quali
1037 517 1238 551 uerborum
1262 515 1394 552 ordine
1421 515 1510 553 Cato

102 572 250 609 dixerit.

213 629 297 664 XV.
326 630 378 665 Dc
402 628 563 665 flaminis
580 628 697 663 Dialis
718 627 838 674 deque
863 626 1076 663 flaminicae
1102 628 1348 673 caerimonis;
1378 630 1511 665 uerba-

101 697 171 732 que
190 697 236 721 ex
256 686 378 722 edicto
396 685 580 731 praetoris
605 685 797 730 apposita,
833 684 965 730 quibus
984 683 1094 727 dicit,
1124 695 1198 719 non
1224 689 1445 721 coacturum
1469 697 1510 722 se

102 742 150 778 ad
169 742 367 778 iurandum
386 752 505 788 neque
524 741 691 787 uirgines
710 740 851 776 Vestae
870 751 990 786 neque
1007 740 1166 776 Dialem.

215 799 314 833 XVI.
344 799 446 842 Quos
463 808 610 833 errores
635 797 748 832 Iulius
767 796 940 843 Hyginus
969 796 1004 831 in
1033 800 1138 832 sexto
1156 797 1315 844 Vergilii
1343 798 1512 834 animad-

100 856 274 899 uerterit,
296 856 332 890 in
350 855 522 890 Romana
538 854 697 889 historia
713 857 875 888 erratos.

213 911 329 946 XVII.
362 911 482 955 Quam
508 912 554 946 ob
582 920 738 945 causam
756 913 792 944 et
820 909 920 955 quali
951 908 1063 944 modo
1080 909 1315 946 Democritus
1343 909 1512 956 philoso-

98 968 197 1014 phus
225 968 425 1003 lumimbus
453 967 647 1002 oculorum
673 977 759 1001 sese
788 965 1018 1011 priuauerit;
1048 969 1082 1001 et
1112 976 1225 1012 super
1251 976 1298 1002 ea
1315 976 1356 1002 re
1375 977 1510 1002 uersus

99 1025 248 1060 Laberii
271 1035 363 1070 pure
392 1023 596 1059 admodum
621 1028 656 1058 et
672 1025 828 1057 uenuste
848 1022 946 1057 sacti.

213 1080 346 1115 XVIII.
391 1079 556 1115 Historia
585 1079 630 1114 de
661 1078 887 1121 Artemisia3
922 1077 1044 1124 deque
1078 1089 1122 1114 eo
1153 1079 1376 1123 certamine,
1410 1079 1512 1125 quod

102 1142 189 1184 aput
208 1137 370 1172 Mausoli
387 1137 601 1182 sepulcrum
621 1146 643 1170 a
660 1135 903 1170 scribtoribus
922 1135 1070 1170 inclutis
1090 1134 1323 1170 decertatum
1339 1138 1410 1171 est.

212 1193 358 1229 XVIIII.
381 1193 464 1228 Non
480 1192 634 1239 purgari
652 1202 771 1237 neque
789 1191 909 1226 leuari
925 1195 1135 1237 peccatum,
1155 1202 1240 1227 cum
1254 1191 1511 1237 praetenditur

99 1253 360 1296 peccatorum,
405 1260 501 1295 quae
533 1249 594 1284 alii
627 1258 774 1294 quoque
806 1251 1079 1293 peccauerunt,
1127 1247 1352 1291 similitudo3
1399 1251 1510 1294 atque

101 1306 191 1341 inibi
208 1307 325 1341 uerba
343 1316 390 1341 ex
407 1306 575 1341 oratione
596 1315 708 1350 super
732 1315 777 1339 ca
793 1313 832 1338 re
851 1303 1130 1339 DemostheniS.

213 1362 296 1397 XX.
330 1361 428 1405 Quid
443 1362 489 1397 sit
504 1361 671 1408 rogatio,
692 1359 781 1406 quid
799 1360 879 1403 lex,
908 1359 997 1405 quid
1013 1359 1292 1406 plebisscitum,
1319 1359 1410 1406 quid
1435 1361 1510 1406 pri-

99 1419 303 1465 uilequm;
329 1422 365 1453 et
387 1421 565 1464 quantum
583 1417 655 1453 ista
672 1416 797 1452 omnia
815 1415 1005 1461 differant.

214 1474 312 1509 XXI.
346 1474 466 1518 Quam
484 1475 529 1509 ob
549 1484 704 1509 causam
720 1473 768 1509 M.
791 1472 920 1508 Cicero
945 1472 1004 1507 his
1031 1473 1182 1508 omnino
1202 1472 1352 1509 uerbis:
1382 1473 1510 1509 nouis-

103 1532 197 1566 sime
219 1535 254 1566 et
274 1531 504 1566 novissimus
522 1529 855 1566 obseruantissime
874 1529 1011 1564 uitarit.

214 1586 327 1622 XXII.
358 1587 479 1622 Locus
497 1589 692 1632 exemptus
711 1597 759 1620 cx
773 1586 938 1621 Platonis
957 1586 1072 1630 libro,
1101 1586 1163 1632 qui
1188 1585 1402 1621 inscribitur
1418 1584 1508 1621 Gor-

102 1643 206 1689 gias,
226 1643 273 1678 de
291 1643 411 1679 salsae
428 1642 694 1689 philosophiae
717 1642 865 1688 probris
881 1671 889 1687 ‚
923 1642 1057 1688 quibus
1086 1641 1336 1688 philosophos
1368 1644 1508 1676 temere

101 1700 315 1741 incessunt,
336 1700 398 1745 qui
417 1700 667 1735 emolumenta
682 1710 796 1734 uerae
813 1698 1078 1745 philosophiae
1097 1700 1283 1746 ignorant.

214 1755 345 1790 XXIII.
374 1756 501 1791 Verba
519 1767 566 1791 ex
582 1756 749 1791 oratione
773 1755 824 1790 M.
850 1753 1001 1791 Catonis
1035 1754 1081 1790 de
1112 1755 1308 1790 mulierum
1337 1756 1508 1789 ueterum

100 1812 202 1846 uictu
222 1816 257 1846 et
274 1812 463 1855 moribus;
496 1815 605 1858 atque
622 1812 730 1855 inibi,
754 1811 854 1857 quod
872 1812 982 1846 suerit
1009 1811 1066 1847 ius
1091 1811 1223 1847 marito
1255 1811 1292 1846 in
1324 1808 1507 1845 adulterio

101 1877 258 1903 uxorem
276 1867 553 1914 deprehensam
570 1879 720 1904 nccare.

214 1924 360 1959 XXIIII.
390 1924 456 1959 Die
474 1924 640 1970 pristim,
674 1924 734 1959 die
752 1924 904 1959 crastini
936 1927 970 1958 et
995 1923 1054 1958 die
1077 1923 1197 1969 quarti
1226 1925 1262 1962 et
1293 1921 1354 1957 die
1376 1915 1506 1968 Quinti,

103 1980 163 2024 qui
183 1981 393 2026 elegantius
409 1981 523 2016 locuti
541 1981 634 2023 sint,
663 1979 807 2015 dixisse
820 2008 828 2023 ,
856 1990 932 2014 non
950 1983 987 2015 ut
1003 1989 1048 2015 ea
1064 1989 1163 2014 nunc
1186 1979 1302 2026 uulgo
1319 1977 1506 2014 dicuntur.
1562 1981 1585 2036 3
1613 2007 1615 2010 Α

215 2035 332 2073 XXV.
364 2035 539 2072 Telorum
557 2040 592 2072 et
608 2037 814 2072 iaculorum
841 2034 1149 2083 gladiorumque,
1183 2038 1293 2081 atque
1323 2034 1413 2070 inibi
1442 2045 1507 2071 na-

103 2091 205 2126 uium
223 2102 370 2138 quoque
387 2093 575 2129 uocabula
588 2122 596 2136 ‚
615 2104 711 2139 quae
730 2092 871 2138 scripta
888 2092 925 2127 in
941 2095 1110 2127 ueterum
1134 2090 1238 2127 libris
1254 2090 1504 2137 reperiuntur.
1556 2078 1585 2134 θ’

215 2146 350 2183 XXVI.
382 2148 517 2184 Inscite
544 2151 588 2185 ab
614 2149 747 2184 Asinio
771 2149 940 2184 Pollione
971 2147 1247 2193 reprehensum
1273 2145 1505 2190 Sallustium,
1563 2154 1570 2171 ⁴-

105 2203 206 2250 quod
222 2205 583 2240 transfretationem:
603 2208 884 2252 transgressum
902 2204 1056 2248 d1xerit,
1076 2207 1129 2239 et:
1148 2207 1425 2251 transgressos,
1442 2203 1507 2251 qui
1563 2222 1571 2248 s

104 2261 427 2296 transfretassent.
