1619 2476
146 50 230 93 248
731 53 819 92 XX.
836 64 876 91 v.
900 63 958 92 v1.

145 165 322 214 negotiis
362 165 500 204 literas
536 165 588 202 ad
623 165 971 204 Aristotelem
1012 164 1141 212 misit,
1179 176 1263 205 non
1299 175 1393 204 eum
1430 172 1542 205 reete

145 222 317 268 secisse,
364 222 478 269 quod
520 220 758 270 disciplinas
794 222 1047 270 acroatieas,
1096 220 1246 271 quibus
1274 221 1325 260 ab
1363 233 1413 261 eo
1451 222 1542 271 ipse

105 277 330 321 seruditus
358 278 484 324 foret,
519 277 629 316 libris
662 278 773 317 foras
806 277 927 317 editis
947 278 1229 328 inuolgasset:
1263 280 1275 300 ³
1287 278 1387 317 Nam
1423 280 1542 327 qua',

143 333 294 382 inquit,
328 337 339 355 ²
355 334 433 372 alia
450 345 495 373 re
519 339 734 383 praestare
752 334 902 374 ceteris
926 334 1179 384 poterimus,
1211 334 1247 374 si
1264 345 1332 386 ea,
1366 345 1471 384 quae
1488 345 1542 373 ex

145 395 184 429 te
201 390 457 439 accepimus,
492 390 673 430 omnium
699 402 852 440 prosus
875 391 975 430 fient
997 390 1260 431 communia?
1292 390 1444 441 quippe
1461 401 1541 440 ego

145 446 334 486 doctrina
351 447 508 486 anteire
530 447 685 494 malim,
720 459 842 497 quam
860 448 991 497 copiis
1010 453 1136 498 atque
1153 447 1413 497 opulentiis’.

105 511 128 547 9
226 503 455 553 Rescripsit
479 503 516 543 ei
532 504 856 544 Aristoteles
875 505 927 543 ad
943 505 1050 544 hanc
1072 504 1338 544 sententiam:
1369 504 1543 543 tAcroa-

144 558 252 599 ticos
281 560 430 608 libros,
457 572 564 610 quos
590 561 724 601 editos
745 561 931 610 quereris
955 566 996 600 et
1021 573 1104 601 non
1129 561 1305 611 proinde
1330 564 1376 599 ut
1390 570 1543 599 arcana

145 616 436 664 absconditos,
484 628 621 666 neque
656 617 791 657 editos
831 618 935 657 scito
973 629 1069 657 esse
1101 629 1238 667 neque
1270 629 1353 657 non
1391 615 1543 663 editos,

145 673 340 721 quoniam
362 674 425 713 his
456 674 555 713 solis
590 673 831 723 cognobiles
852 680 991 720 erunt,
1024 674 1110 724 [qui
1131 686 1209 714 nos
1233 673 1511 720 audiuerunt.]

87 739 133 773 10
227 730 430 780 Exempla
447 740 715 779 utrarumque
739 731 967 778 literarum,
999 736 1165 781 sumpta
1188 742 1240 770 ex
1254 733 1329 770 An
1342 729 1543 769 dronici
1601 720 1604 723 ’

142 785 384 837 philosophi
413 787 516 828 libio
549 787 727 827 subdidi.
787 790 853 827 An
886 793 1022 827 autem
1057 799 1211 838 prosus
1251 787 1291 826 in
1324 786 1543 835 utriusque

146 842 324 892 epistula
340 843 554 884 breuitatis
574 845 664 893 eleg
668 844 906 884 intissimae
931 845 1044 884 filum
1064 843 1376 891 tenuissimum[
1387 871 1515 882 ......
1526 846 1542 889 ]

86 921 130 956 11
253 905 614 962 Ἀλέξανδρος
642 904 1019 962 Ἀριστοτέλει
1054 908 1111 950 εὐ
1147 905 1424 962 πράττειν.

233 972 345 1017 Οὐκ
391 971 576 1028 ὀρθῶς
604 974 898 1041 ἐποίησας,
935 971 1138 1025 ἐκδοὺς
1176 971 1303 1024 τούς
1333 969 1545 1027 ἀκροα-

143 1028 345 1082 τικούς
401 1033 509 1072 τῶν
554 1029 756 1085 λόγων·
818 1033 930 1073 τίνι
980 1029 1081 1100 γὰρ
1135 1027 1204 1085 δὴ
1254 1031 1548 1097 διοίσομεν

142 1084 299 1142 ἡμεῖς
339 1089 443 1129 τῶν
470 1083 692 1144 ἄλλων,
743 1089 791 1130 εἰ
835 1085 958 1130 καθ’
998 1084 1091 1138 οὓς
1132 1083 1549 1154 ἐπαιδεύθημεν

143 1143 376 1198 λόγους,
422 1144 578 1186 οὑτοι
626 1144 847 1186 πάντων
893 1146 1117 1187 ἔσονται
1166 1145 1371 1194 κοινοί;
1417 1141 1542 1198 Ἐγώ

144 1199 200 1242 δὲ
239 1203 555 1268 βουλοίμην
593 1195 658 1242 ἂν
697 1208 815 1251 ταις
849 1202 973 1256 περὶ
1009 1199 1070 1244 τὰ
1112 1197 1309 1268 α’ριστα
1351 1199 1545 1255 ἐμπεί-

143 1259 291 1309 ρίαις
322 1252 348 1311 ἢ
377 1265 492 1307 ταῖς
522 1256 838 1312 δυνάμεσιν
870 1259 1175 1313 διαφέρειν.
1226 1254 1483 1312 ’Ἐρρωσα

86 1332 527 1387 12Ἀριστοτέλης
557 1336 781 1388 βασιλεῖ
804 1331 1132 1390 Ἀλεξάνδρῳ
1162 1326 1224 1375 εὖ
1256 1330 1540 1388 πράττειν.

216 1398 493 1454 Ἕγραψάς
523 1415 617 1454 μοι
654 1399 781 1467 περὶ
811 1416 919 1442 των
948 1396 1312 1470 ἆκροατικῶν,
1334 1397 1544 1468 λόγων,

143 1455 406 1524 οἰόμενος
450 1457 569 1498 ὁεῑν
602 1453 809 1507 αὐτους
848 1455 1154 1510 φυλάττειν
1193 1455 1250 1498 ἐν
1288 1452 1544 1529 ἀπορρή-

142 1531 273 1564 τοις.
321 1509 462 1556 ”Iam
501 1513 605 1554 οὐν
639 1509 844 1563 αὐτούς
880 1514 971 1555 καὶ
1009 1512 1420 1580 ἐκδεδομένους
1455 1512 1544 1555 καὶ

142 1568 214 1626 μὴ
260 1568 694 1636 ἐκδεδομένους·
744 1569 962 1620 ξυνετοὶ
1002 1568 1103 1625 γάρ
1154 1571 1303 1612 εἰσιν
1347 1567 1545 1623 μόνοις

142 1635 255 1677 τοῖς
300 1628 456 1681 ἡμων
505 1622 835 1668 ἀκούσασιν.
886 1623 1128 1682 ’Έρρωσο
1168 1622 1544 1681 Ἀ[λε’ξανδρε]
1608 1676 1611 1678 v

183 1685 434 1738 [ασιλεύ].

87 1687 170 1785 13β
228 1744 318 1782 Hoc
345 1753 422 1791 ego
446 1743 640 1781 uerbum:
674 1740 893 1791 ξυνετοὶ
921 1739 1026 1795 γάρ
1057 1741 1201 1781 εἰσιν
1226 1752 1433 1791 quaerens
1458 1752 1543 1780 uno

143 1799 283 1838 itidem
318 1799 449 1838 uerbo
489 1799 648 1846 dicere,
687 1799 797 1838 aliud
830 1811 912 1839 non
949 1798 1136 1849 repperi,
1168 1809 1292 1848 quam
1324 1797 1437 1848 quod
1480 1801 1545 1837 est

146 1855 344 1906 scriptum
367 1867 390 1893 a
414 1856 467 1894 M.
500 1856 699 1895 Catone
722 1856 760 1894 in
787 1861 937 1895 sexta
968 1855 1191 1904 origine:
1220 1856 1404 1903 Itaque
1426 1863 1543 1903 ego,

142 1912 285 1961 inquit,
311 1923 437 1961 cogn
454 1911 728 1951 obiliorem
755 1912 1116 1962 cognitionem
1146 1922 1267 1950 esse
1290 1909 1544 1948 arbitror„

810 2003 879 2043 Vl.

202 2061 420 2105 Quaesitum
439 2065 547 2107 atque
571 2066 778 2106 tractatum,
801 2066 923 2097 utrum
945 2062 1016 2097 siet
1032 2062 1170 2097 rectius
1193 2060 1341 2097 dicere:
1362 2060 1487 2096 habeo

556 2129 683 2154 curam
708 2119 835 2162 uestri,
860 2127 928 2154 an:
951 2122 1130 2154 uestrum.

109 2200 125 2232 1
230 2194 511 2234 Percontabar
526 2194 881 2244 Apollinarem
898 2192 1203 2243 Sulpicium,
1237 2203 1330 2232 cum
1347 2201 1441 2232 eum
1461 2191 1543 2231 Ro-

143 2258 236 2289 mae
264 2250 602 2291 adulescentulus
629 2255 830 2298 sectarer,
865 2261 946 2300 qua
968 2248 1129 2290 ratione
1154 2248 1362 2288 diceretur
1383 2251 1395 2270 ²
1406 2247 1542 2287 habeo
