1603 2508
646 66 713 104 111.
732 76 806 103 vn.
823 75 916 103 v111.
1000 79 1005 84 ·
1403 61 1485 103 121

79 178 299 227 statuis;
331 178 544 229 elogiis,
565 177 814 219 historiis
845 177 1079 227 aliisque
1105 177 1262 216 rebus
1291 176 1485 227 gratis-

79 235 259 276 simum
287 235 338 276 id
368 235 480 276 eius
516 237 709 276 factum
738 235 986 274 habuere.
1027 237 1091 273 At
1121 233 1332 273 tribuno
1358 233 1485 273 mili-

78 297 183 332 tum
205 304 376 343 parua
403 294 517 333 laus
549 305 641 343 pro
666 291 824 331 factis
849 291 1063 339 relicta,
1090 290 1325 341 quiidem
1347 292 1486 330 fece-

78 354 158 389 rat
192 354 351 399 atque
381 361 484 389 rem
517 354 844 390 seruauerat.

27 400 55 422 “·
160 407 278 446 Hanc
311 407 356 456 Q.
382 406 546 446 Caedici
576 405 729 446 tribuni
755 405 949 445 uirtutem
970 407 1024 445 M.
1064 406 1187 445 Cato
1218 404 1289 444 tali
1319 416 1396 445 suo
1430 411 1485 444 te·
1498 416 1547 450 20

80 462 274 503 stimonio
325 463 553 503 decorauit.
621 462 870 503 Claudius
923 467 1061 502 autem
1106 461 1543 512 Quadrigariusm

79 520 288 560 annalis
337 520 496 560 tertio
544 532 628 560 non
669 519 860 559 Caedicio
903 531 1056 559 nomen
1104 518 1234 558 fuisse
1282 519 1362 567 ait,
1411 519 1487 558 sed

79 577 270 617 Laberio.

725 691 831 731 VIII.

79 774 226 810 Literae
261 775 424 811 eximiae
456 775 655 810 consulum
688 773 727 810 C.
759 774 920 810 Fabricii
952 778 987 809 ct
1019 774 1063 818 Q.
1091 774 1245 810 Aemilii
1276 773 1324 809 ad
1356 784 1488 820 regem

136 831 324 878 Pyrrhum
357 842 378 866 a
413 831 457 875 Q.
483 830 659 876 Claudio,
695 832 879 877 scriptore
906 831 1168 872 historiarum,
1199 831 1236 866 in
1266 831 1488 866 memoriam

139 887 265 923 datae.

166 976 265 1015 Cum
281 975 466 1026 Pyrrhus
484 987 559 1015 rex
578 975 619 1014 in
640 980 750 1014 terra
766 974 880 1014 Italia
899 981 1013 1015 esset
1035 981 1074 1015 et
1095 987 1220 1015 unam
1243 980 1368 1024 atque
1390 975 1487 1013 alte·
1506 986 1524 1019 1

79 1043 166 1071 ram
196 1043 360 1081 pugnas
391 1043 597 1081 prospere
628 1037 861 1081 pugnasset
891 1032 1078 1082 satisque
1108 1036 1281 1082 agerent
1311 1029 1488 1071 Romani

79 1094 119 1128 ct
143 1089 344 1138 pleraque
374 1088 489 1127 Italia
518 1089 569 1127 ad
592 1100 734 1138 regem
764 1088 1031 1137 desciuisset‚
1064 1095 1151 1128 tum
1172 1087 1486 1128 Ambraciensis

81 1144 285 1195 quispiam
305 1144 594 1192 Timochares,
617 1145 726 1194 regis
749 1145 896 1195 Pyrrhi
918 1145 1090 1193 amicus,
1115 1147 1167 1185 ad
1191 1147 1231 1185 C.
1254 1145 1487 1184 Fabricium

83 1202 301 1242 consulem
323 1201 461 1241 furtim
490 1201 604 1241 uenit
633 1213 681 1240 ac
712 1202 940 1250 praemium
970 1203 1116 1251 petiuit
1147 1209 1206 1250 et,
1240 1202 1274 1242 si
1297 1202 1350 1240 de
1370 1213 1488 1251 prae-

78 1258 160 1298 mio
184 1258 449 1307 conueniret,
478 1258 690 1308 promisit,
727 1270 867 1308 regem
889 1259 1063 1299 uenenis
1085 1271 1258 1307 necare3
1285 1259 1412 1308 idque
1433 1259 1487 1297 sa-

79 1315 157 1355 cile
178 1316 289 1354 factu
311 1326 408 1355 esse
425 1314 547 1363 dixit,
571 1315 767 1365 quoniam
792 1315 901 1355 filius
924 1328 1026 1355 suus
1051 1318 1205 1365 pocula
1224 1316 1264 1355 in
1290 1315 1485 1355 conuiuio

13 1419 16 1422 y
77 1372 167 1422 regi
197 1372 462 1412 ministraret.
524 1373 626 1411 Eam
651 1383 738 1411 rem
767 1372 980 1412 Fabricius
1017 1374 1071 1412 ad
1093 1379 1284 1413 senatum
1306 1372 1486 1421 scripsit.
1504 1380 1526 1413 2

80 1428 260 1468 Senatus
282 1429 335 1467 ad
362 1440 504 1479 regem
529 1430 690 1479 legatos
721 1429 831 1469 misit
857 1430 1175 1480 mandauitque,
1205 1435 1251 1469 ut
1281 1430 1333 1468 de
1353 1429 1485 1469 Timo·
1504 1437 1526 1472 3

3 1483 22 1541 ἦ
79 1486 203 1524 chare
225 1485 323 1525 nihil
348 1486 596 1535 proderent,
638 1487 714 1525 sed
748 1492 986 1534 monerent,
1028 1487 1086 1527 uti
1123 1498 1198 1527 rex
1234 1487 1485 1536 circumspe-

9 1553 20 1568 ’-
80 1541 186 1581 ctius
207 1547 351 1592 ageret
373 1547 499 1592 atque
524 1554 547 1581 a
568 1542 854 1592 proximorum
883 1543 1044 1583 insidiis
1067 1545 1242 1584 salutem
1269 1548 1485 1583 tutaretur.

11 1614 19 1644 χ
78 1599 170 1638 Hoc
189 1598 265 1647 ita,
291 1598 350 1638 uti
368 1599 568 1647 diximus,
597 1599 642 1638 in
665 1600 845 1639 Valeri
871 1600 1107 1640 Antiatis
1138 1600 1368 1641 historia
1389 1599 1528 1643 scri-4

10 1654 30 1689 ἶΪ
77 1659 193 1705 ptum
223 1660 300 1696 est.
363 1656 746 1706 Quadrigarius
779 1663 916 1696 autem
950 1657 996 1696 in
1037 1658 1173 1697 libro
1203 1657 1365 1696 tertio
1402 1666 1526 1699 non5

77 1711 386 1761 Timocharem,
420 1713 497 1752 sed
523 1713 678 1752 Niciam
711 1714 852 1753 adisse
880 1714 933 1752 ad
965 1716 1181 1754 consulem
1204 1713 1390 1762 scripsit,
1417 1725 1488 1752 ne-

80 1780 161 1818 que
177 1770 340 1819 legatos
361 1781 385 1809 a
406 1775 555 1810 senatu
576 1769 744 1819 missos,
768 1771 844 1810 sed
867 1783 889 1809 a
908 1771 1166 1819 consulibus,
1191 1775 1232 1810 et
1251 1770 1486 1820 [Pyrrhum]

5 1823 27 1846 *⁴
79 1827 238 1876 populo
256 1827 447 1866 Romano
469 1828 615 1866 laudes
638 1832 764 1877 atque
784 1827 938 1877 gratias
960 1828 1183 1878 scripsisse
1210 1827 1487 1877 captiuosque

81 1893 249 1931 omncs,
274 1895 382 1933 quos
403 1888 490 1922 tum
505 1883 668 1931 habuit,
692 1884 919 1924 uestiuisse
944 1890 984 1924 et
1008 1884 1259 1924 reddidisse.

165 1939 369 1979 Consules
392 1944 478 1979 tum
501 1941 669 1980 fuerunt
691 1942 732 1980 C.
752 1941 964 1981 Fabricius
992 1946 1032 1981 et
1054 1942 1099 1990 Q.
1118 1940 1334 1980 Aemilius.
1367 1940 1544 1981 Lite-65

79 2005 148 2035 ras
163 2027 173 2043 ‚
218 2007 322 2045 quas
353 1997 404 2035 ad
440 2008 582 2046 regem
613 1998 816 2048 Pyrrhum
853 2010 982 2048 super
1018 2010 1067 2037 ea
1106 2009 1233 2037 causa
1269 1997 1484 2044 miserunt,

83 2051 339 2093 Claudius
363 2053 744 2104 Quadrigarius
782 2055 950 2105 scripsit
974 2055 1102 2094 fuisse
1127 2055 1208 2094 hoc
1231 2055 1445 2103 exemplo:

142 2131 400 2172 Consules
421 2133 639 2173 Romani
664 2135 891 2173 salutem
914 2133 1100 2173 dicunt
1120 2134 1318 2184 Pyrrho
1340 2133 1463 2183 regi,
1502 2144 1526 2178 8

80 2218 182 2260 Nos
206 2230 295 2269 pro
318 2221 421 2261 tuis
449 2221 655 2262 iniuriis
686 2222 945 2263 continuis
976 2222 1142 2262 animo
1168 2227 1322 2262 tenus
1355 2233 1486 2261 com·

81 2275 206 2314 moti
247 2275 531 2318 inimiciter
580 2285 750 2319 tecum
793 2280 990 2318 bellare
1033 2280 1311 2319 studemus.
1386 2278 1485 2318 Sed
