1603 2508
508 43 662 82 INDEX
704 43 1070 82 CAPITVLORVM.
1439 43 1495 86 33

128 157 133 161 ’
180 161 247 197 VI.
287 159 536 208 Quodpudor
555 159 781 206 sanguinem
809 159 859 196 ad
883 163 1013 196 extera
1040 157 1238 205 diffundit,
1265 161 1374 197 timor
1402 172 1494 198 uero

65 216 267 311 comp-‘3²3⁸
301 273 403 320 Quid
420 274 468 311 sit
483 276 665 318 obesum;
695 275 951 322 nonnullaque
970 275 1045 311 alia
1064 275 1192 322 prisca
1207 276 1410 312 uocabula.

178 332 277 378 VIII.
317 331 522 380 Quaestio,
553 343 600 368 an
622 331 786 376 harena,
805 333 974 376 caelum,
1000 333 1182 377 triticum,
1205 333 1368 381 pluralia
1391 333 1495 369 inue-

64 391 236 435 niantur3
270 393 381 437 atque
399 389 491 426 inibi
515 388 562 425 de
588 388 806 437 quadrigis,
834 390 1062 434 inimicitiis,
1089 391 1278 427 nonnullis
1295 395 1494 438 praeterea

64 447 283 492 uocabulis,
301 457 350 483 an
366 446 553 494 singulari
571 457 728 483 numero
748 447 1041 494 comperiantur.

177 503 293 541 VIIII.
328 503 484 541 Antonii
500 503 634 541 Iuliani
659 505 697 540 in
723 505 899 541 conuiuio
928 504 977 540 ad
1002 504 1190 552 quosdam
1208 504 1374 541 Graecos
1405 506 1495 553 lepi-

65 561 226 600 dissima
244 561 462 609 responsio.

175 618 225 655 X.
263 618 393 655 Verba
408 618 505 655 haec
520 628 527 654 :
545 622 694 665 praeter
710 623 885 666 propter,
914 620 952 655 in
970 630 1042 655 usu
1062 619 1166 666 uulgi
1183 618 1354 666 prodita,
1381 621 1494 657 etiam

62 677 172 714 Ennii
200 675 334 713 fuisse.

175 732 240 770 XI.
276 733 385 769 Ponit
400 743 537 769 uersus
555 733 721 769 Platonis
741 734 967 777 amatorios,
992 744 1087 780 quos
1115 732 1323 769 admodum
1343 734 1492 771 iuuenis

62 791 170 836 lusit,
201 789 291 826 dum
307 789 518 838 tragoediis
537 790 743 827 contendit.

174 847 256 884 XII.
294 847 517 884 Dissertatio
549 847 712 884 Herodis
744 848 855 883 Attici
894 859 1007 895 super
1039 849 1076 884 ui
1111 853 1145 883 et
1178 853 1311 884 natura
1347 847 1489 885 doloris

60 915 231 952 suaeque
248 905 439 953 opinionis
457 904 654 941 affirmatio
672 916 739 952 per
757 907 970 952 exemplum
989 904 1128 942 indocti
1148 906 1298 950 rustici,
1325 907 1388 952 qui
1406 917 1491 942 cum

61 963 166 999 rubis
184 962 396 999 fructiferas
415 963 571 999 arbores
596 962 798 1010 praecidit.

173 1018 274 1055 XIII.
305 1019 409 1064 Quos
435 1019 662 1067 pumiliones
682 1020 842 1056 dicimus
856 1049 864 1062 ‚
885 1019 1029 1056 Graece
1050 1012 1198 1066 νᾶνους
1215 1021 1415 1068 appellari.

171 1075 284 1113 XIIII.
315 1075 663 1124 Contemporaneos
690 1078 808 1114 fuisse
841 1076 997 1113 Caesari
1027 1082 1062 1113 et
1091 1077 1262 1114 Ciceroni
1282 1077 1490 1114 M.Varro-

57 1143 147 1169 nem
172 1134 267 1170 etP.
286 1133 503 1182 Nigidium,
532 1134 666 1171 aetatis
694 1145 785 1171 suae
817 1134 1061 1171 doctissimos
1077 1134 1292 1179 Romanos;
1325 1139 1360 1170 et
1388 1135 1491 1182 quod

56 1189 201 1238 Nigidii
223 1192 559 1228 commentationes
590 1197 744 1240 propter
776 1202 906 1227 earum
939 1192 1208 1229 obscuritatem
1233 1193 1491 1228 subtilitatem-

57 1257 130 1294 que
146 1249 185 1284 in
204 1249 340 1296 uulgus
358 1259 433 1285 non
454 1249 624 1293 exeunt.]

407 1360 673 1400 CAPITVLA
711 1360 853 1399 LIBRI
897 1359 1149 1400 VICESIMI.

169 1455 196 1493 Ι.
226 1455 437 1504 Disputatio
457 1455 547 1494 Sex.
569 1454 722 1493 Caecilii
743 1457 986 1492 iureconsulti
1006 1460 1040 1491 et
1059 1456 1238 1492 Fauorini
1267 1456 1487 1504 philosophi

55 1511 103 1549 de
118 1513 268 1561 legibus
287 1513 492 1550 duodecim
508 1515 735 1550 tabularum.

167 1569 214 1606 Π.
258 1569 498 1607 Vocabulum
547 1572 736 1608 siticinum
791 1570 828 1605 in
872 1570 922 1606 M.
972 1569 1124 1607 Catonis
1176 1572 1346 1607 oratione
1394 1571 1486 1618 quid

57 1626 261 1674 significet.

118 1676 120 1678 V
169 1684 230 1720 III.
272 1684 395 1729 Quam
413 1685 460 1721 ob
478 1695 632 1721 causam
654 1685 854 1720 L.Accius
885 1688 998 1731 poeta
1030 1684 1066 1720 in
1100 1685 1344 1731 pragmaticis
1372 1686 1485 1721 sicin-

55 1741 176 1778 nistas
192 1742 375 1778 nebuloso
394 1742 545 1778 nomine
563 1753 649 1778 esse
675 1741 826 1778 dixerit.

165 1797 244 1834 IIII.
278 1797 477 1835 Artificum
507 1800 746 1835 scenicorum
773 1797 937 1835 studium
967 1808 1210 1845 amoremque
1243 1798 1483 1835 inhonestum

49 1856 354 1903 probrosumque
372 1866 481 1900 esse3
515 1860 551 1892 et
580 1867 694 1904 super
726 1866 771 1891 ea
803 1866 842 1891 re
876 1856 993 1891 uerba
1019 1856 1236 1892 Aristotelis
1260 1855 1483 1904 philosophi

53 1910 184 1949 adseri
215 1917 265 1948 ta.

165 1923 216 2005 ὅ.
253 1968 439 2017 Exempla
457 1971 707 2017 epistularum
723 1969 935 2006 Alexandri
962 1970 1066 2016 regis
1094 1974 1129 2004 et
1154 1970 1371 2006 Aristotelis
1397 1969 1482 2017 phi-

50 2024 225 2074 Iosophi,
257 2026 308 2062 ita
324 2026 376 2062 uti
393 2031 479 2063 sunt
493 2026 617 2071 edita;
649 2037 769 2074 eaque
788 2028 825 2063 in
842 2028 1013 2074 linguam
1031 2026 1200 2063 Latinam
1222 2038 1347 2063 uersa.

165 2093 231 2130 VI.
271 2093 494 2139 Quaesitum
519 2099 629 2143 atque
647 2098 866 2138 tractatum
899 2097 1022 2130 utrum
1056 2094 1126 2130 siet
1157 2095 1297 2131 rectius
1330 2093 1479 2131 dicere.

43 2147 175 2190 ‘habeo
191 2161 322 2187 euram
338 2152 476 2197 uestri,
509 2162 577 2189 an:
601 2156 783 2189 uestrum.

163 2216 245 2254 VII.
293 2217 416 2263 Quam
446 2219 624 2257 diuersae
658 2219 891 2256 Graecorum
930 2218 1138 2255 sententiae
1175 2228 1289 2265 super
1321 2227 1482 2254 numero

0 2301 2 2306 .
34 2276 37 2277 ’
48 2269 199 2326 Niobae
221 2273 398 2312 filiorum.

136 2329 308 2368 Gmxvs.
1225 2327 1251 2369 3
