<?xml version="1.0" encoding="UTF-8"?>
<!DOCTYPE html PUBLIC "-//W3C//DTD XHTML 1.0 Transitional//EN"
    "http://www.w3.org/TR/xhtml1/DTD/xhtml1-transitional.dtd">
<html xmlns="http://www.w3.org/1999/xhtml" xml:lang="en" lang="en">
 <head>
  <title>
</title>
<meta http-equiv="Content-Type" content="text/html;charset=utf-8" />
  <meta name='ocr-system' content='tesseract 3.04.00' />
  <meta name='ocr-capabilities' content='ocr_page ocr_carea ocr_par ocr_line ocrx_word'/>
</head>
<body>
  <div class='ocr_page' id='page_1' title='image "./agelliinoctivmat00gelluoft_0342.png"; bbox 0 0 1619 2476; ppageno 0'>
   <div class='ocr_carea' id='block_1_1' title="bbox 137 38 962 80">
    <p class='ocr_par' dir='ltr' id='par_1_1' title="bbox 137 38 962 80">
     <span class='ocr_line' id='line_1_1' title="bbox 137 38 962 80; baseline -0.006 0"><span class='ocrx_word' id='word_1_1' title='bbox 137 38 193 80; x_wconf 86' lang='lat'>56</span> <span class='ocrx_word' id='word_1_2' title='bbox 707 38 793 77; x_wconf 89' lang='lat' dir='ltr'>XII.</span> <span class='ocrx_word' id='word_1_3' title='bbox 820 49 899 77; x_wconf 86' lang='lat'>1111.</span> <span class='ocrx_word' id='word_1_4' title='bbox 921 50 962 76; x_wconf 89' lang='lat' dir='ltr'>v.</span> 
     </span>
    </p>
   </div>
   <div class='ocr_carea' id='block_1_2' title="bbox 151 149 1554 1386">
    <p class='ocr_par' dir='ltr' id='par_1_2' title="bbox 151 149 1554 1386">
     <span class='ocr_line' id='line_1_2' title="bbox 194 149 1464 201; baseline 0 -10"><span class='ocrx_word' id='word_1_5' title='bbox 194 153 394 191; x_wconf 88' lang='lat' dir='ltr'>Partem</span> <span class='ocrx_word' id='word_1_6' title='bbox 427 149 640 196; x_wconf 86' lang='lat' dir='ltr'>fuisset,</span> <span class='ocrx_word' id='word_1_7' title='bbox 669 149 731 188; x_wconf 90' lang='lat' dir='ltr'>de</span> <span class='ocrx_word' id='word_1_8' title='bbox 759 149 972 189; x_wconf 90' lang='lat' dir='ltr'>summis</span> <span class='ocrx_word' id='word_1_9' title='bbox 1003 151 1159 190; x_wconf 89' lang='lat' dir='ltr'>rebus</span> <span class='ocrx_word' id='word_1_10' title='bbox 1187 150 1464 201; x_wconf 79' lang='lat' dir='ltr'><strong>regundis,</strong></span> 
     </span>
     <span class='ocr_line' id='line_1_3' title="bbox 163 205 1434 256; baseline -0.001 -8"><span class='ocrx_word' id='word_1_11' title='bbox 163 206 431 248; x_wconf 82' lang='lat' dir='ltr'>⁵Consilio</span> <span class='ocrx_word' id='word_1_12' title='bbox 464 205 733 246; x_wconf 85' lang='lat' dir='ltr'>induforo</span> <span class='ocrx_word' id='word_1_13' title='bbox 764 206 869 245; x_wconf 85' lang='lat' dir='ltr'>lato</span> <span class='ocrx_word' id='word_1_14' title='bbox 899 211 1196 256; x_wconf 86' lang='lat' dir='ltr'>sanctoque</span> <span class='ocrx_word' id='word_1_15' title='bbox 1226 213 1434 256; x_wconf 86' lang='lat' dir='ltr'>senatu,</span> 
     </span>
     <span class='ocr_line' id='line_1_4' title="bbox 199 262 1544 314; baseline -0.002 -10"><span class='ocrx_word' id='word_1_16' title='bbox 199 263 284 304; x_wconf 90' lang='lat' dir='ltr'>Cui</span> <span class='ocrx_word' id='word_1_17' title='bbox 314 274 398 302; x_wconf 84' lang='lat' dir='ltr'>res</span> <span class='ocrx_word' id='word_1_18' title='bbox 421 262 680 301; x_wconf 80' lang='lat' dir='ltr'>audacter</span> <span class='ocrx_word' id='word_1_19' title='bbox 705 273 921 312; x_wconf 82' lang='lat' dir='ltr'>magnas</span> <span class='ocrx_word' id='word_1_20' title='bbox 943 274 1248 314; x_wconf 80' lang='lat' dir='ltr'>paruasque</span> <span class='ocrx_word' id='word_1_21' title='bbox 1267 263 1544 313; x_wconf 90' lang='lat' dir='ltr'>iocumque</span> 
     </span>
     <span class='ocr_line' id='line_1_5' title="bbox 195 317 1545 369; baseline -0.001 -11"><span class='ocrx_word' id='word_1_22' title='bbox 195 320 549 369; x_wconf 82' lang='lat' dir='ltr'>Eloqueretur</span> <span class='ocrx_word' id='word_1_23' title='bbox 587 322 611 365; x_wconf 79' lang='lat'>÷</span> <span class='ocrx_word' id='word_1_24' title='bbox 643 322 694 358; x_wconf 89' lang='lat' dir='ltr'>et</span> <span class='ocrx_word' id='word_1_25' title='bbox 726 324 920 358; x_wconf 88' lang='lat' dir='ltr'>cuncta</span> <span class='ocrx_word' id='word_1_26' title='bbox 953 320 1192 369; x_wconf 89' lang='lat' dir='ltr'>malaque</span> <span class='ocrx_word' id='word_1_27' title='bbox 1221 324 1270 359; x_wconf 90' lang='lat' dir='ltr'>et</span> <span class='ocrx_word' id='word_1_28' title='bbox 1298 319 1437 360; x_wconf 88' lang='lat' dir='ltr'>bona</span> <span class='ocrx_word' id='word_1_29' title='bbox 1469 317 1545 357; x_wconf 93' lang='lat' dir='ltr'>di-</span> 
     </span>
     <span class='ocr_line' id='line_1_6' title="bbox 967 381 1056 415; baseline 0 0"><span class='ocrx_word' id='word_1_30' title='bbox 967 381 1056 415; x_wconf 89' lang='lat' dir='ltr'>ctu</span> 
     </span>
     <span class='ocr_line' id='line_1_7' title="bbox 198 431 1415 482; baseline -0.001 -10"><span class='ocrx_word' id='word_1_31' title='bbox 198 434 503 479; x_wconf 78' lang='lat' dir='ltr'>Euomeret,</span> <span class='ocrx_word' id='word_1_32' title='bbox 536 432 577 471; x_wconf 90' lang='lat' dir='ltr'>si</span> <span class='ocrx_word' id='word_1_33' title='bbox 603 431 691 482; x_wconf 89' lang='lat' dir='ltr'>qui</span> <span class='ocrx_word' id='word_1_34' title='bbox 720 433 902 480; x_wconf 90' lang='lat' dir='ltr'>uellet,</span> <span class='ocrx_word' id='word_1_35' title='bbox 934 437 1161 482; x_wconf 88' lang='lat' dir='ltr'>tutoque</span> <span class='ocrx_word' id='word_1_36' title='bbox 1190 433 1415 480; x_wconf 81' lang='lat' dir='ltr'>locaret,</span> 
     </span>
     <span class='ocr_line' id='line_1_8' title="bbox 199 488 1546 540; baseline -0.001 -11"><span class='ocrx_word' id='word_1_37' title='bbox 199 491 422 539; x_wconf 81' lang='lat' dir='ltr'>Quocum</span> <span class='ocrx_word' id='word_1_38' title='bbox 462 490 616 528; x_wconf 82' lang='lat' dir='ltr'>multa</span> <span class='ocrx_word' id='word_1_39' title='bbox 654 490 904 538; x_wconf 87' lang='lat' dir='ltr'>uolup[..]</span> <span class='ocrx_word' id='word_1_40' title='bbox 946 488 1138 540; x_wconf 82' lang='lat' dir='ltr'>gaudia</span> <span class='ocrx_word' id='word_1_41' title='bbox 1181 489 1424 538; x_wconf 82' lang='lat' dir='ltr'>clamque</span> <span class='ocrx_word' id='word_1_42' title='bbox 1463 499 1546 538; x_wconf 84' lang='lat' dir='ltr'>pa-</span> 
     </span>
     <span class='ocr_line' id='line_1_9' title="bbox 973 547 1198 595; baseline 0 -11"><span class='ocrx_word' id='word_1_43' title='bbox 973 547 1198 595; x_wconf 87' lang='lat' dir='ltr'>lamque:</span> 
     </span>
     <span class='ocr_line' id='line_1_10' title="bbox 151 601 1547 652; baseline -0.002 -9"><span class='ocrx_word' id='word_1_44' title='bbox 151 601 486 652; x_wconf 83' lang='lat' dir='ltr'>101ngenium‚</span> <span class='ocrx_word' id='word_1_45' title='bbox 526 601 608 640; x_wconf 92' lang='lat' dir='ltr'>cui</span> <span class='ocrx_word' id='word_1_46' title='bbox 646 602 791 641; x_wconf 84' lang='lat' dir='ltr'>nulla</span> <span class='ocrx_word' id='word_1_47' title='bbox 822 603 1001 642; x_wconf 86' lang='lat' dir='ltr'>malum</span> <span class='ocrx_word' id='word_1_48' title='bbox 1041 601 1311 641; x_wconf 88' lang='lat' dir='ltr'>sententia</span> <span class='ocrx_word' id='word_1_49' title='bbox 1340 602 1547 649; x_wconf 82' lang='lat' dir='ltr'>suadet,</span> 
     </span>
     <span class='ocr_line' id='line_1_11' title="bbox 195 657 1548 707; baseline 0 -10"><span class='ocrx_word' id='word_1_50' title='bbox 195 660 264 698; x_wconf 88' lang='lat' dir='ltr'>Vt</span> <span class='ocrx_word' id='word_1_51' title='bbox 290 659 492 698; x_wconf 85' lang='lat' dir='ltr'>faceret</span> <span class='ocrx_word' id='word_1_52' title='bbox 522 657 751 706; x_wconf 85' lang='lat' dir='ltr'>facinus,</span> <span class='ocrx_word' id='word_1_53' title='bbox 777 657 932 706; x_wconf 90' lang='lat' dir='ltr'>leuis,</span> <span class='ocrx_word' id='word_1_54' title='bbox 965 659 1089 698; x_wconf 84' lang='lat' dir='ltr'>haut</span> <span class='ocrx_word' id='word_1_55' title='bbox 1118 659 1305 707; x_wconf 90' lang='lat' dir='ltr'>malus,</span> <span class='ocrx_word' id='word_1_56' title='bbox 1337 659 1548 706; x_wconf 87' lang='lat' dir='ltr'>doctus,</span> 
     </span>
     <span class='ocr_line' id='line_1_12' title="bbox 971 715 1179 763; baseline 0 -9"><span class='ocrx_word' id='word_1_57' title='bbox 971 715 1179 763; x_wconf 81' lang='lat' dir='ltr'>fidelis,</span> 
     </span>
     <span class='ocr_line' id='line_1_13' title="bbox 199 771 1549 820; baseline 0 -10"><span class='ocrx_word' id='word_1_58' title='bbox 199 771 388 811; x_wconf 83' lang='lat' dir='ltr'>Suauis</span> <span class='ocrx_word' id='word_1_59' title='bbox 410 771 578 818; x_wconf 85' lang='lat' dir='ltr'>homo,</span> <span class='ocrx_word' id='word_1_60' title='bbox 607 771 885 819; x_wconf 83' lang='lat' dir='ltr'>facundus,</span> <span class='ocrx_word' id='word_1_61' title='bbox 909 783 1001 811; x_wconf 88' lang='lat' dir='ltr'>suo</span> <span class='ocrx_word' id='word_1_62' title='bbox 1029 776 1331 820; x_wconf 86' lang='lat' dir='ltr'>contentus,</span> <span class='ocrx_word' id='word_1_63' title='bbox 1352 771 1549 819; x_wconf 87' lang='lat' dir='ltr'>beatus,</span> 
     </span>
     <span class='ocr_line' id='line_1_14' title="bbox 200 827 1550 879; baseline 0 -13"><span class='ocrx_word' id='word_1_64' title='bbox 200 827 401 875; x_wconf 88' lang='lat' dir='ltr'>Scitus‚</span> <span class='ocrx_word' id='word_1_65' title='bbox 443 828 668 867; x_wconf 84' lang='lat' dir='ltr'>secunda</span> <span class='ocrx_word' id='word_1_66' title='bbox 698 829 925 877; x_wconf 89' lang='lat' dir='ltr'>loquens</span> <span class='ocrx_word' id='word_1_67' title='bbox 956 827 1004 867; x_wconf 90' lang='lat' dir='ltr'>in</span> <span class='ocrx_word' id='word_1_68' title='bbox 1034 832 1291 879; x_wconf 88' lang='lat' dir='ltr'>tempore,</span> <span class='ocrx_word' id='word_1_69' title='bbox 1331 838 1550 867; x_wconf 87' lang='lat' dir='ltr'>commo-</span> 
     </span>
     <span class='ocr_line' id='line_1_15' title="bbox 966 884 1323 931; baseline -0.003 -7"><span class='ocrx_word' id='word_1_70' title='bbox 966 884 1080 931; x_wconf 90' lang='lat' dir='ltr'>dus,</span> <span class='ocrx_word' id='word_1_71' title='bbox 1111 885 1323 924; x_wconf 89' lang='lat' dir='ltr'>uerbum</span> 
     </span>
     <span class='ocr_line' id='line_1_16' title="bbox 199 940 1550 991; baseline 0.001 -12"><span class='ocrx_word' id='word_1_72' title='bbox 199 941 560 988; x_wconf 85' lang='lat' dir='ltr'>Pauc(or)um‚</span> <span class='ocrx_word' id='word_1_73' title='bbox 621 941 779 979; x_wconf 86' lang='lat' dir='ltr'>multa</span> <span class='ocrx_word' id='word_1_74' title='bbox 824 945 1006 980; x_wconf 87' lang='lat' dir='ltr'>tenens</span> <span class='ocrx_word' id='word_1_75' title='bbox 1056 940 1272 990; x_wconf 83' lang='lat' dir='ltr'>antiqua</span> <span class='ocrx_word' id='word_1_76' title='bbox 1319 941 1550 991; x_wconf 81' lang='lat' dir='ltr'>sepulta,</span> 
     </span>
     <span class='ocr_line' id='line_1_17' title="bbox 973 1001 1220 1036; baseline -0.004 0"><span class='ocrx_word' id='word_1_77' title='bbox 973 1001 1220 1036; x_wconf 85' lang='lat' dir='ltr'>uetustas</span> 
     </span>
     <span class='ocr_line' id='line_1_18' title="bbox 154 1052 1553 1102; baseline -0.002 -8"><span class='ocrx_word' id='word_1_78' title='bbox 154 1053 352 1101; x_wconf 82' lang='lat' dir='ltr'>15Quem</span> <span class='ocrx_word' id='word_1_79' title='bbox 388 1052 515 1091; x_wconf 84' lang='lat' dir='ltr'>facit</span> <span class='ocrx_word' id='word_1_80' title='bbox 547 1059 594 1092; x_wconf 81' lang='lat' dir='ltr'>et</span> <span class='ocrx_word' id='word_1_81' title='bbox 625 1064 791 1093; x_wconf 90' lang='lat' dir='ltr'>mores</span> <span class='ocrx_word' id='word_1_82' title='bbox 821 1059 1146 1102; x_wconf 89' lang='lat' dir='ltr'>ueteresque</span> <span class='ocrx_word' id='word_1_83' title='bbox 1172 1064 1449 1102; x_wconf 89' lang='lat' dir='ltr'>nouosque</span> <span class='ocrx_word' id='word_1_84' title='bbox 1481 1058 1553 1092; x_wconf 89' lang='lat' dir='ltr'>te-</span> 
     </span>
     <span class='ocr_line' id='line_1_19' title="bbox 976 1114 1199 1157; baseline 0 -9"><span class='ocrx_word' id='word_1_85' title='bbox 976 1114 1199 1157; x_wconf 89' lang='lat' dir='ltr'>nentem,</span> 
     </span>
     <span class='ocr_line' id='line_1_20' title="bbox 199 1164 1554 1216; baseline 0 -12"><span class='ocrx_word' id='word_1_86' title='bbox 199 1165 475 1205; x_wconf 87' lang='lat' dir='ltr'>Multorum</span> <span class='ocrx_word' id='word_1_87' title='bbox 506 1170 739 1205; x_wconf 89' lang='lat' dir='ltr'>ueterum</span> <span class='ocrx_word' id='word_1_88' title='bbox 772 1167 920 1215; x_wconf 82' lang='lat' dir='ltr'>leges</span> <span class='ocrx_word' id='word_1_89' title='bbox 952 1165 1241 1216; x_wconf 85' lang='lat' dir='ltr'>diuumque</span> <span class='ocrx_word' id='word_1_90' title='bbox 1270 1164 1554 1205; x_wconf 86' lang='lat' dir='ltr'>hominum-</span> 
     </span>
     <span class='ocr_line' id='line_1_21' title="bbox 972 1233 1068 1272; baseline 0 -11"><span class='ocrx_word' id='word_1_91' title='bbox 972 1233 1068 1272; x_wconf 88' lang='lat' dir='ltr'>que</span> 
     </span>
     <span class='ocr_line' id='line_1_22' title="bbox 199 1277 1553 1328; baseline -0.001 -11"><span class='ocrx_word' id='word_1_92' title='bbox 199 1278 505 1317; x_wconf 80' lang='lat' dir='ltr'>Prudenter</span> <span class='ocrx_word' id='word_1_93' title='bbox 535 1278 619 1327; x_wconf 85' lang='lat' dir='ltr'>qui</span> <span class='ocrx_word' id='word_1_94' title='bbox 651 1277 790 1317; x_wconf 85' lang='lat' dir='ltr'>dicta</span> <span class='ocrx_word' id='word_1_95' title='bbox 818 1278 1037 1328; x_wconf 89' lang='lat' dir='ltr'>loquiue</span> <span class='ocrx_word' id='word_1_96' title='bbox 1066 1283 1324 1317; x_wconf 86' lang='lat' dir='ltr'>tacereue</span> <span class='ocrx_word' id='word_1_97' title='bbox 1345 1281 1553 1327; x_wconf 89' lang='lat' dir='ltr'>posset:</span> 
     </span>
     <span class='ocr_line' id='line_1_23' title="bbox 199 1333 1463 1386; baseline 0 -14"><span class='ocrx_word' id='word_1_98' title='bbox 199 1335 340 1372; x_wconf 91' lang='lat' dir='ltr'>Hunc</span> <span class='ocrx_word' id='word_1_99' title='bbox 369 1333 511 1373; x_wconf 88' lang='lat' dir='ltr'>inter</span> <span class='ocrx_word' id='word_1_100' title='bbox 541 1345 740 1384; x_wconf 79' lang='lat' dir='ltr'>pugnas</span> <span class='ocrx_word' id='word_1_101' title='bbox 774 1333 1037 1386; x_wconf 83' lang='lat' dir='ltr'>Seruilius</span> <span class='ocrx_word' id='word_1_102' title='bbox 1069 1334 1143 1373; x_wconf 89' lang='lat' dir='ltr'>sic</span> <span class='ocrx_word' id='word_1_103' title='bbox 1175 1334 1463 1383; x_wconf 88' lang='lat' dir='ltr'>conpellat.</span> 
     </span>
    </p>
   </div>
   <div class='ocr_carea' id='block_1_3' title="bbox 105 1422 1558 1586">
    <p class='ocr_par' dir='ltr' id='par_1_3' title="bbox 105 1422 1558 1586">
     <span class='ocr_line' id='line_1_24' title="bbox 105 1422 1555 1473; baseline -0.001 -11"><span class='ocrx_word' id='word_1_104' title='bbox 105 1424 187 1462; x_wconf 86' lang='lat' dir='ltr'>5L.</span> <span class='ocrx_word' id='word_1_105' title='bbox 219 1423 425 1463; x_wconf 89' lang='lat' dir='ltr'>Aelium</span> <span class='ocrx_word' id='word_1_106' title='bbox 456 1423 709 1463; x_wconf 86' lang='lat' dir='ltr'>Stilonem</span> <span class='ocrx_word' id='word_1_107' title='bbox 739 1422 877 1463; x_wconf 84' lang='lat' dir='ltr'>dicere</span> <span class='ocrx_word' id='word_1_108' title='bbox 895 1423 1062 1463; x_wconf 84' lang='lat' dir='ltr'>solitum</span> <span class='ocrx_word' id='word_1_109' title='bbox 1085 1425 1241 1472; x_wconf 83' lang='lat' dir='ltr'>ferunt,</span> <span class='ocrx_word' id='word_1_110' title='bbox 1277 1424 1321 1473; x_wconf 85' lang='lat' dir='ltr'>Q.</span> <span class='ocrx_word' id='word_1_111' title='bbox 1344 1422 1555 1463; x_wconf 87' lang='lat' dir='ltr'>Ennium</span> 
     </span>
     <span class='ocr_line' id='line_1_25' title="bbox 145 1479 1558 1531; baseline 0 -13"><span class='ocrx_word' id='word_1_112' title='bbox 145 1479 196 1518; x_wconf 92' lang='lat' dir='ltr'>de</span> <span class='ocrx_word' id='word_1_113' title='bbox 229 1484 360 1519; x_wconf 89' lang='lat' dir='ltr'>semet</span> <span class='ocrx_word' id='word_1_114' title='bbox 386 1479 479 1529; x_wconf 89' lang='lat' dir='ltr'>ipso</span> <span class='ocrx_word' id='word_1_115' title='bbox 506 1480 608 1519; x_wconf 86' lang='lat' dir='ltr'>haec</span> <span class='ocrx_word' id='word_1_116' title='bbox 642 1479 864 1529; x_wconf 81' lang='lat' dir='ltr'>scripsisse</span> <span class='ocrx_word' id='word_1_117' title='bbox 884 1479 1170 1531; x_wconf 85' lang='lat' dir='ltr'>picturamque</span> <span class='ocrx_word' id='word_1_118' title='bbox 1189 1480 1310 1519; x_wconf 89' lang='lat' dir='ltr'>istam</span> <span class='ocrx_word' id='word_1_119' title='bbox 1334 1490 1495 1519; x_wconf 88' lang='lat' dir='ltr'>morum</span> <span class='ocrx_word' id='word_1_120' title='bbox 1517 1484 1558 1518; x_wconf 92' lang='lat' dir='ltr'>et</span> 
     </span>
     <span class='ocr_line' id='line_1_26' title="bbox 142 1535 1003 1586; baseline 0.002 -12"><span class='ocrx_word' id='word_1_121' title='bbox 142 1535 294 1585; x_wconf 83' lang='lat' dir='ltr'>ingenii</span> <span class='ocrx_word' id='word_1_122' title='bbox 313 1535 445 1586; x_wconf 87' lang='lat' dir='ltr'>ipsius</span> <span class='ocrx_word' id='word_1_123' title='bbox 469 1537 514 1586; x_wconf 81' lang='lat' dir='ltr'>Q.</span> <span class='ocrx_word' id='word_1_124' title='bbox 537 1536 691 1575; x_wconf 90' lang='lat' dir='ltr'>Ennii</span> <span class='ocrx_word' id='word_1_125' title='bbox 723 1537 871 1575; x_wconf 86' lang='lat' dir='ltr'>factam</span> <span class='ocrx_word' id='word_1_126' title='bbox 894 1547 1003 1576; x_wconf 88' lang='lat' dir='ltr'>esse.</span> 
     </span>
    </p>
   </div>
   <div class='ocr_carea' id='block_1_4' title="bbox 825 1672 876 1712">
    <p class='ocr_par' dir='ltr' id='par_1_4' title="bbox 825 1672 876 1712">
     <span class='ocr_line' id='line_1_27' title="bbox 825 1672 876 1712; baseline -0.039 0"><span class='ocrx_word' id='word_1_127' title='bbox 825 1672 876 1712; x_wconf 91' lang='lat' dir='ltr'>V.</span> 
     </span>
    </p>
   </div>
   <div class='ocr_carea' id='block_1_5' title="bbox 147 1753 1556 1848">
    <p class='ocr_par' dir='ltr' id='par_1_5' title="bbox 147 1753 1556 1848">
     <span class='ocr_line' id='line_1_28' title="bbox 147 1753 1556 1802; baseline -0.001 -12"><span class='ocrx_word' id='word_1_128' title='bbox 147 1753 279 1792; x_wconf 76' lang='lat' dir='ltr'>Sermo</span> <span class='ocrx_word' id='word_1_129' title='bbox 305 1755 417 1791; x_wconf 84' lang='lat' dir='ltr'>Tauri</span> <span class='ocrx_word' id='word_1_130' title='bbox 443 1756 660 1802; x_wconf 86' lang='lat' dir='ltr'>philosophi</span> <span class='ocrx_word' id='word_1_131' title='bbox 683 1755 730 1790; x_wconf 86' lang='lat' dir='ltr'>de</span> <span class='ocrx_word' id='word_1_132' title='bbox 759 1755 872 1790; x_wconf 91' lang='lat' dir='ltr'>modo</span> <span class='ocrx_word' id='word_1_133' title='bbox 898 1759 1007 1801; x_wconf 83' lang='lat' dir='ltr'>atque</span> <span class='ocrx_word' id='word_1_134' title='bbox 1029 1754 1171 1789; x_wconf 86' lang='lat' dir='ltr'>ratione</span> <span class='ocrx_word' id='word_1_135' title='bbox 1201 1753 1386 1789; x_wconf 87' lang='lat' dir='ltr'>tolerandi</span> <span class='ocrx_word' id='word_1_136' title='bbox 1415 1753 1556 1789; x_wconf 86' lang='lat' dir='ltr'>doloris</span> 
     </span>
     <span class='ocr_line' id='line_1_29' title="bbox 537 1810 1166 1848; baseline -0.006 0"><span class='ocrx_word' id='word_1_137' title='bbox 537 1812 744 1848; x_wconf 86' lang='lat' dir='ltr'>secundum</span> <span class='ocrx_word' id='word_1_138' title='bbox 763 1811 975 1848; x_wconf 86' lang='lat' dir='ltr'>Stoicorum</span> <span class='ocrx_word' id='word_1_139' title='bbox 1000 1810 1166 1846; x_wconf 83' lang='lat' dir='ltr'>decreta.</span> 
     </span>
    </p>
   </div>
   <div class='ocr_carea' id='block_1_6' title="bbox 111 1892 1581 2283">
    <p class='ocr_par' dir='ltr' id='par_1_6' title="bbox 111 1892 1558 2170">
     <span class='ocr_line' id='line_1_30' title="bbox 111 1892 1558 1946; baseline -0.006 -8"><span class='ocrx_word' id='word_1_140' title='bbox 111 1906 130 1938; x_wconf 88' lang='lat'>1</span> <span class='ocrx_word' id='word_1_141' title='bbox 233 1898 333 1937; x_wconf 89' lang='lat' dir='ltr'>Cum</span> <span class='ocrx_word' id='word_1_142' title='bbox 352 1896 535 1946; x_wconf 87' lang='lat' dir='ltr'>Delphos</span> <span class='ocrx_word' id='word_1_143' title='bbox 554 1896 606 1934; x_wconf 85' lang='lat' dir='ltr'>ad</span> <span class='ocrx_word' id='word_1_144' title='bbox 621 1895 766 1946; x_wconf 84' lang='lat' dir='ltr'>Pythia</span> <span class='ocrx_word' id='word_1_145' title='bbox 784 1900 1118 1943; x_wconf 80' lang='lat' dir='ltr'>conuentumque</span> <span class='ocrx_word' id='word_1_146' title='bbox 1137 1892 1264 1933; x_wconf 88' lang='lat' dir='ltr'>totius</span> <span class='ocrx_word' id='word_1_147' title='bbox 1289 1893 1416 1931; x_wconf 84' lang='lat' dir='ltr'>ferme</span> <span class='ocrx_word' id='word_1_148' title='bbox 1434 1892 1558 1930; x_wconf 87' lang='lat' dir='ltr'>Grae-</span> 
     </span>
     <span class='ocr_line' id='line_1_31' title="bbox 148 1947 1556 2002; baseline -0.004 -10"><span class='ocrx_word' id='word_1_149' title='bbox 148 1952 234 1992; x_wconf 89' lang='lat' dir='ltr'>ciae</span> <span class='ocrx_word' id='word_1_150' title='bbox 258 1953 478 1992; x_wconf 86' lang='lat' dir='ltr'>uisendum</span> <span class='ocrx_word' id='word_1_151' title='bbox 500 1951 775 2002; x_wconf 87' lang='lat' dir='ltr'>philosophus</span> <span class='ocrx_word' id='word_1_152' title='bbox 804 1953 1004 1991; x_wconf 78' lang='lat' dir='ltr'>Taurus</span> <span class='ocrx_word' id='word_1_153' title='bbox 1035 1950 1112 1989; x_wconf 89' lang='lat' dir='ltr'>iret</span> <span class='ocrx_word' id='word_1_154' title='bbox 1130 1960 1296 1998; x_wconf 89' lang='lat' dir='ltr'>nosque</span> <span class='ocrx_word' id='word_1_155' title='bbox 1323 1947 1360 1987; x_wconf 89' lang='lat' dir='ltr'>ei</span> <span class='ocrx_word' id='word_1_156' title='bbox 1383 1947 1556 1987; x_wconf 87' lang='lat' dir='ltr'>comites</span> 
     </span>
     <span class='ocr_line' id='line_1_32' title="bbox 147 2004 1558 2058; baseline -0.004 -10"><span class='ocrx_word' id='word_1_157' title='bbox 147 2020 337 2048; x_wconf 87' lang='lat' dir='ltr'>essemus</span> <span class='ocrx_word' id='word_1_158' title='bbox 366 2008 493 2058; x_wconf 90' lang='lat' dir='ltr'>inque</span> <span class='ocrx_word' id='word_1_159' title='bbox 523 2019 572 2048; x_wconf 93' lang='lat' dir='ltr'>eo</span> <span class='ocrx_word' id='word_1_160' title='bbox 604 2007 750 2047; x_wconf 90' lang='lat' dir='ltr'>itinere</span> <span class='ocrx_word' id='word_1_161' title='bbox 779 2007 1000 2047; x_wconf 84' lang='lat' dir='ltr'>Lebadiam</span> <span class='ocrx_word' id='word_1_162' title='bbox 1030 2005 1316 2052; x_wconf 87' lang='lat' dir='ltr'>uenissemus,</span> <span class='ocrx_word' id='word_1_163' title='bbox 1355 2004 1470 2053; x_wconf 88' lang='lat' dir='ltr'>quod</span> <span class='ocrx_word' id='word_1_164' title='bbox 1493 2007 1558 2042; x_wconf 88' lang='lat' dir='ltr'>est</span> 
     </span>
     <span class='ocr_line' id='line_1_33' title="bbox 149 2059 1557 2114; baseline -0.004 -10"><span class='ocrx_word' id='word_1_165' title='bbox 149 2064 347 2114; x_wconf 82' lang='lat' dir='ltr'>oppidum</span> <span class='ocrx_word' id='word_1_166' title='bbox 379 2064 558 2103; x_wconf 88' lang='lat' dir='ltr'>anticum</span> <span class='ocrx_word' id='word_1_167' title='bbox 587 2064 627 2103; x_wconf 84' lang='lat' dir='ltr'>in</span> <span class='ocrx_word' id='word_1_168' title='bbox 658 2069 769 2103; x_wconf 80' lang='lat' dir='ltr'>terra</span> <span class='ocrx_word' id='word_1_169' title='bbox 798 2063 995 2111; x_wconf 84' lang='lat' dir='ltr'>Boeotia,</span> <span class='ocrx_word' id='word_1_170' title='bbox 1039 2062 1222 2101; x_wconf 84' lang='lat' dir='ltr'>adfertur</span> <span class='ocrx_word' id='word_1_171' title='bbox 1258 2059 1313 2099; x_wconf 85' lang='lat' dir='ltr'>ibi</span> <span class='ocrx_word' id='word_1_172' title='bbox 1339 2060 1393 2099; x_wconf 87' lang='lat' dir='ltr'>ad</span> <span class='ocrx_word' id='word_1_173' title='bbox 1427 2060 1557 2098; x_wconf 88' lang='lat' dir='ltr'>Tau-</span> 
     </span>
     <span class='ocr_line' id='line_1_34' title="bbox 148 2115 1557 2170; baseline -0.004 -11"><span class='ocrx_word' id='word_1_174' title='bbox 148 2133 279 2169; x_wconf 86' lang='lat' dir='ltr'>rum,</span> <span class='ocrx_word' id='word_1_175' title='bbox 321 2120 497 2160; x_wconf 85' lang='lat' dir='ltr'>amicum</span> <span class='ocrx_word' id='word_1_176' title='bbox 518 2120 605 2159; x_wconf 90' lang='lat' dir='ltr'>eius</span> <span class='ocrx_word' id='word_1_177' title='bbox 633 2119 886 2170; x_wconf 82' lang='lat' dir='ltr'>quempiam,</span> <span class='ocrx_word' id='word_1_178' title='bbox 915 2118 1093 2159; x_wconf 85' lang='lat' dir='ltr'>nobilem</span> <span class='ocrx_word' id='word_1_179' title='bbox 1115 2117 1154 2157; x_wconf 90' lang='lat' dir='ltr'>in</span> <span class='ocrx_word' id='word_1_180' title='bbox 1178 2117 1319 2157; x_wconf 87' lang='lat' dir='ltr'>Stoica</span> <span class='ocrx_word' id='word_1_181' title='bbox 1339 2115 1557 2165; x_wconf 83' lang='lat' dir='ltr'>disciplina</span> 
     </span>
    </p>

    <p class='ocr_par' dir='ltr' id='par_1_7' title="bbox 112 2173 1581 2283">
     <span class='ocr_line' id='line_1_35' title="bbox 112 2173 1556 2226; baseline -0.005 -9"><span class='ocrx_word' id='word_1_182' title='bbox 112 2183 134 2217; x_wconf 84' lang='lat'>2</span> <span class='ocrx_word' id='word_1_183' title='bbox 150 2176 465 2226; x_wconf 86' lang='lat' dir='ltr'>philosophum,</span> <span class='ocrx_word' id='word_1_184' title='bbox 489 2187 613 2226; x_wconf 83' lang='lat' dir='ltr'>aegra</span> <span class='ocrx_word' id='word_1_185' title='bbox 629 2176 853 2216; x_wconf 85' lang='lat' dir='ltr'>ualitudine</span> <span class='ocrx_word' id='word_1_186' title='bbox 871 2186 1131 2225; x_wconf 84' lang='lat' dir='ltr'>oppressum,</span> <span class='ocrx_word' id='word_1_187' title='bbox 1157 2173 1419 2213; x_wconf 90' lang='lat' dir='ltr'>decumbere.</span> <span class='ocrx_word' id='word_1_188' title='bbox 1441 2173 1556 2210; x_wconf 88' lang='lat' dir='ltr'>Tunc</span> 
     </span>
     <span class='ocr_line' id='line_1_36' title="bbox 152 2227 1581 2283; baseline -0.003 -12"><span class='ocrx_word' id='word_1_189' title='bbox 152 2231 306 2272; x_wconf 91' lang='lat' dir='ltr'>omisso</span> <span class='ocrx_word' id='word_1_190' title='bbox 329 2232 492 2281; x_wconf 83' lang='lat' dir='ltr'>itinere,</span> <span class='ocrx_word' id='word_1_191' title='bbox 530 2233 643 2282; x_wconf 90' lang='lat' dir='ltr'>quod</span> <span class='ocrx_word' id='word_1_192' title='bbox 665 2232 846 2283; x_wconf 85' lang='lat' dir='ltr'>alioquin</span> <span class='ocrx_word' id='word_1_193' title='bbox 872 2231 1158 2271; x_wconf 84' lang='lat' dir='ltr'>maturandum</span> <span class='ocrx_word' id='word_1_194' title='bbox 1189 2234 1296 2278; x_wconf 86' lang='lat' dir='ltr'>erat,</span> <span class='ocrx_word' id='word_1_195' title='bbox 1334 2234 1374 2268; x_wconf 87' lang='lat' dir='ltr'>et</span> <span class='ocrx_word' id='word_1_196' title='bbox 1403 2227 1581 2268; x_wconf 82' lang='lat' dir='ltr'>relictis&#39;</span> 
     </span>
    </p>
   </div>
  </div>
 </body>
</html>
