1603 2508
565 57 632 97 III.
655 65 776 94 xvm.
798 65 937 93 xv1111.
1376 54 1457 96 135

49 169 91 211 in
112 168 288 209 alienam
309 167 561 208 sententiani
584 168 762 218 pedibus
788 167 908 207 irent.
958 167 1065 218 Quid
1087 166 1238 217 igitur?
1272 180 1365 209 cuin
1394 182 1457 210 se·
1475 177 1497 210 2

48 225 413 268 natusconsultum
448 236 526 276 per
562 224 868 265 discessionem
902 224 1050 272 fiebat,
1092 236 1232 264 nonne
1269 227 1456 267 uniuersi

47 287 267 325 senatores
298 281 547 322 sententiam
569 282 748 332 pedibus
771 282 987 321 ferebant?
1043 283 1184 331 Atque
1206 282 1309 323 haec
1335 284 1456 324 etiam
1472 290 1494 325 3

46 339 241 381 uocabuli
268 337 388 379 istius
424 339 529 379 ratio
569 339 736 387 dicitur,
776 350 898 389 quam
937 338 1132 378 Gauius
1170 339 1298 380 Bass
1312 353 1369 380 us
1407 341 1454 380 in

46 395 446 437 commentariis
470 396 556 436 suis
581 395 779 446 scriptam
799 395 978 446 reliquit.
1019 395 1246 436 Senatores
1269 397 1378 437 enim
1400 398 1455 437 di-
1473 403 1497 437 4

44 453 100 494 cit
120 453 161 493 in
183 458 374 494 ueterum
395 457 553 501 aetate,
589 453 659 503 qui
681 454 865 492 curulem
887 452 1174 502 magistratum
1204 454 1453 502 gessissent,

43 522 169 551 curru
186 509 335 550 solitos
352 509 524 550 honoris
542 510 672 560 gratia
688 509 728 549 in
747 509 901 549 curiam
918 509 1027 557 uehi,
1049 509 1089 548 in
1109 521 1191 558 quo
1211 521 1335 551 curru
1353 513 1455 551 sella

0 571 1 619 j
43 571 180 616 esset,
213 578 343 618 super
375 578 499 617 quam
523 566 810 614 considerent,
843 577 950 617 quae
974 567 1026 606 ob
1050 577 1140 606 eam
1167 577 1335 607 causam
1362 572 1454 607 ecu-

0 623 1 633 *
42 624 168 664 rulis'
194 624 496 674 appellaretur3
522 624 598 664 sed
623 635 698 664 eos
722 629 961 671 senatores,
986 623 1056 673 qui
1077 623 1364 673 magistratum
1387 636 1453 665 cu-

41 682 176 722 rulem
203 681 391 721 nondum
425 685 641 731 ceperant,
676 680 853 730 pedibus
883 680 1055 720 itauisse
1079 680 1119 719 in
1150 681 1326 721 curiam:
1357 694 1453 760 pro-

42 743 188 802 pterea
220 742 439 778 senatores
463 738 649 778 nondum
680 737 906 778 maioribus
933 737 1164 778 honoribus
1202 739 1309 788 ped
1313 742 1449 779 ulos

41 794 294 836 nominatos.
335 795 389 834 M.
411 796 669 834 autemVa1
680 807 701 834 r
712 794 806 834 oin
830 795 965 834 sati1
976 806 999 833 a
1021 794 1318 845 Menippea,
1343 807 1448 846 quae
1467 798 1487 830 ὃ

36 845 351 892 Ἰπποκύων
371 851 571 902 inscripta
593 856 668 899 est,
693 851 855 901 equites
875 852 1081 902 quosdam
1100 851 1196 891 dicit
1218 853 1451 902 epedarios’

41 909 298 973 appellatos,
321 908 573 960 uideturque
595 920 670 949 eos
693 908 949 958 significare,
983 908 1072 959 qui,
1101 909 1287 949 nondum
1314 921 1336 948 a
1359 921 1451 949 cen-

41 965 242 1006 soribus
233 978 275 1005 m
294 971 486 1006 senatum
508 965 622 1013 lecti,
647 971 867 1006 senatores
891 965 1059 1016 quidem
1082 977 1165 1006 non
1191 971 1328 1014 erant,
1360 967 1449 1009 sed,

42 1022 140 1072 quia
169 1022 400 1063 honoribus
430 1023 576 1073 populi
607 1022 672 1062 usi
702 1028 839 1070 erant,
872 1023 911 1062 in
943 1028 1133 1063 senatum
1164 1023 1390 1063 ueniebant
1412 1030 1451 1063 et

41 1078 275 1120 sententiae
294 1079 359 1119 ius
378 1080 601 1119 habebant.
624 1080 722 1118 Nam
745 1084 785 1118 et
804 1079 1014 1119 curulibus
1033 1080 1343 1129 magistratibus
1362 1081 1450 1121 fun-
1468 1087 1489 1122 6

40 1136 108 1184 cti,
129 1135 166 1176 si
185 1137 372 1176 nondum
391 1147 415 1175 a
434 1136 682 1176 censoribus
699 1136 736 1175 in
759 1141 948 1176 senatum
968 1137 1063 1176 lecti
1080 1142 1209 1186 erant,
1229 1143 1448 1178 senatores

38 1203 126 1233 uon
144 1197 262 1232 erant
279 1198 330 1242 et,
356 1193 452 1243 quia
471 1193 511 1233 in
529 1193 754 1244 postremis
771 1193 912 1243 scripti
935 1198 1062 1241 erant,
1087 1205 1170 1234 non
1196 1195 1452 1244 rogabantur

40 1249 291 1298 sententias,
315 1251 404 1298 sed,
429 1261 533 1301 quas
554 1250 766 1300 principes
786 1250 994 1297 dixerant,
1014 1251 1053 1290 in
1072 1262 1143 1290 eas
1163 1251 1448 1291 discedebant.

43 1307 132 1347 Hoc
149 1306 410 1356 significabat
421 1307 614 1355 edictum,
630 1319 712 1358 quo
731 1318 841 1346 nunc
855 1319 1024 1357 quoque
1038 1309 1234 1348 consules
1249 1312 1275 1357 [.
1289 1339 1297 1347 .
1312 1313 1338 1357 .]
1355 1321 1448 1358 que,
1468 1313 1487 1348 7

40 1371 135 1403 cu'm
160 1368 379 1404 senatores
408 1364 448 1404 in
471 1364 627 1404 curiam
659 1369 832 1412 uocant,
865 1365 1100 1404 seruandae
1131 1366 1448 1406 consuetudinis

22 1463 25 1465 ,
43 1431 174 1460 causa
192 1420 394 1462 tralaticio
412 1426 598 1461 utuntur.
656 1421 797 1461 Verba
816 1421 939 1461 edicti
959 1422 1062 1461 haec
1085 1427 1201 1462 sunt:
1233 1423 1260 1463 S
1273 1434 1294 1462 e
1309 1428 1423 1463 nato
1437 1447 1450 1452 -
1467 1429 1489 1463 8

11 1515 14 1517 .
40 1487 124 1517 res
156 1477 451 1529 quibusque
472 1478 522 1518 in
553 1483 736 1518 senatu
759 1479 1068 1518 sententiam
1095 1479 1271 1519 dicere
1309 1480 1446 1519 licet.

12 1574 18 1576 .
119 1535 304 1574 Versum
323 1547 493 1586 quoque
512 1535 735 1583 Laberii,
758 1535 797 1574 in
822 1547 904 1586 quo
929 1535 971 1575 id
992 1537 1243 1576 uocabulum
1264 1537 1448 1587 positum
1465 1543 1487 1578 9

10 1595 122 1639 est,
146 1591 281 1631 notari
298 1591 516 1641 iussimus,
540 1603 664 1642 quem
681 1592 856 1639 legimus
878 1592 924 1631 in
951 1592 1115 1641 mimo,
1141 1593 1211 1643 qui
1230 1594 1448 1634 Strictu-

11 1658 125 1696 ,rae
145 1647 372 1699 inscriptis
395 1661 479 1691 ess:

151 1708 177 1731 ·¹-
199 1706 359 1755 Caput
387 1706 501 1747 sine
531 1706 710 1756 lingua
738 1706 833 1757 ped
844 1718 918 1745 111
949 1706 1211 1746 sententia
1240 1712 1329 1746 est.

8 1753 33 1797 ιζ’
39 1759 129 1800 Hoc
152 1733 405 1803 uocabulum
438 1776 462 1804 a
488 1763 702 1815 plerisque
737 1763 913 1802 barbare
947 1761 1026 1802 dici
1059 1763 1505 1806 animaduertimus.10

2 1811 139 1856 Nam
162 1829 238 1868 pro
264 1821 493 1869 pedariis’
521 1821 787 1870 ‘pedaneos'
811 1821 1035 1870 appellant.

659 1912 735 1952 XV
738 1912 821 1951 1111.

41 1975 125 2021 Qua
144 1980 288 2031 ratione
313 1981 456 2018 Gauius
476 1981 622 2018 Bassus
653 1983 847 2029 scripserit
873 1993 1030 2029 parcum
1058 1982 1250 2019 hominem
1280 1986 1445 2031 appella-

97 2037 173 2071 tum
202 2040 237 2072 et
265 2048 375 2085 quarn
411 2050 497 2075 esse
529 2039 610 2075 eius
642 2041 817 2076 uocabuli
847 2050 1004 2076 causam
1036 2041 1192 2086 putarit;
1233 2044 1267 2075 et
1299 2046 1443 2086 contra,

97 2101 209 2137 quem
229 2093 267 2129 in
289 2094 444 2131 modum
466 2097 676 2142 quibusque
701 2097 825 2133 uerbis
847 2097 1060 2132 Fauorinus
1084 2097 1181 2133 hanc
1206 2097 1444 2134 traditIOnem

97 2147 178 2185 eius
202 2150 370 2188 eluserit.

26 2250 29 2251 γ
123 2211 250 2262 Apud
272 2224 416 2255 cenam
438 2216 469 2255 F
480 2227 575 2256 auo
591 2229 611 2256 r
621 2216 694 2256 ini
716 2217 957 2268 philosophi
975 2228 1067 2256 cum
1085 2216 1338 2257 discubitum
1359 2219 1443 2258 fue·
1462 2226 1479 2259 1

14 2268 104 2305 rat
125 2273 387 2321 coeptusque
412 2277 500 2312 eiat
520 2274 677 2323 apponi
699 2274 836 2322 cibus,
871 2285 1020 2314 seluus
1043 2274 1246 2314 assistens
1270 2285 1441 2314 mensae
