1603 2508
27 39 35 43 η
50 0 117 42 6ῖέ
221 0 231 17 =

11 48 36 83 (g
55 50 64 57 .-

0 163 23 205 rr

83 59 107 77 ,1-

575 75 665 114 Vll.
696 76 805 124 (Vl.)
836 87 892 114 vr.
915 86 989 114 vu.
1409 76 1494 117 219

0 206 17 242 ·.·'
79 201 189 242 quos
205 188 386 240 capiunt,
407 188 522 239 quod
541 187 682 229 idonei
699 187 929 239 felicesque
946 195 1056 237 sunt,
1076 193 1334 241 ‘praepetes'
1353 191 1494 240 appel·

77 246 227 295 lantur,
248 245 406 286 idcirco
424 245 596 285 Daedali
617 257 778 296 pennas
801 249 1060 297 ‘praepetes'
1081 246 1195 295 dixit,
1222 246 1418 297 quoniam
1441 258 1494 286 ex

77 301 204 352 locis,
236 303 278 343 in
307 302 458 353 quibus
490 302 721 354 periculum
752 303 983 351 metuebat,
1026 304 1065 343 in
1096 306 1189 344 loca
1217 304 1373 344 tutiora
1400 314 1493 354 per-

76 365 266 400 uenerat.
327 361 466 401 Locos
496 371 624 411 porro
649 363 923 410 ‘praepetes'
949 366 988 400 et
1012 372 1192 411 augures
1217 361 1428 412 appellant
1452 365 1493 400 et
1510 365 1532 402 9

76 416 278 458 Ennius
298 416 338 457 in
362 417 624 457 annalium
644 417 809 468 primo
833 417 953 457 dixit:

342 494 695 545 Praepetibus
718 506 837 535 sese
866 495 1176 546 pulcrisque
1198 495 1332 536 locis
1357 497 1491 536 dant.

161 584 326 626 Auibus
357 592 496 626 autem
516 587 819 638 ‘praepetibus’
840 586 1071 627 contrarias
1101 586 1190 627 auis
1214 587 1402 627 ‘inseras’
1425 595 1550 638 ap-lo

76 642 241 695 pellari‚
282 642 523 693 Nigidius
563 644 779 694 Figulus
821 644 860 683 in
902 644 1038 684 libro
1081 644 1247 694 primo
1288 645 1493 694 augurii

76 699 271 752 priuati
297 699 353 740 ita
381 700 500 740 dicit:
532 700 815 752 Discrepat
840 702 1024 741 dextra
1049 701 1323 748 sinistrae,
1347 713 1492 751 prae-

76 768 169 808 pes
198 757 427 806 inferae‚
463 770 514 798 ex
538 770 621 808 quo
643 764 707 798 est
729 758 986 806 coniectare,
1011 761 1287 808 ‘praepetes'
1312 760 1548 809 appella-11

78 819 155 863 tas,
174 826 282 866 quae
300 814 422 855 altius
443 815 746 865 sublimiusque
766 816 950 863 uolitcnt,
965 827 1056 855 cum
1077 814 1244 855 differre
1262 826 1286 854 a
1302 819 1494 866 ‘praepe-

75 871 213 912 tibus’
235 871 471 923 Nigidius
495 872 695 912 einfer-‘is'
722 873 883 912 dixerit.

159 929 426 969 Adulescens
458 941 536 980 ego
562 930 740 977 Romae,
772 941 865 969 cum
887 929 1098 969 etiamtum
1119 929 1171 968 ad
1193 929 1489 979 grammaticos
1502 937 1545 971 1-2

75 984 236 1034 itatem,
259 986 399 1026 audiui
423 986 785 1037 Apollinarem
808 986 1116 1037 Sulpicium,
1142 997 1265 1036 quem
1286 986 1324 1025 in
1349 986 1492 1036 primis

77 1043 292 1091 sectabar,
320 1054 412 1083 cum
439 1044 491 1083 de
515 1043 604 1084 iure
627 1044 800 1094 augurio
824 1049 1096 1094 quaereretur
1118 1048 1157 1082 et
1180 1043 1333 1083 mentio
1353 1047 1364 1065 ‘
1378 1054 1494 1093 prae-

77 1103 245 1150 petum’
269 1099 408 1140 auium
430 1102 538 1140 sacta
561 1106 693 1147 esset,
717 1100 867 1140 Erucio
893 1101 1032 1148 Claro,
1064 1101 1278 1150 praefecto
1300 1100 1411 1147 urbi,
1437 1100 1493 1139 di-

79 1167 196 1205 cere,
236 1160 509 1207 ‘praepetes'
543 1157 622 1197 sibi
650 1157 783 1197 uideri
813 1169 910 1198 esse
935 1157 1073 1205 alites,
1109 1169 1213 1207 quas
1238 1158 1492 1196 Homerus

79 1210 454 1265 ‘voevvuve'pvyag'
477 1213 763 1265 appellauerit,
795 1214 990 1264 quoniam
1013 1214 1114 1254 istas
1136 1213 1401 1264 potissimum
1424 1225 1493 1253 au-

78 1281 205 1320 gures
226 1275 486 1321 spectarent,
523 1282 631 1322 quae
653 1271 888 1321 ingentibus
913 1271 987 1310 alis
1009 1271 1176 1321 patulae
1195 1276 1321 1321 atque
1350 1282 1493 1321 porre-

79 1331 171 1368 ctae
192 1328 501 1378 praeuolarent
562 1329 703 1378 Atque
723 1328 776 1366 ibi
799 1329 876 1368 hos
900 1328 1107 1368 Homeri
1132 1339 1283 1368 uersus
1306 1327 1425 1367 dixit:

140 1415 292 1473 Τύνη
320 1414 364 1461 δ’
390 1420 648 1461 οἰωνοῖσι
671 1415 1436 1487 τανυπτερύγεσσικελεύεις

134 1477 473 1531 Πείθεσθαι,
502 1478 611 1518 τῶν
643 1472 710 1518 οὕ
743 1492 792 1518 τι
827 1471 1192 1530 μετατρέπομ’
1223 1470 1336 1516 οὐδ’
1370 1470 1494 1516 ἀλε-

912 1549 938 1587 γ
949 1550 963 1575 ι
958 1534 1050 1584 ’.ζω

744 1658 830 1698 Vn.

134 1737 188 1774 De
209 1738 315 1775 Acca
341 1738 513 1776 Larentia
539 1745 574 1776 et
592 1739 683 1776 Gaia
701 1739 882 1781 Taracia;
909 1738 1030 1784 deque
1055 1740 1201 1786 origine
1230 1737 1434 1774 sacerdotii

592 1798 743 1833 fratrum
778 1796 974 1831 arualium.

162 1896 303 1935 Accae
327 1895 542 1936 Larentiae
566 1901 606 1936 et
630 1896 755 1935 Gaiae
777 1895 995 1942 Taraciae,
1026 1896 1115 1934 sine
1141 1896 1207 1934 illa
1230 1895 1391 1935 Fufetia
1413 1901 1490 1944 est,
1510 1903 1528 1936 1

15 1963 18 1968 ·
78 1951 246 2002 nomina
267 1952 314 1991 in
337 1952 575 2003 antiquis
599 1953 873 1993 annalibus
899 1952 1078 1991 celebria
1095 1958 1204 1992 sunt.
1227 1953 1379 1992 Earum
1397 1953 1494 1992 alte-

78 2019 150 2048 rae
165 2013 468 2060 postmortem,
486 2010 682 2049 Taraciae
702 2016 840 2049 autem
861 2009 983 2048 uiuae
1000 2008 1243 2058 amplissimi
1259 2009 1444 2049 honores
1470 2021 1494 2048 a

77 2066 238 2116 populo
260 2067 450 2107 Romano
478 2067 617 2107 habiti.
680 2068 730 2106 Et
760 2066 973 2105 Taraciam
997 2065 1164 2115 quidem
1185 2065 1388 2115 uirginem
1409 2067 1490 2105 Ve-
1507 2073 1530 2107 2

79 2126 171 2162 stae
192 2121 324 2163 fuisse
347 2124 428 2163 lex
451 2123 670 2164 Horatia
693 2124 810 2163 testis
838 2128 914 2169 est,
941 2133 1048 2172 quae
1071 2133 1199 2172 super
1221 2133 1270 2162 ea
1287 2123 1339 2162 ad
1360 2134 1493 2172 popu-

35 2174 164 2218 lum
184 2180 278 2219 lata.
341 2180 430 2230 Qua
463 2181 555 2231 lege
577 2181 614 2221 ei
642 2180 806 2230 plurimi
827 2180 1011 2219 honores
1034 2179 1149 2227 fiunt,
1173 2179 1280 2218 inter
1303 2191 1410 2230 quos
1428 2179 1491 2218 ius

44 2245 254 2286 quoque
281 2236 504 2278 testimonii
528 2238 694 2277 dicendi
722 2236 916 2276 tribuitur
947 2236 1271 2286 ‘testabilis'que
1299 2247 1383 2276 una
1407 2248 1492 2276 om-

0 2307 1 2310 *
44 2274 195 2338 [nium
227 2292 470 2334 feminarum
502 2300 547 2334 ut
571 2294 623 2334 sit
655 2295 789 2333 datur.
852 2292 896 2331 Id
930 2293 1106 2333 uerbum
1127 2298 1191 2333 est
1224 2293 1327 2344 legis
1359 2293 1491 2343 ipsius
