1635 2492
562 47 667 87 xm.
691 59 808 86 xxxi.
826 51 965 96 (xxx.)
1444 47 1530 91 105

144 160 260 200 Tunc
275 158 366 200 aliis
384 160 520 208 etiam,
550 158 620 210 qui
635 158 690 199 ibi
705 159 900 207 aderant,
927 160 1212 210 compluribus
1231 160 1340 201 idem
1359 172 1469 201 com-
1487 168 1510 205 6

59 216 334 268 probantibus
357 216 779 265 desiderantibusque
792 249 801 264 ,
819 216 970 266 accipit
991 228 1015 256 a
1033 229 1098 257 me
1114 217 1264 257 librum
1282 217 1378 257 fidei
1402 229 1469 258 ue-

57 279 190 314 terem
201 277 429 324 spectatae,
441 274 650 313 luculente
665 272 878 323 scriptum.
902 273 1213 324 Accipitautem
1229 274 1466 314 inconstan-
1484 281 1504 317 7

57 330 218 371 tissimo
239 331 359 370 uultu
376 335 417 369 et
432 328 726 370 maestissimo.
787 329 873 369 Sed
895 330 994 380 quid
1016 330 1168 370 deinde
1194 331 1354 370 dicam?
1385 342 1468 371 non
1484 338 1509 374 8

57 387 193 428 audeo
210 387 351 427 hercle
378 387 611 437 postulare,
644 391 690 426 ut
709 385 752 424 id
776 386 971 426 credatur
992 387 1101 426 mihi.
1162 387 1284 428 Pueri
1305 387 1344 426 in
1368 387 1466 428 ludo
1484 394 1507 430 9

55 443 198 492 rudes,
216 443 252 484 si
268 455 363 484 eum
384 443 531 484 librum
548 442 824 493 accepissent,
842 454 926 483 non
944 443 984 483 bi
1001 444 1132 493 magis
1149 443 1188 483 in
1208 444 1386 494 legendo
1399 444 1468 484 de-

55 499 218 540 ridiculi
248 499 446 548 fuissent,
476 500 532 540 ita
553 506 593 540 et
615 499 842 540 sententias
863 499 1138 540 intercidebat
1161 506 1201 539 et
1225 501 1356 540 uerba
1379 512 1469 540 cor-

56 562 176 608 rupte
194 556 503 607 pronuntiabat.
564 556 716 597 Reddit
727 556 850 605 igitur
867 556 965 596 mihi
983 557 1133 596 librum
1155 557 1294 596 multis
1313 556 1393 596 iam
1418 557 1467 596 ri·
1479 566 1526 600 10

56 613 250 654 dentibus
277 619 337 653 et:
372 613 541 662 ‘uides'‚
570 613 714 663 inquit,
749 614 923 653 ‘oculos
947 624 1066 654 meos
1084 625 1237 663 aegros
1261 613 1468 653 adsiduis·
1521 647 1523 649 ,

57 681 138 721 que
155 669 514 711 lucubrationibus
531 681 665 720 prope
688 670 769 709 iam
786 669 996 720 perditos;
1029 670 1100 709 uix
1120 670 1238 720 ipsos
1256 670 1466 710 literarum

56 727 198 778 apices
224 727 340 778 potui
372 727 735 777 conprehendere;
774 737 867 767 cum
889 728 1037 767 ualebo
1065 727 1116 766 ab
1143 727 1296 774 oculis,
1329 727 1468 767 reuise

55 785 108 823 ad
126 794 193 823 me
215 788 257 823 et
276 783 424 824 librum
445 784 570 824 istum
586 783 658 823 tibi
673 789 805 824 totum
822 784 995 834 legam'.
1058 785 1250 831 ‘Recte',
1281 784 1463 834 inquam,
1480 792 1524 827 11

55 840 109 881 sit
131 839 278 888 oculis,
307 840 518 890 magister,
551 840 652 887 tu1s3
682 840 771 887 sed,
799 840 839 879 in
866 852 948 889 quo
971 840 1048 880 illis
1071 840 1169 880 nihil
1189 852 1296 891 opus
1316 846 1395 891 est,
1413 840 1528 888 id‚12

54 909 158 948 rogo
175 901 230 945 te,
252 897 367 937 dicas
378 897 495 936 mihi:
519 897 762 936 caninum
781 897 1054 946 prandium
1074 897 1205 937 inhoc
1225 898 1468 947 loco,quem

54 953 203 1004 legisti,
224 953 324 1004 quid
345 953 552 1004 significat
563 955 596 993 ?'
618 956 758 1003 Atque
775 953 842 993 ille
860 954 1054 1004 egregius
1074 954 1240 1001 nebulo,
1255 954 1375 1004 quasi
1394 953 1467 992 dis·
1484 960 1527 996 13

54 1010 151 1050 ficili
174 1009 421 1061 quaestione
438 1010 701 1062 proterritus,
736 1010 898 1059 exurgit
919 1011 1057 1051 statim
1078 1016 1118 1050 et
1136 1010 1302 1050 abiens:
1333 1013 1467 1058 ‘non',

53 1067 200 1119 inquit,
236 1069 427 1118 ‘paruam
444 1078 532 1106 rem
551 1066 740 1116 quaeris3
772 1066 869 1106 talia
885 1078 964 1116 ego
988 1067 1116 1116 gratis
1136 1078 1221 1107 non
1240 1067 1410 1107 doceo’.

140 1123 240 1163 Eius
265 1128 403 1164 autem
428 1123 530 1172 loci,
560 1124 600 1163 in
621 1134 704 1174 quo
733 1123 775 1162 id
796 1124 1062 1173 prouerbium
1095 1129 1178 1169 est,
1208 1124 1339 1162 uerba
1364 1123 1468 1162 haec
1486 1132 1530 1165 14

55 1185 171 1219 sunt:
203 1181 310 1220 Non
330 1180 479 1220 uides
499 1181 636 1230 apud
654 1180 1034 1229 Mnes[i]theum
1057 1180 1238 1227 scribi,
1267 1180 1366 1219 tria
1383 1191 1470 1229 ge-

54 1247 182 1276 nera
198 1247 317 1276 esse
333 1236 463 1284 uini,
497 1237 721 1287 nigrum,
741 1237 931 1283 album,
961 1236 1203 1284 medium,
1224 1236 1366 1285 quod
1383 1247 1470 1276 uo-

55 1298 177 1332 cant
194 1288 463 1344 ³utppdv'‚
493 1298 542 1333 et
567 1305 777 1344 nouum,
810 1298 984 1344 uetus,
1003 1293 1250 1332 medium?
1282 1298 1333 1332 et
1355 1292 1470 1332 effi-

55 1359 175 1390 cere
193 1348 391 1399 nigrum
413 1349 579 1396 uirus,
603 1350 683 1391 alb
700 1361 773 1389 um
792 1349 1010 1396 urinam,
1038 1349 1254 1388 medium
1272 1345 1471 1395 πέψινῖ)

26 1417 240 1446 -1nouum
289 1406 641 1456 refrigerare,
680 1411 834 1445 uetus
876 1406 1195 1452 calefacere,
1250 1405 1469 1444 medium

54 1473 173 1502 esse
189 1462 463 1513 prandium
481 1474 500 1501 c
514 1463 745 1502 aninum?
767 1461 1090 1512 Quidsignificet
1108 1462 1380 1511 prandium
1398 1472 1472 1502 ca·
1485 1469 1528 1503 15

53 1518 227 1558 ninum
240 1547 253 1570 ,
276 1529 365 1559 rem
382 1518 614 1566 leuiculam,
635 1518 705 1558 diu
723 1524 763 1558 et
779 1518 901 1558 anxie
920 1518 1217 1568 quaesiuimus.
1249 1518 1472 1558 Prandium
1487 1524 1531 1559 16

54 1580 193 1615 autem
217 1575 487 1623 abstemium,
521 1575 561 1615 in
582 1587 665 1624 quo
696 1575 793 1614 nihil
816 1579 1004 1625 potatur,
1030 1573 1275 1614 ‘caninum’
1309 1574 1470 1621 dicitur,

55 1631 254 1682 quoniam
269 1632 384 1671 canis
401 1631 500 1672 uino
519 1636 647 1671 caret.
682 1632 782 1671 Cum
799 1631 923 1681 igitur
940 1631 1139 1670 ‘medium
1154 1630 1310 1670 uinum'
1332 1631 1472 1680 appcl-
1485 1634 1528 1670 17

54 1690 197 1737 lasset,
222 1688 338 1738 quod
359 1699 498 1738 neque
524 1699 681 1728 nouum
702 1693 816 1726 esset
834 1698 971 1736 neque
990 1692 1129 1738 uetus,
1154 1692 1195 1725 et
1222 1688 1472 1736 plerumque

55 1745 245 1785 homines
264 1744 570 1794 italoquantur‚
584 1750 629 1784 ut
648 1755 771 1784 omne
790 1743 932 1783 uinum
950 1748 1020 1782 aut
1040 1754 1197 1783 nouum
1215 1754 1313 1782 esse
1332 1743 1473 1782 dicant

0 1823 3 1842 ;
55 1806 127 1841 aut
147 1806 293 1849 uetus,
316 1802 471 1842 nullam
493 1801 577 1841 uim
601 1800 756 1840 habere
779 1798 1027 1849 significauit
1050 1810 1188 1849 neque
1213 1799 1313 1839 noui
1333 1810 1473 1848 neque

0 1860 7 1910 ἓ
54 1856 233 1906 ueteris,
266 1858 381 1908 quod
400 1857 581 1898 medium
599 1862 734 1904 esset,
766 1862 806 1895 et
829 1855 985 1895 idcirco
1005 1867 1080 1905 pro
1099 1855 1197 1895 uino
1217 1867 1301 1896 non
1319 1855 1472 1895 haben-

0 1919 10 1962 ᾗ
57 1914 175 1962 dum,
201 1913 298 1965 quia
322 1925 461 1965 neque
485 1914 752 1964 refrigeraret
782 1923 920 1962 neque
944 1913 1204 1951 calefaceret.
1269 1911 1473 1962 tRefrige-

7 1979 13 1983 ·
55 1973 166 2011 rare’
188 1970 231 2010 id
256 1969 374 2019 dicit,
409 1971 524 2021 quod
548 1971 706 2010 Graece
730 1964 925 2020 (ψύχειν
948 1967 1110 2007 dicitur.
