1603 2508
646 101 936 140 PRAEFATIO.
1460 96 1490 138 3

65 214 187 267 quasi
204 218 277 255 aut
293 212 464 264 cognitu
481 225 565 253 non
584 213 695 253 utilia
711 219 782 254 aut
796 218 1000 264 perceptu
1018 212 1213 253 difficilia.
1262 213 1353 253 Non
1379 212 1488 251 enim

15 293 17 295 ·
64 271 240 313 fecimus
259 272 368 311 altos
385 270 507 311 nimis
526 275 567 310 et
584 271 793 311 obscuros
811 271 853 310 in
871 270 935 311 his
962 271 1089 311 rebus
1115 270 1410 320 quaestionum
1435 269 1487 309 si-

63 341 143 370 nus
159 362 169 379 ,
203 329 282 369 sed
304 327 506 379 primitias
534 329 738 378 quasdam
763 334 804 368 et
822 328 942 378 quasi
972 329 1195 368 libamenta
1211 327 1488 377 ingenuarum

63 386 213 428 artium
232 385 440 434 dedimus,
460 396 568 435 quae
584 385 722 425 uirum
740 385 916 425 ciuiliter
933 385 1141 425 eruditum
1158 396 1297 434 neque
1315 384 1486 424 audisse

62 454 263 494 umquam
281 454 419 494 neque
435 442 643 492 attigisse,
679 443 714 482 si
731 454 815 482 non
835 442 1031 490 [inJutile,
1064 443 1165 482 haut
1184 442 1353 492 quidem
1373 446 1486 480 certe

62 502 347 551 (imdeeorum
365 504 442 540 est.
475 500 542 539 Ab
559 499 622 539 his
641 499 776 549 igitur,
789 499 824 540 si
842 499 908 539 cui
926 501 1032 539 sorte
1049 510 1367 549 nonnumquam
1384 504 1483 538 tem-
1502 503 1545 537 14

61 571 143 610 pus
161 559 445 609 uoluptasque
463 556 540 596 erit
556 557 938 597 lucubratiunculas
955 557 1058 596 istas
1079 567 1364 606 cognoscere,
1385 555 1486 606 peti—

61 622 150 656 tum
185 616 537 668 impetratumque
569 615 784 662 uolumus,
816 619 860 653 ut
891 614 930 653 in
965 615 1164 663 legendo,
1201 624 1306 663 quae
1325 613 1485 663 pridem

62 672 256 721 scierint,
289 683 375 712 non
393 676 673 722 aspernentur
691 671 811 721 quasi
829 677 930 711 nota
948 671 1259 721 inuulgataque.
1309 671 1412 710 Nam
1444 675 1482 709 et
1500 677 1542 711 15

63 730 165 782 quid
181 735 266 770 tam
282 733 491 769 remotum
510 728 551 767 in
570 728 696 768 literis
715 735 798 777 est,
835 729 933 778 quin
965 728 1005 767 id
1038 734 1178 768 tamen
1209 727 1485 778 complusculi

62 787 223 828 sciant?
240 791 280 826 et
298 785 399 826 satis
417 786 498 826 hoe
516 786 714 825 blandum
727 792 802 834 est,
815 797 898 824 non
917 797 1013 825 esse
1029 786 1131 825 haec
1148 796 1286 835 neque
1305 785 1346 824 in
1365 785 1484 824 scho-

61 845 112 885 lis
139 845 361 884 decantata
384 854 522 893 neque
545 843 586 882 in
614 843 922 883 commentariis
956 842 1144 893 protrita.
1208 843 1322 892 Quae
1357 852 1481 892 porro
1501 849 1544 884 16

61 913 176 942 noua
192 901 271 941 sibi
287 901 517 950 ignotaque
537 900 808 948 offenderint,
843 912 1023 950 aequum
1043 911 1139 940 esse
1157 906 1282 950 puto„
1315 904 1361 938 ut
1394 898 1484 938 sine

3 975 8 977 Α
60 971 173 1000 uano
193 959 430 999 obtrectatu
448 957 738 1006 considerent,
773 969 824 997 an
850 957 1032 997 minutae
1051 956 1157 997 istae
1175 955 1484 996 admonitiones

64 1020 136 1065 e[t]
161 1014 416 1067 pauxillulae
447 1026 715 1064 nequaquam
739 1020 877 1054 tamen
904 1014 986 1054 sint·
1010 1015 1077 1053 uel
1102 1014 1155 1052 ad
1179 1014 1375 1053 alendum
1401 1017 1485 1052 stu-

0 1089 5 1126 ¹,
63 1073 177 1113 dium
196 1084 349 1113 uescae
365 1073 434 1111 uel
451 1072 504 1111 ad
523 1072 818 1112 oblectandum
837 1072 1152 1120 fouendumque
1170 1070 1352 1110 animum
1376 1068 1485 1119 frigi-

64 1131 163 1179 dae,
196 1129 276 1169 sed
301 1129 390 1168 eius
410 1128 581 1168 seminis
600 1129 854 1178 generisque
873 1129 973 1175 sint,
1008 1139 1061 1167 ex
1096 1140 1179 1177 quo
1210 1128 1327 1167 facile
1345 1127 1485 1166 adole-

64 1191 184 1228 scant
195 1190 267 1227 aut
276 1185 664 1235 ingeniahoininum
680 1185 897 1235 uegetiora
915 1191 984 1225 aut
1002 1185 1203 1225 memoria
1221 1183 1485 1224 adminicula-

61 1244 145 1285 tior
168 1247 240 1284 aut
265 1242 397 1283 oratio
424 1242 636 1282 sollertior
660 1248 729 1282 aut
747 1254 885 1282 serino
914 1241 1196 1292 incorruptior
1219 1246 1289 1281 aut
1307 1241 1485 1280 delecta-

63 1301 181 1350 ti0(r)
207 1300 249 1340 in
283 1299 367 1340 otio
393 1304 520 1348 atque
544 1299 584 1338 in
612 1300 712 1339 ludo
730 1299 955 1339 liberalior.
1021 1299 1133 1348 Quae
1166 1304 1304 1338 autem
1334 1309 1481 1348 parum
1501 1307 1542 1343 17

61 1359 190 1410 plana
219 1357 475 1397 uidebuntur
507 1361 578 1395 aut
609 1356 745 1396 minus
777 1357 902 1406 plena
939 1356 1248 1405 instructaque,
1288 1354 1483 1405 petimus,

61 1415 252 1465 inquam,
283 1420 330 1453 ut
354 1423 404 1452 ea
420 1424 505 1452 non
538 1414 719 1453 docendi
752 1414 904 1463 inagis,
941 1424 1064 1463 quam
1082 1411 1337 1453 admonendi
1355 1411 1486 1461 gratia

63 1471 222 1522 scripta
239 1470 480 1511 existiment
498 1475 559 1518 et,
581 1470 701 1520 quasi
719 1470 1078 1510 demonstratione
1095 1470 1368 1519 uestigiorum
1389 1479 1486 1507 con-

64 1528 183 1577 tenti,
216 1537 529 1579 persequantur
545 1538 595 1566 ea
612 1532 730 1577 post,
762 1527 797 1566 si
816 1527 975 1575 libebit,
1004 1528 1072 1566 uel
1090 1526 1204 1566 libris
1222 1525 1399 1576 repertis
1418 1526 1486 1564 uel
1602 1564 1603 1570 ,

64 1585 289 1636 magistris.
353 1585 467 1634 Quae
484 1595 587 1625 uero
607 1584 846 1635 putauerint
864 1584 1231 1635 reprehendenda,
1258 1583 1341 1630 his,
1363 1582 1397 1622 si
1415 1593 1483 1621 au-
1500 1588 1545 1624 18
1601 1597 1603 1600 ’

64 1643 236 1691 debunt,
250 1642 547 1689 subcenseant‚
566 1642 677 1681 unde
696 1652 744 1680 ea
761 1653 840 1681 nos
857 1641 1121 1691 accepimus3
1142 1642 1219 1681 sed
1237 1640 1358 1687 enim,
1379 1650 1487 1689 quae

65 1699 186 1740 aliter
202 1699 316 1750 apud
334 1698 459 1738 alium
478 1697 635 1748 scripta
652 1698 845 1747 legerint,
881 1709 932 1736 ne
950 1698 1031 1736 iam
1051 1698 1188 1737 statim
1204 1703 1397 1747 tempore
1416 1696 1486 1736 ob-

66 1761 277 1807 strepant,
296 1755 374 1796 sed
392 1759 433 1794 et
450 1754 636 1795 rationes
655 1766 794 1795 rerum
812 1759 854 1793 et
869 1754 1140 1794 auctoritates
1156 1753 1370 1794 hominum
1388 1764 1487 1803 pen-

66 1813 213 1862 sitent,
245 1824 353 1863 quos
372 1811 428 1851 illi
446 1823 639 1862 quosque
658 1823 736 1852 nos
756 1811 888 1851 secuti
906 1823 1066 1851 sumus.

152 1869 240 1910 Erit
256 1874 395 1910 autem
411 1868 454 1908 id
480 1870 607 1918 longe
634 1869 855 1919 optimum,
881 1874 927 1909 ut
952 1869 1022 1918 qui
1046 1869 1085 1907 in
1104 1867 1351 1914 lectitando,
1386 1867 1484 1907 scri·
1501 1865 1545 1901 19
1602 1890 1603 1896 =

0 1931 11 1983 ὲ
66 1927 232 1975 bendo,
251 1926 589 1974 commentando,
609 1937 835 1976 numquam
852 1927 1106 1976 uoluptates,
1127 1936 1357 1975 numquam
1374 1924 1487 1964 labo-

0 1998 30 2048 μὶ,
67 1995 140 2024 res
159 1988 382 2034 ceperunt,
415 1984 549 2022 nullas
567 1983 648 2023 hoc
666 1994 800 2033 genus
818 1983 979 2032 uigilias
999 1982 1223 2031 uigilarunt
1239 1992 1377 2031 neque
1391 1980 1487 2020 ullis

0 2049 25 2102 Q
67 2040 178 2080 inter
195 2040 384 2081 eiusdem
402 2041 548 2081 Musae
568 2041 756 2079 aemulos
776 2039 1074 2079 certationibus
1094 2037 1488 2088 disceptationibus

0 2107 31 2148 eg
70 2109 154 2148 que
184 2096 338 2137 elimati
364 2102 481 2145 sunt,
515 2097 593 2135 sed
624 2096 965 2147 intemperiarum
995 2095 1345 2145 negotiorumque
1376 2094 1490 2145 pleni

0 2145 58 2233 Ξ
69 2159 190 2203 sunt,
209 2154 362 2194 abeant
377 2154 689 2204 percontando,
717 2153 962 2200 sciibendo,
991 2164 1014 2191 a
1036 2153 1279 2192 noctibus
1310 2151 1374 2192 his
1391 2163 1488 2202 pro-

0 2228 58 2288 }
69 2212 151 2260 cul,
162 2214 290 2261 atque
306 2211 386 2251 alia
402 2210 480 2250 sibi
498 2210 1027 2259 oblectamenttquaerant.
1052 2211 1186 2249 Vetus
1197 2208 1486 2258 adagiumest:

69 2266 202 2307 nihil
219 2267 533 2308 cumfidibus
551 2269 785 2316 graculo,
805 2265 935 2305 nihil
953 2277 1060 2306 oum
1077 2266 1374 2306 amaracino
1394 2264 1486 2305 sui.

27 2324 215 2374 Atque
247 2324 390 2372 etiam,
423 2335 506 2374 quo
534 2324 588 2363 sit
614 2336 749 2373 quoru
753 2324 878 2363 ndun
902 2324 1007 2362 male
1036 2322 1489 2418 doctoruillhominum
1500 2326 1546 2362 20

7 2479 42 2508 5³
7 2454 23 2474 ’θ’
7 2399 39 2449 ,²¹⁴7
0 2330 36 2390 ..1ᾙῖ
