1619 2476
173 49 253 89 132
695 47 784 86 XV.
810 57 900 86 v111.
921 57 1028 86 vim.

171 165 218 200 et
251 159 354 199 alia
389 169 509 198 esca
543 157 726 198 melior
758 163 912 208 atque
944 157 1165 207 amplior
1198 157 1555 199 succenturie-

170 221 261 256 ⁴mr.
322 217 367 255 Is
396 226 527 254 nunc
548 215 655 254 flos
682 225 838 253 cenae
866 214 1089 254 habetur
1117 213 1423 263 interistos,
1454 214 1558 264 qui-

169 272 263 312 hus
295 276 530 320 sumptus
564 275 612 310 et
643 270 905 310 fastidium
937 281 1028 320 pro
1067 269 1252 310 facetis
1287 270 1559 321 procedit,

172 326 256 377 qui
281 328 650 376 negantullam
681 337 826 366 auem
850 330 1057 376 praeter
1088 326 1371 366 ficedulam
1402 331 1561 366 totam

171 393 406 424 comesse
427 387 695 432 oportere;
725 406 782 410 —
804 388 1092 422 ceterarum
1117 380 1287 422 auium
1311 387 1465 432 atque
1493 383 1560 420 al—

168 439 358 485 tilium,
379 438 476 478 nisi
500 444 694 478 tantum
719 439 1036 488 adponatur,
1058 443 1111 478 ut
1135 449 1158 477 a
1183 437 1469 478 cluniculis
1490 438 1560 477 in-

170 495 363 534 feriore
396 500 546 545 parte
578 494 746 534 saturi
772 494 922 542 fiant,
955 493 1251 534 conuiuium
1281 493 1560 544 putantiu-

170 551 286 601 opia
315 552 555 599 sordere,
582 574 639 578 ——
680 550 1007 600 superiorem
1046 555 1244 601 partem
1287 549 1454 590 auium
1490 554 1560 588 at-

170 619 265 657 que
295 606 521 646 altilium
557 607 640 657 qui
672 607 833 655 edint,
863 618 952 646 eos
993 609 1216 655 palatum
1242 607 1449 646 habere.
1509 605 1561 645 Si

167 663 523 713 proportione
545 662 719 713 pergit
744 662 948 702 luxuria
975 673 1238 711 crescere,
1265 662 1386 712 quid
1409 660 1561 701 relin-

170 719 369 768 quitur,
408 719 507 759 nisi
546 724 596 758 ut
633 718 858 758 delibari
894 718 996 758 sibi
1027 730 1185 759 cenas
1223 718 1463 766 iubeant,
1502 728 1561 756 ne

170 775 370 817 edendo
413 775 799 824 defetigentur,
834 775 1035 825 quando
1075 779 1272 815 stratus
1309 785 1453 822 auro,
1487 784 1560 812 ar-

168 835 343 880 gento,
366 842 593 881 purpura
617 830 834 881 amplior
858 830 1060 880 aliquot
1084 829 1395 878 hominibus,
1414 840 1560 880 quam

170 886 250 926 dis
273 887 665 934 inmortalibus,
689 887 1007 926 adornatur?

808 1033 930 1073 V1111.

170 1125 278 1171 Quod
301 1124 485 1161 Caecilius
502 1128 613 1171 poeta
636 1125 794 1160 frontem
813 1135 950 1171 genere
972 1124 1069 1160 uirili
1094 1134 1168 1159 non
1185 1124 1352 1171 poetice,
1383 1122 1452 1159 sed
1475 1133 1558 1159 cum

457 1181 674 1227 probatione
699 1185 734 1215 et
754 1191 838 1217 cum
859 1181 1034 1227 analogia
1052 1181 1266 1227 appellauit.

132 1292 151 1325 1
255 1280 365 1318 Vere
385 1290 431 1317 ac
449 1278 602 1317 diserte
625 1278 882 1318 Caecilius
911 1277 1054 1318 hocin
1075 1275 1352 1317 Subditiuo
1372 1274 1557 1325 scripsit:

226 1359 341 1397 Nam
385 1357 432 1396 hi
470 1355 588 1396 sunt
633 1356 827 1395 inimici
861 1354 1114 1405 pessumi,
1157 1356 1328 1394 fronte
1364 1350 1557 1400 hilaro,

990 1411 1146 1451 corde
1166 1408 1327 1458 tristi,

227 1470 360 1521 Quos
383 1470 555 1520 neque
581 1468 1058 1531 utadpre(he)ndas
1087 1465 1256 1529 neque
1275 1464 1558 1514 ut[idi]mit-

996 1528 1076 1562 tas
1111 1533 1269 1562 scias.

130 1631 153 1665 2
170 1620 258 1658 Hos
283 1629 359 1668 ego
377 1629 551 1665 uersus,
587 1628 678 1657 cum
695 1618 746 1656 de
769 1617 950 1680 quodam
970 1614 1204 1656 istiusmodi
1218 1612 1385 1655 homine
1406 1623 1560 1652 sermo-

131 1687 153 1722 3
170 1686 244 1714 nes
266 1679 425 1721 essent,
450 1673 489 1712 in
508 1673 659 1713 circulo
683 1675 787 1713 forte
807 1673 1001 1713 iuuenum
1026 1670 1292 1711 eruditiorum
1308 1668 1405 1709 dixi.
1459 1669 1560 1707 Tum

173 1732 225 1770 de
255 1730 614 1780 grammaticorum
641 1730 765 1779 uolgo
799 1729 1001 1779 quispiam
1031 1727 1246 1768 nobiscum
1275 1724 1330 1765 ibi
1352 1724 1559 1765 adsistens

171 1798 254 1826 non
286 1797 387 1825 sane
419 1785 631 1835 ignobilis:
665 1788 877 1835 equanta'‚
913 1783 1064 1835 inquit,
1096 1781 1284 1822 ‘licentia
1307 1779 1561 1837 audaciaque

175 1814 454 1882 Caeciliuso
464 1842 528 1881 hic
544 1841 639 1889 fuit,
670 1852 756 1880 cum
785 1842 831 1880 fl
844 1846 969 1881 onte
993 1839 1190 1886 hilaro,
1215 1849 1298 1879 non
1322 1833 1481 1877 ‘fronte
1505 1835 1561 1875 hi-

173 1900 280 1937 lara'
309 1898 409 1937 dixit
431 1902 471 1937 et
494 1903 572 1937 tan]
598 1898 802 1936 inmanem
833 1897 1125 1938 soloecismum
1150 1893 1246 1934 nihil
1267 1892 1424 1934 ueritus
1439 1893 1559 1932 est?'

135 1962 157 1996 4
175 1955 349 2000 ‘Immo’,
371 1954 549 2003 inquam,
575 1953 728 2003 ‘potius
746 1965 823 1994 nos
841 1957 882 1992 et
899 1964 1019 2003 quarn
1037 1951 1217 1992 audaces
1239 1954 1280 1990 et
1300 1960 1422 2000 quam
1440 1948 1561 1988 licen-

175 2016 235 2049 tes
261 2021 404 2049 sumus
418 2042 427 2057 ,
459 2009 528 2059 qui
550 2011 772 2050 ‘frontem’
799 2009 985 2060 improbe
1000 2008 1250 2056 indocteque
1265 2018 1349 2047 non
1366 2004 1472 2046 uirili
1493 2014 1559 2053 ge-

174 2076 273 2105 nere
293 2066 488 2113 dicimus,
507 2077 598 2105 cum
616 2070 656 2104 et
672 2065 773 2106 ratio
797 2064 1099 2115 proportionis,
1125 2074 1231 2112 quae
1247 2060 1467 2111 ‘analogia'
1491 2071 1560 2110 ap·

175 2122 368 2172 pellatur,
389 2126 428 2161 et
449 2127 634 2161 ueterum
652 2121 915 2161 auctoritates
939 2132 1022 2160 non
1039 2120 1191 2167 ‘hanc',
1215 2119 1291 2159 sed
1311 2119 1436 2158 ‘hunc
1451 2117 1542 2156 fron

134 2185 155 2217 ξ»
174 2180 269 2215 tem'
290 2178 441 2217 debere
460 2178 538 2217 dici
559 2177 772 2217 suadeant.
813 2176 971 2226 Quippe
996 2176 1049 2214 M.
1075 2176 1195 2215 Cato
1219 2175 1258 2214 in
1281 2173 1440 2225 primo
1462 2181 1538 2211 0.oe
1558 2195 1560 2197 »
1600 2213 1619 2218 ‚-

173 2232 339 2280 ginum
356 2234 410 2272 ita
426 2233 609 2284 scripsit:
633 2232 896 2273 Postridie
921 2230 1085 2281 signis
1115 2231 1364 2279 conlatis,
1390 2237 1558 2278 aequo
1580 2227 1586 2231 '
