1619 2476
131 102 156 141 Ξ.)
684 101 972 138 PRAEFATIO.

130 213 200 263 qui
225 222 366 264 στρω
381 216 592 275 ματεῑς,
625 216 722 250 511111
738 212 866 259 adeo,
901 211 970 261 qui
1003 209 1312 260 πανδέκτας
1342 218 1384 254 01
1400 208 1542 254 Ἑλι-

129 282 273 310 κωνα
309 275 349 309 01
381 265 737 320 προβλήματα
768 273 808 306 et
840 265 1139 319 ἐγχειρίδια
1168 273 1209 307 et
1231 269 1541 334 παραξιφί-

95 325 234 373 δδας.
287 326 363 366 Est
381 326 450 375 qui
466 324 794 364 memoriales
819 323 980 363 titulum
998 324 1159 372 fecerit,
1201 330 1268 367 est
1300 326 1371 376 qui
1401 339 1540 379 πρα-

123 379 359 432 γματικὰ
389 388 428 422 et
449 376 698 432 πάρεργα
738 385 778 419 01
820 375 1207 432 διδασκαλικοὶ,
1244 386 1310 421 est
1338 382 1436 422 item
1469 382 1539 432 qui

126 438 385 479 historiae
412 442 530 476 natu
547 437 695 483 ralis,
723 441 787 475 est
808 435 1158 501 παντοδαπῆς
1181 435 1449 491 ιστορίας,
1474 443 1540 478 051

128 500 345 545 praeteiea
364 494 432 543 qui
450 506 508 544 pl
519 499 671 540 atum,
692 498 755 532 051
773 493 910 531 itidem
931 494 999 542 qui
1017 489 1365 557 πάγκαρπον,
1388 499 1452 535 est
1469 494 1538 545 qui

97 548 308 593 9v0'7zcov
340 550 519 600 sciipsit.
582 550 687 588 Sunt
710 550 806 588 item
829 550 943 589 multi
970 551 1038 599 qui
1069 550 1433 599 coniectanea‚
1459 562 1538 590 ne—

129 620 210 658 que
226 608 324 646 item
343 619 426 646 non
453 611 569 653 511111,
605 606 672 655 (1111
697 606 854 645 111(11005
879 606 992 645 libris
1017 606 1104 646 suis
1123 606 1296 646 fecerint
1327 612 1399 646 aut
1422 619 1444 646 e
1453 619 1537 657 pl-

128 665 377 704 stularum
422 662 684 701 moralium
725 668 795 701 aut
835 662 1231 712 epistulicarum
1271 664 1537 713 quaestio-

127 733 152 760 n
166 733 239 760 um
263 725 333 759 aut
360 731 379 758 c
393 721 685 759 onfusarum
717 724 757 757 et
781 719 984 768 quaedam
1003 719 1080 758 alia
1102 719 1304 769 inscripta
1325 719 1446 759 nimis
1471 721 1536 758 le—

69 785 114 820 10
123 778 221 828 pida
240 777 474 825 multasque
492 787 687 825 prorsum
711 775 1009 815 concinnitates
1028 776 1271 815 redolentia.
1316 777 1401 815 Nos
1418 787 1535 823 uero,

124 839 170 873 ut
195 838 340 882 captus
366 838 510 872 noster
542 837 624 878 est,
658 832 865 872 incuriose
885 837 925 871 et
941 832 1178 872 inmeditate
1195 843 1243 871 ac
1260 843 1395 882 prope
1413 832 1535 872 etiam

125 889 361 930 subrustice
388 900 438 927 ex
462 888 555 938 ipso
580 889 673 927 loco
707 899 754 927 ac
787 894 976 938 tempore
1007 889 1271 928 hibernarum
1302 888 1535 938 uigiliarum

123 945 335 986 Atticas
369 951 549 983 noctes
581 944 888 994 inscripsimus,
922 950 1078 984 tantum
1098 945 1246 984 ceteris
1276 945 1467 984 omnibus
1493 945 1535 984 in

123 1003 255 1052 ipsius
290 1012 458 1051 quoque
490 1001 770 1050 inscriptionis
803 1002 925 1040 laude
959 1002 1156 1042 cedentes
1170 1034 1179 1050 ‚
1215 1006 1414 1051 quantum
1447 1012 1535 1041 ces-

125 1060 255 1099 simus
273 1058 312 1096 in
331 1069 430 1097 cura
448 1062 487 1096 et
505 1058 705 1106 elegantia
723 1057 976 1107 scriptionis.

71 1130 109 1164 11
215 1115 300 1154 Sed
337 1126 389 1152 ne
421 1113 638 1153 consilium
672 1114 838 1163 quidem
871 1114 910 1153 in
945 1114 1221 1164 excerpendis
1254 1113 1536 1164 notandisque

127 1173 252 1212 rebus
270 1171 379 1209 idem
396 1170 505 1218 mihi,
527 1171 640 1219 quod
656 1171 868 1220 plerisque
885 1171 976 1218 illis,
995 1171 1081 1210 fuit.
1114 1171 1300 1220 Namque
1315 1171 1372 1210 illi
1389 1182 1536 1210 omnes

127 1234 166 1268 et
185 1239 329 1268 eorum
346 1227 522 1266 maxime
542 1227 707 1273 Graeci,
739 1229 865 1265 multa
882 1232 922 1266 et
938 1227 1054 1266 uaria
1070 1227 1324 1275 lectitantes,
1356 1227 1398 1266 in
1431 1238 1534 1276 quas

125 1296 193 1324 res
213 1295 390 1332 cumque
406 1283 654 1330 inciderant,
689 1283 841 1329 ‘alba’‚
876 1288 922 1321 ut
945 1283 1112 1329 dicitur,
1147 1283 1302 1322 ‘linea'
1327 1283 1418 1322 sine
1437 1294 1536 1323 cura

125 1340 373 1380 discriminis
407 1341 538 1379 solam
571 1339 733 1388 copiam
766 1339 910 1378 sectati
943 1339 1262 1386 convertebant,
1304 1339 1455 1388 quibus
1493 1339 1534 1378 in

125 1396 313 1446 legendis
332 1400 427 1434 ante
445 1396 604 1434 animus
625 1396 740 1435 senio
761 1406 808 1433 ac
826 1395 963 1435 taedio
986 1395 1216 1445 languebit,
1251 1405 1374 1445 quam
1404 1407 1534 1434 unum

127 1455 355 1493 alterumue
372 1452 621 1501 reppererit,
643 1452 757 1501 quod
775 1451 827 1490 sit
844 1457 913 1490 aut
930 1452 1135 1501 uoluptati
1158 1454 1300 1501 legere
1319 1456 1391 1491 aut
1408 1451 1535 1491 cultui

68 1516 112 1552 12
129 1509 282 1559 legisse
301 1514 371 1547 aut
386 1509 480 1548 usui
499 1508 749 1548 meminisse.
796 1509 883 1557 Ego
902 1520 1024 1556 uero,
1045 1520 1138 1547 cum
1155 1508 1256 1547 illud
1272 1508 1443 1558 Ephesii
1457 1508 1535 1549 uiri

126 1576 286 1606 summe
303 1564 451 1604 nobilis
471 1565 676 1612 uer[b]um
696 1563 810 1603 cordi
827 1565 1034 1612 haberem,
1047 1566 1160 1614 quod
1176 1565 1368 1614 profecto
1379 1564 1436 1603 ita
1446 1568 1532 1603 est:

125 1621 443 1672 πολυμαθίη
471 1618 601 1660 vo'ov
626 1614 688 1661 οὐ
713 1617 988 1673 ὁιὸάσκει,
1019 1621 1111 1670 ipse
1129 1621 1295 1670 quidem
1311 1620 1533 1660 uoluendis

124 1677 476 1727 transeundisque
494 1677 631 1716 multis
649 1677 874 1717 admodum
891 1677 1170 1717 uoluminibus
1187 1677 1412 1726 peromnia
1427 1687 1532 1715 sem-

123 1745 200 1784 per
216 1734 478 1783 negotiorum
495 1734 733 1781 interualla,
753 1734 792 1773 in
812 1733 961 1782 quibus
981 1733 1106 1773 furari
1124 1733 1251 1773 otium
1267 1733 1398 1782 potui,
1417 1743 1532 1771 exer-

126 1790 232 1829 citus
251 1791 528 1839 defessusque
547 1802 657 1837 sum,
692 1791 767 1829 sed
785 1790 947 1830 modica
967 1801 1018 1829 ex
1033 1789 1097 1829 his
1115 1800 1247 1838 eaque
1266 1790 1357 1828 sola
1374 1788 1530 1838 accepi,

125 1857 232 1895 quae
249 1851 318 1885 aut
334 1846 498 1896 ingenia
514 1852 706 1896 prompta
730 1846 1008 1896 expeditaque
1034 1846 1086 1884 ad
1111 1846 1314 1885 honestae
1338 1844 1532 1884 eruditio-

125 1902 188 1941 nis
208 1902 442 1951 cupidinem
460 1903 701 1952 utiliumque
720 1903 867 1941 artium
885 1902 1278 1951 contemplationem
1297 1901 1421 1955 celeri
1437 1900 1531 1939 faci-

124 1958 235 2007 lique
255 1960 503 2008 compendio
517 1960 717 1998 ducerent
733 1964 802 1998 aut
818 1958 1007 1998 homines
1025 1958 1113 1998 aliis
1131 1958 1210 1997 iam
1226 1957 1336 1996 uitae
1352 1956 1531 2006 negotiis

126 2020 354 2063 occupatos
373 2026 395 2053 a
412 2016 521 2065 turpi
540 2021 651 2055 certe
669 2016 906 2066 agrestique
922 2026 1061 2054 rerum
1079 2019 1202 2065 atque
1223 2013 1445 2054 herborum
1461 2013 1532 2052 im-

127 2070 275 2120 peritia
298 2071 568 2110 uindicarent.

65 2131 111 2167 13
213 2127 332 2175 Quod
365 2134 485 2167 erunt
510 2134 646 2167 autem
670 2129 709 2167 in
741 2128 804 2168 his
830 2127 1136 2169 commentariis
1159 2138 1296 2177 pauca
1326 2126 1531 2176 quaedam
1587 2135 1591 2138 ⁴

123 2184 372 2232 scrupulosa
389 2189 429 2222 et
447 2185 587 2231 anxia,
619 2187 687 2224 uel
711 2196 762 2223 ex
786 2184 1052 2233 grammatica
1076 2185 1143 2223 uel
1160 2194 1213 2222 ex
1227 2181 1445 2221 dialectica
1460 2182 1530 2233 uel

124 2238 246 2278 etiam
279 2251 331 2277 ex
363 2240 607 2288 geometria,
636 2241 834 2290 quodque
860 2245 980 2279 erunt
995 2240 1091 2279 item
1107 2239 1286 2289 paucula
1302 2237 1529 2277 remotiora
1587 2268 1591 2270 ,

123 2306 250 2345 super
274 2295 446 2345 augurio
475 2296 561 2335 iure
586 2302 626 2335 et
657 2296 891 2346 pontificio,
923 2308 1006 2336 non
1041 2300 1206 2346 oportet
1236 2305 1286 2334 ea
1316 2294 1525 2344 defugere,
