1603 2508
55 192 58 195 .
93 161 183 199 se'se
212 160 380 207 dixisse,
411 160 515 209 quod
549 160 613 197 tris
638 161 789 209 linguas
815 161 1098 208 permunisset,
1131 160 1336 205 Graecam,
1367 161 1518 204 Oscam,

92 218 278 256 Latinam.

192 275 341 313 XVIII.
381 274 493 320 Quod
514 275 566 310 Μ.
582 276 708 311 Varro
737 275 776 312 C.
804 274 1043 320 Sallustium,
1074 275 1256 312 historiae
1284 277 1519 323 scriptorem,

93 332 378 381 deprehensum
394 333 440 368 ab
457 333 583 368 Annio
602 332 739 368 Milone
767 333 802 368 in
823 332 1009 368 adulterio
1033 333 1160 368 scribit
1186 338 1222 368 et
1249 334 1338 369 loris
1364 343 1520 369 caesum

94 391 332 438 pecuniaque
353 389 441 425 data
459 389 674 426 dimissum.

205 457 357 494 XVIIII.
403 457 502 502 Quid
533 457 725 503 Epictetus
757 456 1012 503 philosophus
1045 456 1171 492 dicere
1206 458 1338 492 solitus
1373 458 1419 493 sit
1449 456 1520 493 ho-

90 516 256 552 minibus
289 525 452 561 nequam
491 519 526 550 et
564 514 730 560 inpuris,
779 513 1001 560 disciplinas
1041 513 1306 560 philosophiae
1349 514 1520 550 studiose

91 572 360 617 tractantibus;
393 576 430 606 et
454 581 550 618 quae
570 570 645 606 duo
670 572 786 607 uerba
817 570 1058 607 obseruanda
1087 573 1324 618 praeceperit
1353 573 1520 608 omnium

91 641 218 666 rerum
234 630 346 676 longe
365 629 544 665 salubria.

204 695 288 732 XX.
331 696 458 732 Verba
483 700 632 742 sumpta
649 707 697 730 ex
714 696 912 743 symposio
931 696 1094 731 Platonis
1125 697 1292 731 numeris
1317 707 1519 744 coagmen-

89 753 214 800 tisque
240 754 447 789 uerborum
478 754 569 788 scite
596 753 862 799 modulateque
897 758 1057 799 apteque
1099 753 1301 789 exercendi
1333 755 1454 801 gratia
1482 755 1519 790 in

90 809 262 846 Latinam
280 811 491 846 orationem
509 821 636 846 uersa.

204 876 306 912 XXI.
346 877 491 922 Quibus
516 880 748 925 temporibus
773 883 859 925 post
884 878 1043 913 Romam
1070 878 1260 914 conditam
1286 877 1419 915 Graeci
1445 879 1518 915 Ro-

89 934 267 981 manique
299 935 475 972 inlustres
507 936 577 971 uiri
610 935 804 971 floruerint
837 940 920 971 ante
956 935 1166 971 secundum
1197 936 1336 972 bellum
1365 935 1518 972 Cartha-

90 1002 335 1039 gmrensrum.

346 1094 611 1133 CAPITVLA
651 1094 791 1133 LIBRI
833 1094 1029 1133 OCTAVI
1068 1094 1262 1133 DECIMI.

208 1188 235 1223 1.
274 1187 556 1235 Disputationes
576 1198 597 1222 a
613 1187 842 1234 philosopho
860 1188 986 1224 Stoico
1006 1193 1039 1222 et
1057 1193 1186 1223 contra
1208 1198 1230 1222 a
1254 1189 1516 1235 Peripatetico,

54 1243 57 1245 ’
90 1244 229 1281 arbitro
260 1245 472 1288 Fauorino,
516 1245 657 1288 sactae3
697 1247 983 1292 quaesitumque
1015 1246 1110 1280 inter
1141 1256 1229 1288 eos,
1269 1250 1448 1292 quantum
1480 1247 1517 1282 in

89 1301 323 1350 perficienda
339 1303 416 1339 uita
431 1304 543 1339 beata
562 1303 677 1338 uirtus
697 1303 840 1338 ualeret
858 1308 1111 1349 quantumque
1132 1307 1233 1339 esset
1250 1303 1286 1338 in
1303 1303 1363 1338 his
1378 1333 1386 1347 ,
1420 1313 1516 1350 quae

90 1359 265 1396 dicuntur
285 1364 480 1396 extranea.

204 1426 250 1462 ΙΙ.
294 1426 516 1464 Cuiusmodi
533 1429 796 1476 quaestionum
815 1429 1082 1464 certationibus
1101 1426 1354 1463 Saturnalicia
1372 1426 1518 1463 ludicra

87 1483 250 1523 Athenis
270 1485 414 1534 agitare
441 1487 539 1522 soliti
573 1487 713 1530 simus;
754 1490 864 1532 atque
896 1486 984 1521 inibi
1018 1495 1204 1531 expressa
1235 1484 1423 1531 quaedam
1457 1496 1518 1519 so-

51 1552 56 1555 '
90 1543 296 1590 phiSmatia
311 1547 348 1580 et
364 1544 580 1591 aenigmata
596 1544 856 1579 oblectatoria.

205 1610 267 1646 ΠΙ.
308 1610 408 1655 Quid
423 1610 637 1647 Aeschines
664 1610 789 1646 rhetor
815 1611 851 1645 in
880 1610 1070 1651 oratione,
1105 1619 1179 1655 qua
1199 1607 1441 1644 Timarchum
1469 1609 1516 1645 de

90 1667 314 1716 inpudicitia
331 1668 550 1712 accusauit,
582 1667 908 1703 Lacedaemonios
933 1667 1110 1702 statuisse,
1130 1665 1266 1701 dixerit
1292 1677 1407 1712 super
1434 1676 1518 1702 sen-

91 1725 206 1761 tentia
221 1725 490 1772 probatissima
502 1754 511 1769 ,
544 1735 657 1772 quam
673 1724 1016 1771 improbatissimus
1032 1723 1145 1759 homo
1166 1721 1339 1758 dixisset.

206 1791 285 1827 IIII.
327 1790 439 1836 Quod
464 1790 655 1838 Sulpicius
680 1791 914 1838 Apollinaris
939 1791 1223 1838 praedicantem
1250 1790 1462 1837 quendam,
1495 1803 1518 1828 a

73 1859 180 1885 *sese
203 1859 278 1885 uno
296 1847 450 1886 Sallusti
475 1847 655 1884 historias
682 1850 869 1895 intellegi,
902 1848 1029 1884 inlusit
1056 1848 1277 1895 quaestione
1308 1849 1516 1895 proposita,

6 1924 8 1929 ·
46 1905 66 1954 g]
88 1905 184 1953 >quid
199 1907 316 1942 uerba
339 1906 411 1942 ista
437 1905 539 1952 apud
559 1904 778 1942 Sallustium
812 1906 1090 1953 significarent:
1123 1906 1326 1946 incertum,
1346 1904 1518 1941 stolidior

91 1973 142 1999 an
169 1963 320 1999 uanior.

47 2025 74 2066 ’ἱ
206 2030 256 2066 V.
295 2029 407 2075 Quod
429 2030 475 2075 Q.
499 2030 643 2066 Ennius
669 2030 706 2065 in
730 2030 889 2076 septimo
920 2029 1045 2065 annali
1079 2027 1296 2074 quadrupes
1325 2037 1443 2075 eques
1472 2039 1516 2064 ac

52 2084 78 2133 ἶ
93 2097 170 2124 non
186 2086 406 2135 quadrupes
424 2098 566 2134 equus,
596 2091 636 2123 ut
652 2087 782 2134 legunt
799 2087 922 2129 multi,
951 2087 1131 2132 seriptum
1152 2085 1316 2132 reliquit.

45 2138 82 2186 ἶ
209 2155 275 2191 VI.
313 2155 426 2200 Quod
449 2155 584 2191 Aelius
605 2154 785 2191 Melissus
811 2155 848 2189 in
872 2155 987 2196 libro,
1021 2154 1080 2189 cui
1107 2154 1251 2189 titulum
1280 2154 1367 2190 fecit
1391 2152 1437 2189 de
1463 2154 1517 2190 lo-

46 2191 235 2259 ξ’ςὶιειιᾱί
251 2212 503 2260 proprietate,
535 2222 666 2259 quem,
697 2222 782 2247 cum
801 2210 952 2254 ederet,
983 2221 1139 2246 cornum
1153 2221 1240 2247 esse
1258 2212 1391 2257 copiae
1415 2210 1516 2247 dice-

44 2258 178 2324 {hau
205 2279 286 2305 rem
303 2269 455 2316 scripsit
471 2279 594 2316 neque
612 2268 715 2305 dictu
734 2279 856 2315 neque
883 2267 1012 2304 auditu
1039 2266 1216 2315 dignam,
1247 2278 1332 2304 cum
1360 2266 1514 2303 differre

45 2324 112 2348 ιμ’

98 2479 139 2508 ς”.ζ
154 2491 166 2496 =·

527 45 678 83 INDEX
716 45 1080 83 CAPITVLORVM.
1463 41 1518 84 31
1564 50 1567 51 ’
