1619 2476
159 39 242 82 228
663 18 667 22 ⁴
716 40 877 80 xvnn.
915 50 1003 78 vm.

163 153 327 204 scripsit
351 159 419 193 aut
436 152 561 192 dixit?
593 156 653 191 Ac
671 157 895 202 propterea
910 157 1031 201 peto,
1062 157 1120 200 ut,
1152 151 1187 192 si
1208 152 1294 192 Gai
1315 154 1561 195 Caesaris

160 211 263 250 liber
279 221 377 260 prae
402 209 590 248 manibus
609 214 692 256 est,
725 209 861 258 promi
885 208 1049 257 iubeas,
1078 213 1123 248 ut
1153 219 1277 259 quam
1303 210 1563 250 confidenter

160 268 239 306 hoc
265 266 439 312 indicat,
474 264 679 304 aestimari
697 276 719 303 a
742 270 782 304 te
800 265 974 315 possit’.

121 327 140 362 7
244 323 370 368 Tunc,
406 322 566 371 prolato
591 321 724 360 libro
744 321 803 360 de
823 321 1072 371 analogia
1095 320 1283 371 primo,
1313 323 1442 362 uerba
1457 323 1560 362 haec

118 384 141 420 8
160 390 211 417 cx
237 389 286 417 eo
315 388 449 427 pauca
471 378 694 417 memoriae
723 378 928 418 mandant,
959 378 1073 425 Nam,
1105 389 1198 418 cum
1221 388 1349 429 supra
1373 379 1559 427 dixisset,

158 445 295 483 neque
308 435 501 473 ecaelum’
520 445 655 483 neque
669 434 877 474 ‘triticum'
897 445 1032 484 neque
1045 435 1274 474 ‘harenam’
1293 435 1560 475 multitudinis

158 490 501 540 significationem
525 491 627 540 pati:
660 502 773 529 num
796 496 869 538 tu,
900 490 1042 540 inquit,
1070 491 1251 530 harum
1283 502 1448 532 rerum
1475 503 1560 531 na-

157 552 273 586 tura
314 546 559 586 accidere
602 547 907 595 arbitraris,
948 547 1083 596 quod
1127 551 1303 587 ‘unam
1339 551 1556 588 terram’

158 614 213 642 ac
246 605 451 653 ‘plures
481 608 678 643 terras’
708 609 754 642 et
786 604 1012 643 eurbem'
1043 609 1091 643 et
1123 604 1337 644 ‘urbes'
1369 609 1417 644 et
1447 605 1559 644 ‘im-

157 660 376 710 perium'
411 666 460 699 et
503 660 782 710 eimperia’
826 660 1077 708 dicamus,
1118 671 1282 710 neque
1317 661 1559 710 ‘quadri-

157 719 271 766 gas'
319 717 366 755 in
418 728 566 755 unam
605 716 827 757 nominis
860 717 1082 766 figuram
1113 716 1357 767 redigere
1388 728 1558 766 neque

158 773 450 812 tharenam’
504 773 866 813 multitudinis
921 773 1285 824 appellatione
1335 783 1557 814 conuer-

157 834 269 868 tere
307 829 601 879 possimus?

119 891 141 926 9
244 885 316 926 His
347 885 497 925 deinde
519 885 658 926 uerbis
686 886 802 926 lectis
829 885 906 926 sibi
929 885 1124 925 Fronto
1156 886 1209 925 ad
1236 886 1349 926 illum
1370 892 1558 937 poetam:

158 942 393 982 ‘uideturne
410 942 510 990 tibi’,
539 942 692 993 inquit,
721 944 780 982 eC.
801 942 894 982 Cae
908 953 994 982 sar
1013 943 1065 982 de
1088 947 1198 982 statu
1217 942 1332 983 uerbi
1352 948 1496 983 contra
1519 948 1560 982 te

101 999 256 1039 losatis
285 1005 428 1049 aperte
454 999 640 1049 satisque
675 1005 916 1039 constanter
942 999 1287 1048 pronuntiasse?'
1326 1000 1440 1039 Tunc
1470 1011 1560 1049 per-

156 1061 293 1096 motus
322 1056 566 1096 auctoritate
593 1055 683 1095 libri
709 1062 854 1106 poeta:
889 1055 949 1095 ‘si
981 1066 1003 1094 a
1033 1056 1260 1107 Caesare',
1290 1055 1440 1106 inquit,
1472 1055 1559 1095 ‘ius

156 1112 416 1162 prouocandi
433 1114 551 1160 soret,
563 1123 640 1162 ego
659 1124 768 1152 nunc
785 1113 836 1152 ab
854 1113 933 1152 hoc
953 1112 1193 1152 Caesaris
1212 1111 1315 1152 libro
1333 1123 1561 1163 prouocas-

157 1179 258 1208 sem.
320 1168 404 1209 Sed
428 1169 622 1219 quoniam
649 1169 740 1219 ipse
772 1168 972 1210 rationem
1002 1167 1233 1209 sententiae
1257 1179 1358 1209 suae
1383 1168 1561 1209 reddere

157 1226 407 1274 supersedit,
439 1237 516 1266 nos
545 1231 584 1265 te
603 1237 712 1266 nunc
732 1237 949 1276 rogamus,
981 1230 1026 1264 ut
1043 1225 1157 1266 dicas
1172 1257 1181 1273 ,
1214 1236 1338 1275 quam
1355 1236 1452 1265 esse
1469 1236 1559 1264 cau-

157 1292 244 1321 sam
275 1282 361 1321 uitii
387 1288 510 1332 putes
543 1289 582 1322 et
614 1282 653 1322 in
680 1282 931 1332 ‘quadriga'
957 1281 1134 1321 dicenda
1165 1286 1207 1321 et
1235 1281 1276 1321 in
1309 1281 1557 1320 ‘harenis'.’

101 1341 144 1377 11
157 1338 258 1377 Tum
279 1338 472 1378 Fronto
498 1339 554 1378 ita
578 1338 816 1388 respondit:
857 1341 869 1360 ³
885 1337 1229 1387 ‘Quadrigae'
1261 1348 1446 1386 semper,
1483 1341 1560 1376 etS1

156 1393 393 1443 multiiugae
423 1405 505 1434 non
535 1400 649 1441 sunt,
690 1393 959 1433 multitudinis
987 1398 1123 1433 tamen
1151 1404 1324 1434 numero
1354 1397 1556 1440 tenentur¹

157 1449 349 1500 quoniam
396 1455 592 1500 quattuor
629 1450 749 1490 simul
793 1450 889 1500 equi
923 1449 1049 1490 iuncti
1096 1453 1108 1472 ‘
1124 1449 1394 1500 quadrigae’‚
1443 1449 1561 1500 quasi

157 1506 498 1556 ‘quadriiugae’‚
538 1512 764 1557 uocantur,
805 1518 941 1557 neque
973 1507 1098 1546 debet
1129 1517 1305 1556 prorsus
1337 1505 1559 1556 appellatio

157 1574 361 1613 equorum
398 1563 577 1614 plurium
607 1563 762 1603 includi
798 1563 837 1602 in
876 1562 1095 1612 singularis
1137 1562 1297 1603 numeri
1331 1562 1559 1602 unitatem’.

100 1620 426 1670 12Eandemque
454 1619 658 1660 rationem
693 1620 928 1659 habendam
960 1619 1195 1668 [harenae],
1237 1619 1314 1659 sed
1347 1618 1388 1658 in
1419 1618 1560 1669 specie

156 1676 332 1726 dispari3
365 1688 459 1716 nam
485 1688 578 1718 cum
601 1681 612 1700 <
628 1677 806 1716 harena'
827 1675 1025 1726 singulari
1047 1675 1087 1715 in
1109 1686 1282 1716 numero
1302 1675 1412 1715 dicta
1431 1675 1560 1715 multi·

154 1733 340 1772 tudinem
365 1738 502 1773 tamen
529 1738 570 1772 et
595 1732 757 1783 copiam
786 1732 991 1783 significet
1023 1731 1302 1780 minimarum,
1336 1743 1389 1772 ex
1412 1731 1560 1781 quibus

158 1794 341 1837 constat,
370 1789 568 1840 partium,
603 1789 769 1830 indocte
791 1794 831 1828 et
851 1788 998 1829 inscite
1019 1789 1232 1828 ‘harenae’
1259 1788 1340 1828 dici
1354 1787 1559 1835 uidentur

157 1852 364 1895 tamquam
385 1846 427 1886 id
448 1847 699 1886 uocabulum
717 1845 899 1895 indigeat
919 1846 1079 1885 numeri
1095 1844 1376 1895 amplitudine,
1408 1855 1501 1884 cum
1524 1843 1561 1882 ei

156 1902 420 1952 singulariter
437 1903 516 1943 dici
532 1902 714 1952 ingenita
734 1902 786 1942 sit
803 1902 1000 1942 naturalis
1015 1901 1079 1942 sui
1095 1900 1326 1942 multitudo.
1361 1900 1434 1941 Set
1457 1901 1560 1940 haec

157 1961 268 2007 ego',
299 1959 449 2010 inquit,
482 1959 607 2007 <dixi,
636 1971 719 2000 non
741 1964 786 1998 ut
807 1958 927 1998 huius
950 1957 1180 1999 sententiae
1202 1956 1390 2021 legisque
1406 1948 1559 1997 fundus

159 2015 505 2081 subscriptorque
524 2016 680 2063 fierem,
699 2016 775 2055 sed
794 2020 838 2054 ut
860 2026 911 2054 ne
930 2013 1191 2062 Caesaris,
1221 2013 1299 2053 uiri
1317 2012 1441 2062 docti,
1474 2012 1559 2063 opi-

104 2070 327 2112 13n10nem
346 2066 708 2137 απαραιιυθητον
745 2071 1027 2111 destituerent.
1087 2071 1190 2109 Nam
1217 2082 1311 2110 cum
1341 2071 1556 2110 caelum’

159 2138 326 2177 semper
345 2124 503 2177 ἑνικῶς
520 2129 692 2175 dicatur,
726 2131 872 2167 ‘mare’
891 2133 931 2167 et
948 2131 1090 2167 ‘terra'
1107 2138 1190 2167 non
1210 2138 1376 2176 semper
1392 2131 1433 2166 et
1454 2126 1550 2175 ‘pul

157 2182 252 2230 uis',
285 2188 468 2225 ‘uentus'
488 2190 527 2225 et
546 2186 716 2224 ‘fumus’
740 2196 822 2224 non
846 2195 1033 2234 semper,
1066 2195 1139 2223 cur
1155 2183 1368 2224 ‘indutias'
1388 2188 1429 2223 et
1449 2185 1556 2222 ‘cae-

158 2238 370 2279 simonias’
396 2241 623 2292 sciiptores
639 2246 805 2280 ueteres
829 2252 1139 2290 nonnumquam
1161 2239 1360 2290 singulari
1382 2248 1579 2279 numero
1594 2250 1619 2259 ··
