1603 2508
4 0 230 202 Ξ

4 231 28 310 {2}

697 55 726 93 I.
748 66 866 95 xxv1.
1441 56 1499 100 73

68 167 247 210 uideor?
277 179 330 208 ex
345 169 521 208 uultune
537 179 653 217 meo,
680 179 732 208 an
752 180 804 208 ex
820 180 949 217 uoce,
975 181 1026 209 an
1046 181 1098 210 ex
1119 172 1283 219 colore,
1302 182 1354 211 an
1373 171 1496 212 etiam

70 237 123 266 ex
139 224 281 265 uerbis
300 230 542 275 correptum
559 236 656 265 esse
673 237 740 265 me
757 225 819 265 ira
842 203 1078 277 intellegis?
1109 228 1206 267 mihi
1232 228 1401 278 quidem
1427 241 1496 268 ne

6 277 10 279 ’
70 293 153 334 que
170 282 302 331 oculi,
321 282 491 332 opinor,
517 288 659 322 truces
687 287 785 322 sunt
810 294 949 333 neque
979 296 1027 324 os
1050 285 1264 325 turbidum
1281 297 1419 336 neque
1437 286 1495 325 in

68 339 246 379 maniter
271 315 405 380 clamo
432 351 572 390 neque
596 339 636 378 in
663 351 856 389 spumam
879 341 1133 382 ruboremue
1161 342 1399 384 efferuesco
1426 354 1495 383 ne

5 391 25 447 ἐζ
69 408 152 448 que
171 397 371 447 pudenda
396 396 490 437 dico
518 401 589 436 aut
610 397 868 461 paenitenda·
887 409 1025 448 neque
1051 398 1229 439 omnino
1245 400 1411 450 trepido
1435 400 1497 440 ira

8 458 16 473 ·’
69 459 111 494 et
133 453 286 504 gestio.
335 455 451 494 Haec
467 453 575 493 enim
601 454 759 501 omnia,
795 454 831 494 si
860 454 1049 504 ignoris
1079 456 1200 506 signa
1225 468 1322 497 esse
1340 457 1496 497 irarum
1521 466 1546 502 9

8 551 11 554 ,
69 512 239 552 solent'.
271 512 324 551 Et
340 510 462 551 simul
479 511 532 550 ad
550 522 658 558 eum,
679 511 751 561 qui
767 512 983 560 caedebat,
1003 523 1260 554 conuersus:
1280 513 1493 562 ³interi1n’‚

7 585 11 590 >
67 567 214 619 inquit,
233 571 245 591 ³
262 569 362 608 dum
379 579 459 618 ego
479 572 605 618 atque
622 567 688 607 hie
708 568 993 618 disputamus,
1021 575 1063 610 tu
1081 571 1164 610 hoe
1182 574 1315 620 age''.

142 625 313 666 Summa
329 629 467 665 autem
484 625 613 666 totius
632 626 906 666 sententiaeT
915 627 1024 667 auri
1041 627 1144 667 haec
1163 628 1256 668 suit:
1274 629 1366 668 Non
1384 628 1494 668 idem
1510 637 1558 672 lo

8 730 13 733 ¹
69 694 167 724 esse
183 681 437 723 existimauit
453 675 704 735 ἆοργησίαν
722 687 763 722 et
781 677 1062 747 ἀναλγησίαν
1079 685 1278 735 aliudque
1296 697 1393 726 esse
1410 698 1496 726 non

5 743 7 745 '
68 740 315 780 iracundum
332 739 535 788 animum,
554 739 702 780 ῑιΙίιιεὶε
715 734 996 793 c’cvcikynvov’
1018 747 1058 781 et
1077 745 1089 764 ³
1101 736 1425 795 ἀναίσθητον,
1398 747 1411 765 '
1455 743 1497 782 id

68 802 134 838 est
148 797 342 838 hebetem
358 801 400 837 et
416 802 668 847 stupentem.
701 799 803 837 Nam
824 798 933 838 sieut
951 799 1127 839 alimum
1147 800 1353 848 omnium,
1387 812 1496 851 quos

66 854 201 895 Latini
216 853 488 904 philosophi
500 854 702 895 affectus'
721 857 788 895 uel
807 858 818 878 ³
832 855 1122 904 affectiones'‚
1151 858 1327 896 Graeei³
1341 854 1496 910 πάθη’

68 913 300 964 appellant,
332 911 390 951 ita
404 911 528 952 huius
549 923 719 962 quoque
736 917 874 953 motus
893 913 1037 961 animi,
1072 915 1160 964 qui,
1197 926 1290 953 cum
1308 920 1373 954 est
1397 914 1496 955 ulei-

67 970 216 1010 scendi
233 980 363 1009 causa
381 969 571 1016 saeuior,
601 969 693 1008 ‘ira’
715 969 884 1018 dicitur,
903 982 987 1010 non
1006 971 1287 1020 priuationem
1306 983 1403 1012 esse
1420 971 1496 1012 uti-

67 1027 149 1068 lem
166 1025 350 1074 censuit,
378 1037 502 1076 quam
521 1025 668 1066 Graeci
693 1025 952 1079 ‘ote'pqo‘cv'
981 1028 1144 1076 dicunt,
1174 1029 1251 1069 sed
1275 1028 1495 1070 mediocri·

66 1088 196 1124 tatem
208 1117 217 1133 ‚
243 1094 368 1134 quam
387 1087 399 1105 ³
412 1079 705 1135 μετριότητα’
723 1083 779 1122 illi
797 1086 1022 1134 appellant.
