1619 2476
153 20 235 62 196
728 20 854 59 XVII.
884 30 972 58 xxr.

153 132 470 179 Marathoniam,
501 130 681 171 Miltiade
703 131 822 179 duce,
857 131 926 181 qui
947 135 1046 182 post
1062 143 1152 171 eam
1176 131 1392 172 uictoriam
1410 133 1551 182 damp-

153 193 273 227 natus
296 200 319 226 a
339 189 495 238 populo
513 187 759 227 Atheniensi
780 187 820 226 in
846 187 1020 227 uinculis
1046 187 1222 237 publicis
1247 193 1423 229 mortem
1449 189 1549 229 obit.

97 250 142 282 10
154 245 255 283 Tum
275 246 312 283 A
326 256 348 283 e
360 255 378 283 s
392 245 572 294 chylus
589 243 763 283 Athenis
786 243 1094 294 tragoediarum
1109 249 1236 294 poeta
1259 244 1434 285 celebris
1461 244 1548 285 fuit.

96 305 137 338 11
154 301 309 340 Romae
330 305 467 339 autem
488 300 578 340 istis
599 301 727 339 ferme
749 300 1004 350 temporibus
1021 300 1211 340 tribunos
1229 306 1271 341 et
1285 301 1440 342 aediles
1463 306 1549 342 tum

151 356 328 406 primum
353 368 428 406 per
452 356 697 396 seditionem
729 356 805 396 sibi
827 357 972 406 plebes
998 356 1154 396 creauit
1177 368 1226 396 ac
1250 369 1333 397 non
1355 357 1425 397 diu
1451 362 1551 408 post

154 414 224 452 Cn.
257 413 436 452 Marcius
471 413 733 460 Coriolanus,
767 412 996 463 exagitatus
1027 417 1291 463 uexatusque
1322 425 1346 452 a
1375 413 1550 454 tribunis

150 469 303 518 plebis,
333 470 385 508 ad
406 471 612 520 Vulscos,
644 469 713 519 qui
742 475 827 509 tum
853 470 996 509 hostes
1029 474 1163 518 erant,
1201 480 1224 508 a
1254 480 1342 519 rep.
1376 470 1551 510 desciuit

152 526 387 575 bellumque
416 528 573 576 populo
598 527 787 565 Romano
813 526 919 565 fecit.

95 589 138 623 12
235 583 337 622 Post
360 583 509 621 deinde
530 583 674 632 paucis
707 582 823 622 annis
850 583 1011 622 Xerxes
1045 594 1121 622 rex
1143 584 1193 623 ab
1225 583 1549 624 Atheniensibus

152 643 192 677 et
207 640 407 688 pleraque
432 639 603 678 Graecia
618 639 895 678 Themistocle
923 640 1039 687 duce,
1069 639 1205 679 nauali
1227 639 1403 690 proelio,
1434 641 1548 690 quod

95 701 140 736 13
153 695 203 733 ad
222 695 429 734 Salamina
451 697 601 735 factum
628 701 712 743 est,
744 695 878 735 uictus
907 697 1157 745 fugatusque
1180 701 1257 736 est.
1318 697 1418 735 Inde
1439 708 1547 736 anno

152 751 237 790 sere
256 757 423 801 quarto,
454 751 644 791 Menenio
671 752 874 802 Agrippa,
907 754 960 791 M.
982 753 1152 792 Horatio
1175 752 1346 792 Puluillo
1371 753 1553 793 consuli-

150 808 248 855 bus,
273 809 387 847 bello
409 808 583 847 Veiente
605 809 715 857 apud
743 809 912 847 fluuium
937 810 1168 848 Cremeram
1184 809 1296 848 Fabii
1314 820 1389 849 sex
1410 813 1450 848 et
1471 814 1549 848 tre-

151 864 257 902 centi
282 865 441 914 patricii
468 876 560 904 cum
587 864 746 903 familiis
771 865 856 904 suis
885 865 1068 905 uniuersi
1092 866 1143 904 ab
1164 865 1353 906 hostibus
1379 865 1548 904 circum-

148 920 260 959 uenti
287 920 510 970 perierunt,

94 982 139 1016 14
235 979 350 1016 quta
369 989 417 1016 ea
442 983 630 1027 tempora
654 978 1000 1027 Empedocles
1025 978 1322 1028 Agrigentinus
1349 977 1390 1017 in
1420 977 1548 1027 philo-

95 1040 136 1072 15
150 1033 322 1082 sophiae
340 1034 536 1073 naturalis
562 1035 699 1074 studio
719 1034 870 1073 floruit.
930 1035 1089 1075 Romae
1107 1040 1244 1074 autem
1265 1046 1340 1084 per
1360 1045 1432 1074 eas
1449 1039 1547 1074 tem-

149 1094 334 1138 pestates
346 1091 606 1130 decemuiros
625 1091 783 1140 legibus
802 1090 1035 1131 scribundis
1053 1096 1216 1131 creatos
1236 1090 1420 1131 constitit
1434 1090 1548 1129 tabu-

150 1146 294 1194 lasque
320 1147 369 1185 ab
395 1147 457 1186 his
475 1147 605 1195 primo
629 1147 774 1186 decem
799 1148 1078 1197 conscriptas,
1109 1159 1207 1187 mox
1227 1147 1329 1186 alias
1349 1147 1452 1186 duas
1479 1146 1547 1184 ad-

150 1201 268 1241 ditas.

93 1263 136 1297 16
233 1259 390 1297 Bellum
409 1259 557 1298 deinde
579 1259 617 1298 in
636 1265 746 1298 terra
764 1259 935 1298 Graecia
960 1260 1181 1298 maximum
1197 1259 1548 1309 Peloponnensia-

151 1325 255 1360 cum,
290 1315 402 1363 quod
425 1316 756 1365 Thucydides
779 1315 1002 1354 memoriae
1023 1315 1245 1363 mandauit,
1266 1319 1459 1364 coeptum
1483 1319 1548 1354 est
1590 1331 1591 1334 ¹
1618 1313 1619 1327 ³

150 1369 258 1408 circa
275 1381 426 1409 annum
449 1373 534 1409 fere
553 1376 652 1420 post
670 1370 877 1410 conditam
894 1372 1067 1410 Romam
1085 1369 1421 1410 trecentesimum
1438 1369 1547 1410 uice-

91 1430 135 1465 17
149 1425 296 1465 simum
317 1427 494 1465 tertium.
558 1427 644 1475 Qua
670 1430 916 1476 tempestate
934 1427 1031 1466 Olus
1049 1427 1322 1475 Postum[i]us
1341 1427 1546 1466 Tubertus

149 1482 324 1521 dictator
354 1483 511 1522 Romae
535 1484 628 1531 fuit,
671 1483 738 1532 qui
769 1483 895 1521 filium
929 1495 1070 1531 suum,
1110 1484 1223 1532 quod
1251 1487 1397 1523 contra
1426 1495 1547 1523 suum

149 1538 301 1577 dictum
326 1538 364 1577 in
388 1539 550 1578 hostem
578 1544 854 1590 pugnauerat,
887 1539 1215 1578 securinecauit.
1276 1540 1432 1579 Hostes
1448 1544 1547 1578 tunc

91 1599 136 1634 18
145 1594 288 1645 populi
313 1595 488 1634 Romani
518 1597 680 1635 fuerant
704 1596 938 1634 Fidenates.
1000 1597 1142 1645 Itaque
1165 1595 1234 1645 qui
1264 1595 1303 1634 in
1334 1596 1416 1636 hoc
1447 1600 1548 1635 tem-

147 1662 250 1700 pore
267 1651 427 1691 nobiles
453 1653 722 1702 celebresque
753 1657 888 1698 erant,
919 1675 976 1680 —-
1005 1651 1300 1702 Sophocles
1325 1663 1373 1690 ac
1397 1651 1547 1691 deinde

147 1707 429 1756 Euripides
461 1708 604 1757 tragici
635 1713 786 1758 poetae
821 1713 861 1747 et
892 1708 1247 1757 Hippocrates
1285 1709 1472 1748 medicus
1508 1713 1549 1747 et

146 1762 422 1812 philosophus
449 1765 805 1810 Democritus,
836 1787 893 1792 —-
928 1764 1125 1804 Socrates
1147 1763 1418 1804 Atheniensis
1445 1768 1546 1803 natu

150 1819 314 1867 quidem
346 1820 554 1868 posterior
592 1821 687 1868 fuit,
728 1820 803 1859 sed
844 1819 1091 1869 quibusdam
1127 1819 1382 1870 temporibus
1412 1820 1546 1860 isdem

146 1875 351 1914 uixerunt.
1273 1875 1276 1877 ’
1431 1905 1434 1907 Α

91 1937 136 1972 19
228 1932 310 1970 Iam
336 1931 506 1980 deinde,
537 1932 711 1972 tribunis
738 1932 978 1972 militaribus
1004 1932 1213 1973 consulari
1237 1932 1411 1982 imperio
1441 1943 1545 1971 rem-

146 1987 351 2035 publicam
375 1989 532 2028 Romae
555 1988 814 2038 regentibus,
841 1989 893 2027 ad
923 2000 1074 2028 annum
1104 1989 1190 2028 fere
1212 1988 1405 2029 conditae
1428 1988 1544 2027 urbis

148 2044 481 2083 trecentesimum
514 2045 903 2094 quadragensimum
940 2045 1180 2094 septimum,
1212 2044 1378 2095 triginta
1399 2044 1455 2083 illi
1485 2050 1546 2095 ty-

146 2099 263 2137 ranni
294 2100 522 2149 praepositi
550 2106 647 2140 sunt
678 2112 701 2139 a
724 2101 1064 2141 Lacedaemoniis
1085 2101 1411 2141 Atheniensibus
1442 2100 1543 2140 etin

148 2153 283 2192 Sicilia
298 2155 522 2205 Dionysius
541 2157 732 2206 superior
752 2156 1012 2208 tyrannidem
1029 2157 1161 2196 tenuit
1178 2157 1408 2207 paucisque
1424 2155 1543 2196 annis

145 2214 243 2256 post
261 2210 287 2248 S
301 2222 322 2249 0
337 2217 509 2252 crates
530 2213 704 2252 Athenis
734 2213 877 2262 capitis
894 2214 1140 2264 dampnatus
1165 2218 1229 2253 est
1251 2218 1294 2253 et
1311 2213 1352 2253 in
1376 2223 1544 2252 carcere
