1619 2476
173 82 254 124 106
770 83 823 120 ΙΙ.
856 93 972 121 xxv1.

172 200 212 234 et
228 195 431 234 ‘suluum'
451 195 679 242 puluerem.
734 192 854 232 Cuius
880 205 1052 242 uersus,
1081 193 1276 244 quoniam
1301 199 1398 235 sunt
1424 195 1565 235 iucun-

171 250 346 297 dissimi,
373 250 503 288 libens
523 249 801 289 commemini:

227 328 359 368 Ce'do
386 332 559 375 tu[u]m
581 327 902 377 peden1[mi],
930 329 1158 380 lymphis
1186 328 1564 370 flauisfuluum

991 391 1043 425 ut
1072 385 1344 436 puluerem

222 439 454 479 Manibus
486 440 673 487 isdem,
709 437 892 490 quibus
924 442 1064 481 Vlixi
1096 441 1254 493 saepe
1284 441 1562 493 permulsi,

986 497 1214 546 abluam,

221 550 722 603 Lassitudinemque
761 554 981 594 minuam
1019 553 1290 603 man[u]um
1328 554 1562 595 mollitu-

991 611 1120 650 dine.

111 703 216 738 14.15
234 697 468 737 ‘Rubidus'
499 703 677 738 autemst
700 700 815 738 rusus
843 699 969 740 atrior
986 704 1027 738 et
1052 699 1218 749 nigrore
1235 700 1363 739 multo
1383 699 1561 752 inustus7

169 756 339 793 ‘luteus'
355 759 496 793 eontra
514 755 628 794 rufus
648 757 764 796 color
781 761 845 794 est
856 755 1040 795 dilutior:
1060 756 1156 795 inde
1172 755 1208 794 ei
1224 767 1376 795 nomen
1395 767 1563 805 quoque

109 814 153 852 16
164 821 259 849 esse
287 811 438 849 factum
461 810 637 850 uidetur.
697 813 787 851 Non
804 811 964 861 igitur-²,
994 811 1145 862 inquit,
1174 814 1187 833 ς
1202 811 1256 850 mi
1280 811 1560 859 Fauorine,

166 865 330 916 species
348 867 426 905 rufi
444 867 596 907 coloris
615 869 755 917 plures
774 873 874 918 aput
891 869 1096 916 Graecos,
1131 879 1253 916 quam
1270 872 1370 917 aput
1386 879 1464 907 nos
1489 879 1561 907 no-

110 922 380 963 17minantur.
443 923 526 962 Sed
544 935 596 962 ne
613 924 755 963 uiridis
776 923 941 973 quidem
959 925 1075 964 color
1090 924 1278 974 pluribus
1295 934 1319 962 a
1342 923 1463 963 uobis
1491 935 1562 963 uo-

110 984 155 1019 18
166 978 321 1018 cabulis
341 978 488 1018 dicitur
499 1011 508 1027 ,
526 991 663 1029 neque
680 992 763 1019 non
779 980 914 1030 potuit
929 981 967 1018 V
979 991 1001 1019 e
1014 992 1033 1019 r
1044 980 1172 1030 giliu
1187 992 1205 1019 s
1223 1012 1232 1028 ‚
1263 981 1446 1019 colorem
1465 979 1562 1028 equi

166 1034 399 1084 significare
428 1035 601 1074 uiridem
631 1038 799 1084 uolens,
844 1038 1053 1076 caerulum
1091 1036 1221 1086 magis
1256 1035 1395 1074 dicere
1427 1046 1558 1083 ecum,

167 1102 290 1140 quam
307 1094 319 1113 ³
333 1093 523 1140 glaucum
535 1094 562 1140 ³,
582 1093 657 1131 sed
674 1092 814 1131 maluit
829 1093 959 1132 uerbo
977 1092 1036 1132 uti
1055 1092 1218 1132 notiore
1236 1093 1394 1131 Graeco
1409 1123 1418 1139 ,
1438 1102 1561 1141 quam

109 1147 356 1188 19inusitato
374 1148 533 1187 Latino.
579 1148 739 1189 Nostris
758 1154 894 1188 autem
910 1148 1121 1188 ueteribus
1151 1152 1162 1170 ‘
1178 1147 1336 1188 eaesia'
1357 1146 1465 1186 diota
1482 1153 1558 1194 est,

166 1215 271 1252 quae
291 1215 315 1242 a
333 1204 499 1243 Graecis
519 1205 839 1256 εγλι>εωιῶπις’7
870 1209 916 1244 ut
930 1205 1172 1254 Nigidius
1189 1204 1260 1252 ait,
1291 1204 1351 1243 de
1377 1214 1432 1244 co
1445 1204 1456 1242 l
1471 1215 1493 1243 ο
1506 1213 1560 1242 re

168 1259 327 1306 caeli,
369 1259 520 1309 quasi
552 1261 730 1299 caelia.

107 1321 154 1356 20
246 1316 473 1364 Postquam
489 1316 591 1354 haee
614 1316 807 1355 Fronto
834 1316 952 1365 dixit,
985 1321 1072 1355 tum
1097 1316 1199 1354 Fau
1212 1314 1291 1356 ori
1305 1326 1400 1354 nus
1428 1314 1560 1354 scien-

163 1371 258 1410 tiam
276 1382 412 1410 rerum
427 1372 598 1410 uberem
626 1373 934 1421 uerborumque
958 1372 1046 1411 eius
1073 1370 1317 1420 elegantiam
1344 1372 1559 1411 exoscula-

162 1432 249 1466 tus:
283 1427 459 1476 eabsque
476 1430 546 1475 te',
566 1427 707 1477 inquit,
727 1431 738 1449 ³
751 1440 832 1467 uno
851 1428 1021 1468 forsitan
1040 1427 1178 1477 lingua
1192 1428 1381 1477 profecto
1403 1427 1560 1466 Graeca

162 1485 286 1532 longe
303 1483 521 1531 anteisset,
541 1484 616 1522 sed
632 1489 695 1531 tu,
716 1484 769 1522 mi
792 1485 987 1525 Fronto
1007 1517 1015 1532 ,
1049 1484 1163 1533 quod
1177 1483 1217 1522 in
1234 1494 1362 1523 uersu
1377 1484 1415 1522 H
1427 1494 1450 1524 o
1462 1494 1558 1522 me-

163 1539 236 1578 ric
249 1552 272 1578 0
291 1544 373 1587 est,
391 1538 431 1577 id
450 1539 570 1579 facis:
599 1541 675 1579 καί
690 1536 746 1579 νύ
764 1533 885 1592 κενῆ
911 1537 1189 1593 παρέλασσοις
1202 1569 1213 1591 ,
1229 1531 1257 1591 ἢ
1275 1532 1557 1591 ἀμφήριστον

107 1604 153 1639 21
165 1594 344 1646 ἔθηκας.
407 1595 491 1634 Sed
525 1607 617 1634 cum
651 1596 788 1635 omnia
817 1596 949 1636 libens
982 1595 1138 1644 audiui,
1174 1606 1280 1645 quae
1309 1594 1558 1645 peritissime

164 1651 321 1698 dixisti,
353 1656 439 1690 turn
456 1652 646 1700 maxime,
675 1653 787 1702 quod
803 1652 1045 1692 uarietatem
1069 1652 1167 1691 flaui
1184 1651 1335 1691 coloris
1354 1650 1557 1690 enarrasti

162 1707 399 1756 fecistique,
432 1712 477 1746 ut
508 1707 789 1757 intellegerem
819 1710 949 1748 uerba
983 1708 1052 1747 illa
1075 1719 1134 1747 ex
1165 1705 1336 1747 annali
1367 1717 1494 1756 quar
1508 1711 1553 1746 to

163 1764 188 1801 d
201 1775 222 1802 e
234 1763 276 1802 ci
289 1775 327 1802 m
342 1774 365 1803 ο
391 1764 459 1802 En
474 1763 542 1802 nii
560 1764 872 1812 amoenissima,
897 1776 1002 1814 quae
1022 1763 1185 1803 minime
1201 1763 1511 1817 intellegebam:

217 1840 447 1878 Verrunt
501 1843 775 1891 extemplo
830 1841 1047 1891 placide
1100 1851 1238 1879 mare
1298 1851 1555 1891 marmore

1269 1896 1433 1943 flauo,

220 1951 522 1991 Caeruleum
571 1959 772 2002 spumat
817 1964 957 1992 mare
1004 1953 1248 1992 conferta
1284 1956 1396 1989 rate
1434 1953 1554 2000 pul-

1257 2017 1394 2054 sum;

105 2097 151 2132 22
161 2104 243 2131 non
277 2094 382 2132 enim
413 2094 631 2135 uidebatur
664 2099 962 2136 caeruleum
1003 2107 1138 2136 mare
1169 2107 1262 2136 cum
1300 2108 1551 2137 marmore

105 2153 151 2188 23
162 2149 296 2188 flauo
329 2151 565 2190 conuenire.
628 2153 710 2191 Sed
731 2164 822 2191 cum
841 2153 910 2200 sit,
935 2153 990 2191 ita
1005 2158 1049 2192 ut
1067 2151 1217 2200 dixisti,
1243 2152 1379 2193 flauus
1398 2155 1514 2193 color
1529 2164 1552 2192 e

161 2203 280 2242 uiridi
304 2210 343 2243 et
366 2206 458 2245 albo
483 2206 654 2255 mixtus,
687 2208 962 2257 pulcherrime
986 2219 1160 2258 prorsus
1185 2219 1356 2258 spumas
1378 2207 1551 2248 uirentis
1568 2205 1582 2211 ’

162 2259 284 2298 maris
306 2263 317 2282 ‘
332 2260 485 2300 flauom
502 2266 703 2302 marmor'
723 2264 981 2314 appellauit'.
1580 2265 1585 2271 '
