1635 2492
1 2182 53 2492 mm&
2 2163 5 2166 ·

52 2477 62 2492 η,
45 2454 55 2464 fl

67 2474 90 2492 ,.

683 25 772 65 XIl.
803 37 844 64 x.
877 37 936 66 xl.
1465 26 1520 69 63

789 139 837 178 X.

410 218 522 264 Quod
543 217 758 255 aeditumus
783 221 940 256 uerbum
961 219 1132 256 Latinum
1155 222 1215 257 sit.

186 288 465 333 ‘Aeditimus'
496 293 673 333 uerbum
702 292 891 333 Latinum
927 299 991 333 est
1028 299 1068 334 et
1101 300 1246 342 uetus,
1303 307 1353 335 ea
1385 297 1518 336 forma
1538 302 1559 338 1

100 350 275 397 dictum,
310 361 393 399 qua
414 349 635 390 ‘finitimus
650 353 663 372 ³
689 355 730 390 et
760 350 1016 401 <legitimus’.
1077 352 1156 391 Pro
1187 363 1236 392 eo
1259 363 1283 391 a
1306 352 1521 403 plerisque
1538 359 1560 392 2

98 418 210 447 nunc
244 406 487 447 ‘aedituus'
523 406 671 447 dicitur
695 419 808 447 noua
836 413 877 447 et
909 408 1199 448 commenticia
1228 409 1518 460 usurpatione,

99 463 220 514 quasi
250 474 274 502 a
303 463 470 504 tuendis
502 463 676 504 aedibus
708 466 959 515 appellatus.
1023 465 1131 505 Satis
1154 465 1236 506 hoc
1267 478 1363 506 esse
1384 466 1519 517 potuit
1538 472 1561 507 3

99 519 353 560 admonendi
384 520 516 571 gratia
542 520 699 562 dixisse
729 525 861 570 [....]
889 527 1064 572 propter
1092 528 1281 572 agrestes
1310 524 1518 573 quosdam

101 583 142 617 et
164 576 394 618 indomitos
414 573 663 626 certatores,
691 578 760 629 qui
786 578 866 619 nisi
884 578 1200 619 auctoritatibus
1220 580 1415 620 adhibitis
1434 592 1518 620 non

100 633 444 685 comprimuntur.

183 692 239 732 Μ.
268 692 438 732 Varro
480 691 521 731 in
562 692 696 732 libro
734 694 973 733 secundo
1016 694 1079 732 ad
1117 694 1424 734 Marcellum
1459 695 1558 735 de4

97 747 288 788 Latino
312 759 554 789 sermone
575 749 865 790 ‘aeditumum'
886 750 965 790 dici
988 756 1186 800 oportere
1209 759 1367 799 censet,
1387 751 1519 801 magis

98 817 223 855 quam
253 808 265 827 ‘
280 805 530 853 aedituum',
565 807 679 856 quod
698 808 875 846 alterum
903 807 956 846 sit
978 807 1135 847 recenti
1157 809 1344 848 nouitate
1361 808 1518 855 fictum,

97 863 275 902 alterum
307 863 479 913 antiqua
509 862 668 913 origine
699 863 1002 914 incorruptum.
1048 865 1293 905 -Laeuius
1334 877 1518 915 quoque,
1537 873 1558 906 5

100 924 143 959 ut
175 919 349 970 opinor,
382 920 423 960 in
458 919 946 960 Protesilaodamia
984 922 1366 962 ‘claustritunuun'
1403 922 1518 969 dixit,

99 975 170 1026 qui
198 976 392 1017 claustris
428 977 577 1017 ianuae
608 984 847 1027 praeesset,
884 979 1030 1018 eadem
1068 979 1225 1018 scilicet
1257 980 1404 1029 figura,
1439 991 1521 1029 qua

98 1033 405 1079 ‘aeditumum’
439 1033 519 1073 dici
542 1033 730 1082 uidebat,
767 1034 835 1084 qui
867 1034 1041 1075 aedibus
1070 1042 1252 1086 praeest.
1314 1038 1365 1076 In
1389 1038 1557 1078 Ver-6

99 1101 202 1129 rem
240 1091 295 1130 M.
336 1090 495 1130 Tullii
540 1090 581 1129 in
626 1091 933 1142 exemplaribus
980 1092 1233 1133 fidelissimis
1279 1092 1335 1132 ita
1378 1093 1520 1133 inueni

100 1146 331 1186 scribtum:
391 1146 666 1187 Aeditumi
715 1149 1078 1199 custodesque
1127 1155 1330 1189 mature
1385 1163 1405 1190 s
1427 1162 1520 1190 en-

97 1202 207 1243 tiun
224 1208 258 1252 t,
285 1203 325 1244 in
348 1203 462 1244 libris
487 1209 625 1244 autem
653 1205 734 1244 hoc
758 1206 956 1255 uulgariis
984 1206 1188 1246 aeditui
1214 1206 1414 1248 scribtum
1438 1212 1516 1247 est.

96 1260 351 1311 Pomponi
388 1262 572 1301 fabula
604 1262 860 1302 atellania
898 1268 979 1310 est,
1019 1275 1126 1313 quae
1157 1263 1211 1303 ita
1243 1263 1398 1303 scribta
1432 1270 1556 1306 est:7

96 1316 426 1359 Aeditumus.
486 1320 532 1358 In
557 1329 639 1368 qua
660 1318 726 1358 hic
751 1330 905 1359 uersus
931 1325 1016 1360 est:

161 1392 255 1445 Qui
293 1395 393 1436 tibi
433 1402 711 1447 postquam
755 1397 982 1449 appareo
1024 1404 1182 1448 atque
1224 1396 1520 1438 aeditumor

937 1454 1210 1507 intemplo
1243 1462 1343 1497 tuo.

100 1532 249 1572 Titus
282 1537 421 1572 autem
450 1534 732 1574 Lucretius
762 1534 803 1574 in
845 1534 1026 1574 carmine
1064 1547 1142 1576 suo
1174 1547 1250 1586 pro
1289 1535 1556 1577 ‘aedituis'ss

101 1588 445 1630 aedituentes
478 1592 673 1641 appellat.

777 1695 846 1734 XI.

100 1776 240 1813 Errare
263 1774 377 1818 istos,
402 1775 464 1822 qui
483 1786 550 1823 spe
568 1779 603 1811 et
618 1773 759 1811 fiducia
781 1775 922 1812 latendi
938 1780 1119 1823 peccent,
1154 1787 1239 1812 cum
1265 1776 1409 1813 latebra
1429 1788 1519 1824 pec-

161 1834 234 1870 cati
254 1835 439 1880 perpetua
468 1833 572 1869 nulla
605 1833 671 1876 sit;
707 1837 742 1867 et
773 1844 886 1879 super
921 1844 966 1869 ea
996 1843 1036 1868 re
1070 1833 1266 1881 Peregrini
1298 1833 1518 1881 philosophi

159 1900 286 1927 sermo
308 1899 356 1924 cx
373 1887 555 1936 Sophocli
575 1894 712 1937 poetae
739 1890 937 1926 sententia.

180 1964 482 2015 Philosophum
507 1964 676 2005 nomine
695 1966 725 2005 P
739 1976 863 2015 ereg
877 1964 1039 2004 rinum
1055 1996 1065 2012 ‚
1099 1963 1165 2004 cui
1186 1969 1338 2014 postea
1363 1975 1517 2015 cogno·
1537 1976 1554 2010 l

101 2026 287 2062 mentum
302 2023 527 2062 Proteus
559 2023 710 2062 factum
731 2028 806 2070 est,
838 2022 972 2062 uirum
989 2032 1161 2071 grauem
1178 2025 1305 2072 atque
1324 2026 1517 2061 constan-

99 2083 198 2128 tem,
216 2078 410 2128 uidimus,
429 2090 524 2119 cum
539 2079 715 2120 Athenis
735 2091 940 2126 essemus,
961 2079 1256 2118 deuersantem
1276 2077 1316 2117 in
1333 2078 1516 2128 quodam

99 2135 265 2185 tugurio
290 2140 409 2176 extra
427 2136 588 2176 urbem.
636 2137 822 2186 Cumque
845 2137 898 2175 ad
921 2147 1014 2175 eum
1036 2136 1277 2185 frequenter
1293 2134 1516 2175 uentitare-

100 2202 214 2241 mus,
245 2193 374 2233 multa
396 2193 537 2232 hercle
558 2192 698 2233 dicere
720 2205 812 2233 eum
836 2192 988 2233 utiliter
1012 2197 1053 2232 et
1068 2193 1248 2232 honeste
1264 2191 1511 2236 audiuImus.

99 2248 145 2288 In
164 2248 314 2299 quibus
336 2249 379 2291 id
398 2249 494 2298 fuit,
529 2250 644 2301 quod
659 2249 930 2301 praecipuum
952 2248 1137 2290 auditum
1151 2248 1427 2290 meminimus.
