1603 2508
583 64 637 103 V.
655 74 758 102 xvu.
777 74 897 102 XVIII.
1366 61 1446 104 177

670 176 798 218 XVII.

30 259 152 304 Quam
184 258 232 295 ob
263 268 420 295 causam
453 257 536 294 dies
570 257 680 304 primi
706 262 794 304 post
819 256 1034 301 Kalendas,
1067 256 1219 301 Nonas,
1251 256 1340 305 Idus
1374 258 1443 293 atri

85 315 294 352 habeantur
305 325 315 359 ;
348 319 384 351 et
414 326 481 352 cur
510 314 610 350 diem
642 325 791 361 quoque
824 318 996 360 quartum
1035 318 1120 349 ante
1154 313 1349 350 Kalendas
1380 316 1443 350 vel

84 372 215 408 Nonas
238 372 298 408 uel
314 371 403 408 ldus
421 371 530 418 quasi
547 371 770 418 religiosum
785 371 955 418 plerique
973 371 1102 406 nitent.

147 459 368 499 Verrius
425 459 642 499 Flaccus
694 458 744 497 in
805 463 989 508 quarto
1045 458 1106 496 de
1159 459 1483 498 uerborum]

28 515 340 566 significatu
381 515 490 565 dies,
538 515 608 566 qui
645 520 743 555 sunt
779 514 983 565 postridie
1012 514 1245 563 Kalendas,
1290 516 1443 563 Nonas,

27 573 150 621 Idus,
185 585 292 622 quos
318 573 468 623 uulgus
500 572 690 622 imperite
722 573 961 612 ‘nefastos'
997 570 1113 619 dicit,
1146 577 1322 622 propter
1338 573 1444 612 hanc

32 640 206 670 causam
231 629 365 670 dIctos
391 629 639 678 habitosque
666 631 828 668 ‘atros’
858 639 954 668 esse
985 628 1140 668 scribit.
1201 629 1358 676 Vrbe,
1387 629 1444 669 in-
1467 633 1488 666 2

32 686 142 737 quit,
186 697 210 725 a
240 685 403 726 Gallis
434 686 732 726 Senonibus
773 690 1112 735 recuperata,
1164 686 1209 725 L.
1250 685 1444 726 Atilius

29 744 79 783 in
124 748 310 782 senatu
356 743 514 782 uerba
550 743 697 791 fecit,
741 743 786 792 Q.
821 741 1135 793 Sulpicium,
1180 743 1445 783 tribunum

31 799 270 848 militum,
317 799 380 839 ad
414 800 604 839 Alliam
653 800 914 839 aduersus
962 800 1142 839 Gallos
1189 805 1445 850 pugnatu-

30 868 157 904 rum,
209 867 313 895 rem
357 856 586 896 diuinam
635 855 918 895 diinicandi
963 856 1134 905 gratia
1181 856 1444 907 postridie

31 913 150 953 Idus
182 913 400 960 fecisse;
442 918 544 953 tum
581 914 864 953 exercitum
900 913 1088 963 populi
1118 913 1332 954 Romani
1363 925 1444 953 oc-

31 969 244 1010 cidione
286 970 520 1010 occisum
560 975 606 1009 et
642 975 760 1019 post
800 970 932 1009 diem
972 970 1181 1010 tertium
1213 970 1328 1010 eius
1363 970 1444 1009 die

31 1027 211 1066 urbem
257 1032 470 1076 praeter
512 1025 825 1076 Capitolium
870 1031 1074 1076 captam
1121 1039 1264 1075 esse;
1311 1039 1444 1068 com-

32 1084 322 1133 pluresque
359 1082 452 1122 alii
497 1087 782 1122 senatores
820 1083 1099 1122 recordari
1141 1095 1259 1124 sese
1299 1084 1443 1124 dixe-

31 1143 172 1187 runt,
219 1139 472 1189 quotiens
522 1138 647 1178 belli
682 1140 902 1188 gerendi
939 1139 1109 1189 gratia
1146 1152 1232 1181 res
1265 1140 1445 1180 diuina

31 1195 303 1247 postridie
347 1196 638 1243 Kalendas,
685 1197 878 1244 Nonas,
918 1197 1041 1236 Idus
1071 1208 1094 1236 a
1128 1198 1444 1248 magIstratu

30 1252 214 1304 populi
243 1252 463 1293 Romani
506 1253 650 1291 facta
681 1258 843 1300 esset,
888 1253 999 1292 eius
1040 1254 1163 1293 belli
1203 1254 1442 1305 proximo

33 1309 290 1360 deinceps
331 1309 542 1360 proelio
591 1320 695 1348 rem
730 1309 1000 1360 publicam
1049 1313 1182 1350 male
1229 1316 1443 1361 gestam.

32 1366 154 1406 Tum
191 1371 408 1407 senatus
442 1377 552 1406 eam
583 1377 687 1405 rem
718 1367 781 1405 ad
817 1366 1118 1417 pontifices
1147 1368 1352 1415 reiecit,
1388 1374 1445 1408 ut

29 1421 159 1473 ipsi,
208 1424 347 1473 quod
391 1422 698 1470 uideretur,
747 1428 1064 1464 statuerent.
1140 1425 1442 1465 Pontifices

24 1479 394 1528 decreuerunt,
414 1480 605 1520 nullum
631 1479 710 1519 his
735 1479 921 1520 diebus
947 1480 1274 1522 sacrificium
1299 1487 1443 1521 recte

30 1537 275 1577 futurum.

113 1595 224 1632 Ante
247 1592 355 1632 diem
373 1604 541 1643 quoque
561 1598 752 1642 quartum
767 1594 977 1634 Kalendas
994 1595 1062 1634 uel
1079 1596 1218 1635 Nonas
1242 1597 1309 1634 uel
1326 1596 1438 1643 Idus,
1458 1595 1480 1630 3

29 1653 242 1700 tamquam
265 1649 529 1690 inominalem
546 1649 674 1696 diem,
707 1650 895 1700 plerique
918 1650 1061 1690 uitant.
1122 1652 1223 1691 Eius
1241 1652 1477 1691 obserua-4

30 1705 154 1746 tionis
173 1717 224 1745 an
240 1706 385 1757 religio
404 1707 487 1746 ulla
504 1706 557 1746 sit
572 1706 742 1754 tradita,
776 1707 918 1757 quaeri
946 1708 1067 1747 solet.
1129 1707 1233 1747 Nihil
1262 1719 1341 1748 nos
1373 1710 1478 1748 su-5

0 1766 1 1772 ’
29 1773 107 1813 per
139 1774 189 1802 ea
220 1774 266 1803 re
297 1763 497 1813 scriptum
528 1762 782 1811 inuenimus‚
828 1763 908 1804 nisi
950 1764 1063 1814 quod
1103 1765 1147 1814 Q.
1189 1765 1442 1804 Claudius

30 1819 298 1859 annalium
325 1819 507 1870 quinto
542 1819 701 1859 cladem
723 1819 832 1859 illam
859 1832 1024 1870 pugnae
1047 1820 1275 1860 Cannensis
1293 1821 1442 1861 uastis·

29 1874 177 1915 simam
194 1877 345 1916 factam
366 1875 465 1916 dicit
485 1880 580 1915 ante
598 1875 706 1915 diem
726 1883 918 1926 quartum
936 1878 1076 1917 Nonas
1095 1877 1288 1917 Sextiles.

0 1958 2 2002 ι
662 1989 807 2030 XVIII.

29 2067 69 2104 In
86 2068 177 2115 quid
193 2074 230 2105 et
247 2074 428 2116 quantum
445 2070 596 2108 differat
619 2071 779 2109 historia
797 2074 842 2109 ab
866 2074 1085 2117 annalibus3
1120 2083 1308 2120 superque
1334 2085 1380 2110 ea
1397 2085 1438 2109 re

86 2126 204 2162 uerba
214 2127 340 2172 posita
350 2138 396 2163 ex
412 2128 506 2164 libro
518 2139 642 2164 rerum
655 2133 845 2176 gestarum
859 2129 1289 2176 SemproniiAsellionis
1299 2130 1436 2177 primo.

117 2211 392 2254 ‘Historiam’
421 2215 471 2254 ab
496 2218 508 2237 ²
525 2215 766 2256 annalibus’
801 2215 968 2266 quidam
1003 2216 1170 2256 differre
1203 2228 1252 2258 eo
1277 2221 1437 2268 putant,
1457 2221 1474 2254 l

32 2267 165 2362 qugd,
198 2279 291 2308 cum
321 2275 544 2320 utrumque
575 2272 629 2312 sit
657 2283 796 2312 rerum
827 2278 1039 2322 gestarum
1067 2273 1269 2323 narratio,
1297 2285 1440 2314 earum

45 2366 50 2371 ¹
121 2337 260 2363 etnvs.
1163 2329 1216 2370 1⁵.)
