1635 2492
625 51 772 91 XVIII.
818 61 926 91 vnn.
957 63 999 91 x.
1434 50 1519 93 213

104 167 188 208 Illic
211 165 338 218 igitur
361 165 511 206 aetatis
535 169 577 204 et
594 163 691 204 fidei
716 176 892 215 magnae
913 165 1017 206 libro
1045 166 1187 206 credo.
1249 166 1372 214 Nam,
1407 166 1520 216 quod
1537 173 1560 210 6

103 224 144 265 in
167 234 296 263 uersu
317 222 561 262 Plautino
584 226 670 262 est:
704 221 911 262 sectius
934 234 1083 272 quam
1106 223 1328 271 somnia,
1361 222 1459 262 nihil
1478 222 1517 262 in

103 282 256 321 alteras
273 283 416 331 partes
433 278 667 329 argumenti
691 279 830 319 habet.
892 279 1065 320 Etiamsi
1083 285 1251 320 ueteres
1275 285 1413 320 autem
1433 291 1517 321 non
1537 285 1559 321 7

104 337 351 388 ‘inseque',
384 337 460 377 sed
482 335 674 376 ‘insece’
707 335 922 388 dixerunt,
956 338 1104 385 credo,
1137 336 1234 388 quia
1265 343 1354 377 erat
1385 336 1518 377 lenius

102 394 336 445 leuiusque,
359 398 497 433 tamen
517 393 706 434 eiusdem
730 393 961 433 sententiae
981 395 1156 434 uerbum
1179 395 1358 435 uidetur.
1418 395 1519 434 Nam
1535 399 1559 435 8

104 458 146 492 et
179 453 365 501 ‘sequo'
393 455 434 491 et
458 453 650 500 ‘sequor’
685 455 726 490 et
748 450 846 490 item
879 455 1028 491 ‘secta'
1058 457 1098 491 et
1131 452 1304 493 ‘sectio’
1333 462 1520 493 consue-

103 508 248 549 tudine
269 507 471 558 loquendi
488 507 706 555 differunt3
740 508 817 548 sed
841 508 911 558 qui
928 509 1096 559 penitus
1114 509 1366 560 inspexerit,
1400 508 1518 558 origo

104 570 146 605 et
165 565 269 606 ratio
289 566 509 615 utriusque
524 576 609 604 una
635 569 713 605 est.

189 634 396 674 Doctores
420 643 590 683 quoquc
615 637 656 672 et
675 632 927 684 interpretes
951 645 1105 674 uocum
1126 634 1398 673 Graecarum:
1533 642 1556 678 9

150 706 354 765 ’Ἄνδρα
384 726 477 766 μοι
502 712 764 766 εἔννεπέ,
796 714 1001 754 Μοῦσα

105 787 163 821 et:

162 843 424 889 ε”Εσπε·ι;.ε’
465 849 568 889 νῦν
603 863 717 903 μοι,
749 849 997 898 Μοῦσαι,

106 928 262 968 dIctum
295 932 460 978 putant,
492 928 607 977 quod
634 928 790 967 Latine
811 927 1037 977 <inseque’
1064 927 1232 976 dicitur;
1265 938 1447 979 namque
1478 928 1518 968 iu

107 986 238 1025 altero
261 998 288 1023 ν
315 984 547 1035 geminum
578 984 618 1024 in
643 986 774 1026 altero
802 994 828 1024 σ
860 996 956 1025 esse
992 986 1182 1024 tialatum
1215 985 1370 1025 dicunt.
1434 985 1518 1026 Sed
1532 997 1578 1032 Io

107 1042 230 1082 etiam
254 1041 390 1092 ipsum
415 1041 516 1081 illud
540 1040 672 1094 ‘gun'
678 1073 689 1095 ‚
728 1042 843 1093 quod
867 1041 1074 1092 significat
1099 1043 1229 1082 uerba
1257 1047 1330 1082 aut
1353 1054 1518 1091 uersus,

108 1109 191 1139 non
217 1099 383 1138 aliunde
405 1110 502 1139 esse
524 1098 678 1139 dictum
704 1100 892 1147 tradunt,
924 1103 1086 1149 quam
1098 1093 1185 1139 ἀπὸ
1217 1099 1300 1139 τοῦ
1327 1096 1521 1141 ἔπεσθαι

106 1151 180 1194 καὶ
204 1154 286 1194 τοῦ
312 1153 493 1195 εἰπεῖν’.
553 1156 710 1196 Eadem
734 1167 834 1206 ergo
862 1156 1022 1197 ratione
1040 1156 1199 1207 antiqui
1225 1156 1358 1197 nostri
1383 1168 1520 1197 narra·
1533 1169 1577 1204 11

110 1212 242 1252 tiones
266 1223 572 1262 sermonesque
591 1212 896 1253 ‘insectiones’
922 1213 1282 1264 appellitauerunt.

788 1349 838 1388 X.

104 1431 242 1468 Errare
268 1432 381 1476 istos,
409 1432 471 1479 qui
498 1432 535 1467 in
552 1431 787 1479 exploranda
806 1433 900 1468 febri
925 1444 1107 1470 uenarum
1124 1436 1258 1482 pulsus
1276 1437 1521 1484 pertemptari

553 1493 702 1536 putant,
734 1501 808 1525 non
838 1491 1073 1527 arteriarum.

189 1584 233 1623 In
255 1584 513 1633 Herodis,
546 1586 588 1625 C.
622 1587 694 1634 V.‚
735 1587 894 1635 uillam,
927 1600 1035 1639 quae
1066 1596 1131 1630 est
1167 1590 1206 1630 in
1240 1601 1341 1640 agro
1378 1591 1517 1632 Attico
1538 1603 1557 1636 1

108 1643 225 1688 loco,
258 1640 328 1691 qui
357 1643 592 1692 appellatur
622 1643 857 1693 Cephisiae,
889 1646 1008 1696 aquis
1042 1651 1083 1686 et
1112 1648 1254 1695 (lucis)
1276 1648 1517 1689 nemoribus

109 1700 393 1748 frequentem,
426 1704 546 1739 aestu
571 1699 668 1739 anni
691 1701 828 1741 medio
853 1713 1163 1743 concesseram.
1226 1703 1285 1744 lbi
1303 1705 1398 1745 aluo
1422 1705 1520 1746 mihi
1537 1716 1560 1750 2

110 1755 190 1795 cita
207 1760 248 1794 et
268 1755 499 1795 accedente
524 1756 628 1796 febri
646 1758 792 1808 rapida
808 1759 1104 1800 decubueram.
1166 1762 1226 1801 Eo
1247 1761 1518 1804 Caluisius
1535 1771 1559 1806 3

109 1813 308 1853 Taurus
337 1812 618 1864 philosophus
655 1819 696 1854 et
731 1815 796 1854 alii
834 1816 1000 1866 quidam
1036 1822 1267 1858 sectatores
1302 1817 1390 1858 eius
1423 1830 1518 1859 cum

110 1869 285 1910 Athenis
302 1869 466 1910 uisendi
483 1870 563 1910 mei
582 1872 714 1921 gratia
739 1873 966 1923 uenissent,
985 1874 1186 1923 medicus,
1210 1875 1279 1925 qui
1295 1880 1381 1914 tum
1396 1875 1435 1915 in
1454 1876 1517 1916 his

110 1926 215 1967 locis
232 1931 424 1978 repertus
443 1927 664 1968 adsidebat
679 1929 789 1978 mihi,
812 1942 981 1971 narrare
997 1933 1161 1973 Tauro
1188 1937 1398 1982 coeperat,
1418 1932 1518 1982 quid

110 1983 364 2025 incommodi
388 1989 556 2035 paterer
583 1990 624 2025 et
655 1986 805 2036 quibus
827 1989 1006 2029 modulis
1033 1989 1269 2039 quibusque
1290 1988 1516 2029 interuallis

111 2041 334 2081 accederet
366 2042 492 2082 febris
519 2042 841 2094 decederetque.
903 2046 1005 2086 Tum
1030 2046 1070 2086 in
1099 2058 1150 2086 eo
1173 2056 1391 2094 sermone,
1425 2051 1562 2086 cum4

111 2097 192 2137 iam
222 2109 288 2138 me
321 2098 551 2140 sinceriore
577 2103 830 2151 corpusculo
864 2103 1015 2142 factum
1036 2103 1212 2144 diceret:
1244 2105 1431 2152 <potes’,
1459 2102 1518 2142 in-

112 2154 202 2204 qmt
216 2155 408 2204 Tauro
451 2160 520 2196 ‘tu
560 2168 729 2207 quoque
759 2158 800 2196 id
842 2159 978 2209 ipsum
1022 2159 1400 2210 comprehendere,
1438 2153 1522 2198 ἐὰν

111 2207 205 2265 ἅψῃ
237 2207 382 2253 αὐτοῦ
404 2213 482 2266 τῆς
505 2211 698 2268 φλεβός’
703 2246 715 2268 ,
750 2217 865 2265 quod
892 2217 1048 2257 nostris
1080 2217 1219 2256 uerbis
1244 2216 1436 2265 profecto
1463 2215 1520 2255 ita

113 2269 281 2310 dicitur·
313 2269 368 2310 ‘si
390 2271 575 2321 attigeris
591 2284 741 2312 uenam
758 2272 898 2312 illius'.
