1619 2476
136 53 193 95 90
750 53 797 92 ΙΙ.
826 64 925 92 xv11.

95 176 118 210 2
215 166 355 204 Verba
389 164 660 205 Ciceronis
693 165 794 204 haec
833 169 947 204 sunt:
992 165 1117 214 Quid
1144 177 1272 205 uero
1304 165 1400 205 hoc
1430 167 1536 205 ele·

137 222 370 273 gantius‚
418 222 551 270 quod
589 232 686 259 non
727 221 1029 270 situatum,
1071 222 1162 262 sed
1205 222 1424 272 quodam
1456 222 1539 261 in-

137 278 356 318 stituto?
403 277 695 316 ‘indoctus'
731 277 953 317 dicimus
991 278 1142 317 breui
1167 278 1329 328 prima
1358 277 1538 326 litera,

137 333 694 383 ‘insanus’producta,
716 333 1080 373 ‘inhumanus'
1108 334 1273 383 breui,
1301 334 1537 374 ‘infelix’

135 392 286 439 longa
307 395 373 437 et,
407 401 464 428 ne
487 389 683 437 multis,
717 390 906 439 quibus
938 390 986 429 in
1018 390 1196 430 uerbis
1227 401 1318 430 eae
1341 390 1539 441 primae

134 447 324 486 literae
355 451 499 493 sunt,
534 457 663 495 quae
694 447 746 485 in
780 446 1078 495 ‘sapiente'
1110 452 1263 496 atque
1292 446 1538 494 ‘felice',

134 503 386 553 producte
423 501 681 549 dicuntur,
722 502 771 541 in
803 502 993 542 ceteris
1025 502 1258 543 omnibus
1285 503 1538 550 breuiter;

133 560 357 608 itemque
387 559 740 608 ‘composuitz
776 557 1131 607 ‘consueuit',
1164 560 1538 610 ‘concrepuit'‚

134 619 148 638 ε
169 614 440 654 confecit'.
523 616 741 654 Consule
800 614 1104 663 ueritatem,
1165 616 1537 666 reprehendet3

133 672 270 710 rel'er
302 672 367 710 ad
398 671 561 718 auris,
595 672 910 720 probabunt;
959 682 1180 720 quaere,
1224 683 1314 711 cur
1343 672 1413 711 ita
1441 672 1540 712 sit?

136 727 312 767 dicent
350 727 540 766 iuuare.
605 727 874 777 Voluptati
905 732 1068 767 autem
1096 729 1290 768 aurium
1323 728 1540 778 morige—

134 784 234 824 rari
265 784 421 823 debet
451 783 633 823 oratio.

96 845 119 880 3
219 840 436 879 Manifesta
460 839 626 889 quidem
652 839 754 879 ratio
781 839 997 879 suauitatis
1024 845 1089 879 est
1114 840 1153 879 in
1180 840 1242 880 his
1260 839 1456 888 uocibus,
1486 841 1539 880 de

136 896 284 946 quibus
317 896 494 936 Cicero
533 897 697 936 locutus
730 901 805 935 est.
875 896 959 935 Sed
990 896 1088 945 quid
1119 896 1304 936 dicemus
1339 897 1391 936 de
1421 907 1540 947 prae-

134 952 342 1003 positione
366 955 504 1002 ‘p1'0',
533 964 660 1001 quae,
696 964 787 992 cum
819 952 994 1001 produci
1027 958 1067 991 et
1097 953 1249 1003 corripi
1280 955 1436 1001 soleat,
1469 953 1539 993 ob-

92 1015 115 1050 4
131 1009 410 1049 seruationem
429 1009 533 1047 hanc
550 1014 685 1048 tamen
704 1010 757 1048 M.
777 1008 937 1048 Tullii
965 1014 1187 1058 aspernata
1204 1011 1293 1049 est?
1322 1010 1412 1049 Non
1431 1009 1540 1048 enim

136 1077 301 1115 semper
317 1065 577 1115 producitur,
605 1076 696 1105 cum
713 1066 901 1115 sequitur
916 1076 963 1104 ea
982 1065 1110 1113 litera,
1140 1076 1246 1114 quae
1261 1065 1397 1116 prima
1417 1065 1539 1105 estin

134 1123 262 1161 uerbo
296 1122 454 1169 efecit’,
485 1133 607 1170 quam
631 1122 814 1162 Cicero
840 1122 947 1161 hanc
966 1122 1119 1161 habere
1135 1121 1219 1160 uim
1241 1121 1466 1172 significat,
1493 1127 1540 1160 ut

137 1184 307 1228 propter
324 1189 413 1216 eam
434 1189 519 1217 rem
543 1178 630 1217 ein'
657 1184 696 1217 et
720 1181 732 1200 ‘
752 1180 853 1218 con'
880 1177 1214 1228 praepositiones
1240 1179 1538 1228 producantur.

96 1236 235 1276 5Nam
267 1234 528 1284 ‘proficisci’
562 1239 604 1273 et
634 1236 906 1284 ‘profugere’
940 1239 981 1273 et
1011 1234 1314 1283 ‘profundere'
1349 1239 1390 1274 et
1421 1237 1540 1284 epro-

134 1293 296 1330 fanum’
317 1295 356 1329 et
373 1294 384 1313 ²
395 1291 650 1340 profestum'
672 1294 862 1340 correpte
882 1289 1068 1338 dicimus,
1088 1292 1100 1311 ³
1115 1291 1326 1339 proferre'
1345 1295 1484 1330 autem
1501 1294 1542 1329 et

96 1354 118 1389 6
135 1351 147 1369 ⁸
161 1346 410 1397 profligare’
446 1351 486 1386 et
516 1347 774 1396 eproficere'
805 1346 1023 1396 producte.
1087 1346 1166 1386 Cur
1186 1346 1308 1396 igitur
1335 1357 1386 1386 ea
1408 1346 1538 1394 litera,

136 1414 259 1453 quam
279 1403 361 1442 Cic
374 1414 460 1442 ero
479 1403 767 1452 productionis
786 1413 953 1442 causam
972 1403 1110 1442 facere
1127 1402 1380 1451 obseruauit,
1397 1414 1481 1443 non
1498 1402 1540 1442 in

136 1459 326 1500 omnibus
356 1459 638 1499 consimilibus
666 1460 841 1498 eandem
857 1458 940 1498 uim
958 1464 1028 1498 aut
1047 1458 1218 1498 rationis
1236 1464 1306 1498 aut
1322 1458 1538 1500 suauitatis

133 1520 265 1562 tenet,
286 1516 363 1554 sed
379 1515 498 1554 aliam
512 1527 660 1555 uocem
678 1515 854 1565 produci
872 1515 985 1563 facit,
1013 1514 1132 1554 aliam
1150 1515 1334 1566 corripi?

219 1572 363 1621 Neque
380 1583 481 1612 uero
506 1575 636 1612 econ'
654 1572 856 1622 particula
871 1576 956 1611 tum
983 1572 1118 1611 solum
1145 1572 1411 1621 producitur,
1445 1582 1538 1610 cum

100 1631 121 1668 7
139 1639 188 1668 ea
217 1628 350 1675 litera,
384 1629 436 1667 de
455 1640 536 1678 qua
555 1629 737 1668 Cicero
758 1628 878 1675 dixit,
908 1628 1152 1677 insequitur.
1212 1629 1314 1667 Nam
1343 1632 1384 1667 et
1409 1628 1538 1666 Cato

137 1689 177 1724 et
208 1684 527 1724 Sallustius:
562 1685 867 1725 faenoribus
913 1684 1102 1734 inquiunt
1144 1688 1397 1734 copertus
1444 1688 1538 1723 est.

96 1745 120 1780 8
135 1742 356 1780 Praeterea
373 1744 385 1762 ²
400 1741 639 1791 coiugatus'
663 1746 704 1780 et
720 1743 955 1781 econexus'
982 1740 1186 1790 producte
1207 1739 1367 1779 dicitur.

97 1802 122 1837 9
222 1797 307 1836 Sed
339 1801 475 1836 tamen
507 1797 639 1837 uideri
666 1802 807 1847 potest
834 1797 874 1836 in
904 1796 967 1838 his
985 1829 994 1844 ,
1038 1807 1144 1846 quae
1171 1795 1322 1846 posui,
1364 1795 1418 1836 ob
1448 1807 1539 1836 eam

138 1863 306 1892 causam
337 1853 540 1903 particula
566 1854 670 1893 haec
696 1853 894 1904 produci,
928 1852 1123 1903 quoniam
1155 1851 1319 1892 eliditur
1349 1864 1401 1892 ex
1433 1863 1483 1893 ea
1513 1865 1539 1892 n

137 1908 272 1948 litera:
303 1920 397 1948 nam
422 1910 712 1949 detrimentum
742 1909 884 1950 literae
907 1908 1184 1960 productione
1213 1909 1399 1958 syllabae
1430 1920 1540 1949 com-

81 1969 127 2004 10
138 1970 349 2014 pensatur.
426 1967 547 2016 Quod
576 1967 743 2016 quidem
774 1966 896 2006 etiam
922 1966 962 2005 in
995 1976 1045 2005 eo
1074 1969 1285 2013 seruatur,
1331 1966 1445 2015 quod
1477 1969 1542 2005 est
1582 1994 1586 1995 γ

82 2023 152 2061 11‘
171 2025 325 2070 cogo';
358 2033 494 2072 neque
524 2028 749 2072 repugnat,
783 2023 897 2072 quod
928 2021 1096 2071 ecoegi'
1125 2026 1318 2071 correpte
1343 2021 1538 2061 dicimus:

138 2087 222 2116 non
263 2077 371 2116 enim
411 2080 528 2119 salua
563 2079 605 2118 id
638 2073 854 2133 ἀναλογίᾳ
891 2078 1039 2119 dicitur
1069 2089 1093 2116 a
1124 2077 1278 2125 uerbo,
1322 2078 1437 2129 quod
1476 2081 1541 2118 est

141 2134 316 2183 ‘cogo'.
