1619 2476
160 39 241 81 176
756 39 882 78 XVII.
911 50 952 78 v.

836 152 886 189 V.

158 235 403 282 Nequaquam
448 244 533 269 esse
569 244 720 276 uerum,
763 232 865 279 quod
905 233 1056 269 minutis
1088 233 1313 280 quibusdam
1347 234 1558 270 rhetorIcae

215 291 418 326 artificibus
441 289 637 335 uideatur,
667 289 718 325 Μ.
744 289 963 325 Ciceronem
985 290 1021 325 in
1045 290 1162 335 libro,
1190 300 1301 337 quem
1323 290 1370 326 de
1393 292 1558 327 amicitia

214 347 385 394 scripsit,
404 346 541 382 uitioso
559 349 779 393 argumento
802 357 931 390 usum,
956 338 1330 394 ἀμφισβητούμενον
1354 337 1442 383 ἀντὶ
1465 339 1558 394 ὃμο-

213 398 457 452 λογουμένου
482 404 681 449 posuisse3
704 406 893 449 totumque
916 402 954 438 id
976 402 1252 439 consideratius
1277 407 1471 439 tractatum
1496 414 1560 438 ex-

213 460 490 506 ploratumque.

120 556 140 588 1
246 547 300 585 M.
327 546 513 586 Cicero
546 545 586 585 in
619 546 805 595 dialogo,
838 545 902 585 cui
928 546 1069 585 titulus
1094 550 1159 585 est
1180 544 1385 585 Laelius
1410 546 1560 584 uelde

161 602 408 648 amicitia,
428 603 582 642 docere
608 603 777 648 uolens,
801 601 1017 641 amicitiam
1043 613 1127 642 non
1154 612 1232 652 spe
1254 601 1561 652 expectatione-

162 670 242 708 que
259 658 443 697 utilitatis
471 669 608 707 neque
626 658 745 707 pretii
768 658 1059 708 mercedisque
1077 669 1205 698 causa
1221 658 1462 706 colendam,
1486 659 1562 698 scd

161 726 244 764 quo
271 714 363 764 ipsa
386 726 462 765 per
487 725 583 753 sese
607 715 732 764 plena
754 714 916 754 uirtutis
933 713 1249 764 honestatisque
1268 713 1342 763 sit,
1365 720 1561 764 expeten-

160 772 255 810 dam
274 771 610 820 diligendamque
629 781 746 818 esse,
781 771 940 810 etiamsi
962 770 1059 809 nihil
1084 770 1176 820 opis
1203 769 1383 820 nihilque
1408 771 1561 810 emolu-

159 827 286 866 menti
313 838 364 866 ex
398 837 447 866 ea
477 826 635 876 percipi
670 832 815 875 queat,
848 827 924 865 hac
950 827 1156 866 sententia
1178 830 1303 876 atque
1331 825 1394 866 his
1419 826 1560 866 uerbis

157 895 262 922 usus
282 889 346 922 est
363 894 497 932 eaque
515 882 652 922 dicere
678 883 773 922 facit
791 884 832 923 C.
849 882 1044 931 Laelium,
1068 882 1299 946 sapientem
1314 881 1462 930 uirum,
1492 882 1562 933 qui

120 938 290 978 2Publii
319 939 506 979 Afiicani
532 940 667 978 suerat
697 938 992 979 amicissimus:
1037 939 1166 988 Quid
1196 938 1327 978 enim
1359 939 1562 978 Africa-

160 1007 254 1035 nus
286 995 530 1045 indigens
564 995 690 1035 mei?
739 1007 797 1034 nc
846 1007 937 1044 ego
980 996 1184 1045 quidem
1230 994 1392 1034 illius.
1462 995 1562 1035 Sed

160 1063 255 1100 ego
292 1051 645 1091 admiratione
679 1052 896 1100 quadam
927 1051 1150 1091 uirtutis
1186 1050 1324 1099 eius,
1357 1048 1447 1091 ille
1477 1051 1562 1091 ui·

160 1108 337 1147 cissim
385 1108 641 1158 opinione
680 1109 915 1147 sortasse
965 1109 1242 1155 nonnulla,
1295 1119 1450 1157 quam
1496 1108 1562 1147 de

159 1164 282 1203 meis
325 1164 551 1204 moribus
591 1164 845 1211 habebat,
883 1175 954 1203 me
985 1163 1198 1211 dilexit3
1239 1163 1384 1203 auxit
1415 1163 1562 1203 beni-

157 1220 448 1259 uolentiam
496 1221 848 1260 consuetudo.
923 1220 1022 1260 Sed
1071 1230 1377 1270 quamquam
1417 1219 1562 1259 utili-

157 1281 296 1315 tates
335 1278 524 1315 multae
555 1282 609 1315 et
641 1287 857 1325 magnae
896 1281 1221 1315 consecutae
1266 1281 1411 1324 sunt,
1462 1287 1559 1316 non

159 1337 283 1370 sunt
313 1337 482 1371 tamen
515 1332 575 1370 ab
608 1343 780 1370 earum
812 1343 904 1380 spe
935 1342 1128 1371 causae
1161 1330 1562 1383 diligendipro-

158 1388 344 1426 sectae.
404 1389 468 1426 Vt
513 1387 641 1426 enim
687 1386 915 1426 benefici
952 1387 1312 1438 liberalesque
1351 1400 1559 1436 sumus,

159 1455 257 1483 non
294 1449 346 1482 ut
377 1443 654 1493 exigamus
687 1443 928 1493 gratiam,
959 1465 1016 1471 --
1044 1454 1214 1493 neque
1246 1444 1376 1484 enim
1408 1445 1561 1485 bene·

158 1499 332 1538 ficium
364 1500 724 1547 faeneramur,
760 1500 855 1539 sed
886 1504 1071 1539 natura
1100 1500 1360 1550 propensi
1390 1501 1459 1540 ad
1488 1500 1560 1540 li-

156 1555 496 1595 beralitatem
531 1567 725 1604 sumus,
769 1579 826 1583 —
873 1556 951 1595 sic
999 1555 1277 1595 amicitiam
1320 1568 1418 1597 non
1466 1568 1560 1608 spe

157 1611 421 1652 mercedis
470 1611 713 1660 adducti,
762 1612 853 1651 sed
904 1612 1042 1661 quod
1085 1611 1250 1652 omnis
1298 1613 1411 1652 eius
1451 1613 1560 1652 sru-

159 1673 273 1708 ctus
327 1668 381 1707 in
436 1667 552 1718 ipso
606 1679 782 1708 amore
834 1667 1002 1716 inest,
1057 1669 1409 1719 expetendam
1458 1681 1559 1719 pu-

159 1729 339 1764 tamus.

119 1781 142 1815 3
242 1781 333 1820 Hoc
367 1792 461 1820 cum
490 1782 698 1830 legeretur
727 1780 766 1819 in
798 1785 921 1820 coetu
954 1781 1059 1820 forte
1089 1780 1300 1820 hominum
1325 1781 1557 1828 doctorum,

159 1835 392 1876 rhetoricus
416 1836 582 1886 quidam
600 1836 808 1886 sophista,
833 1837 1051 1887 utriusque
1074 1836 1237 1886 linguae
1254 1837 1430 1885 callens,
1460 1837 1559 1876 haut

159 1903 260 1932 sane
290 1892 483 1942 ignobilis
518 1892 684 1932 existis
716 1892 892 1933 acutulis
925 1898 966 1932 et
994 1891 1159 1932 minutis
1191 1892 1456 1939 doctoribus,
1489 1892 1556 1943 qui

159 1945 386 2000 ετ.ιεχνικοὶ’
409 1950 682 1999 appellantur,
705 1953 829 1999 atque
854 1949 893 1988 in
922 1948 1168 1988 disserendo
1184 1953 1322 1988 tamen
1344 1960 1426 1989 non
1444 1948 1557 1999 impi-

158 2015 252 2054 ger,
281 2016 405 2044 usum
425 2016 521 2044 esse
538 2004 800 2044 existimabat
817 2009 1060 2055 argumento
1086 2005 1313 2044 Marcum
1338 2004 1558 2045 Tullium

158 2071 241 2100 non
260 2061 394 2110 probo
413 2072 549 2110 neque
567 2060 822 2111 apodictico,
840 2061 918 2100 sed
936 2060 1122 2100 eiusdem
1140 2060 1420 2110 quaestionis,
1440 2060 1557 2100 cuius

160 2121 274 2155 esset
296 2127 345 2155 ea
361 2116 452 2167 ipsa
476 2128 564 2165 res,
588 2118 640 2156 de
673 2128 753 2166 qua
777 2120 1068 2182 quaereretur;
1101 2116 1328 2166 uerbisque
1348 2117 1390 2156 id
1413 2116 1557 2156 uitium

161 2171 328 2211 Graecis
353 2173 552 2223 appellat,
586 2173 700 2223 quod
725 2171 958 2223 accepisset
980 2166 1435 2225 ευἰμφω’βητούμενον
1456 2167 1565 2212 ἀντὶ
1618 2208 1619 2212 ,

118 2219 562 2279 4ὁμολογουμένου’.
625 2229 748 2268 ‘Nam
773 2228 1060 2276 ‘beneficos”‚
1079 2228 1229 2278 inquit,
1247 2228 1590 2268 ‘et‘liberales’·'
