1619 2476
170 42 252 83 128
769 39 858 79 XV.
890 49 965 77 1111.

829 151 913 190 1111.

169 236 330 271 Historia
362 234 407 270 de
432 233 608 269 Ventidio
634 234 776 277 Basso,
812 232 966 279 ignobili
997 230 1167 276 homine,
1197 244 1305 280 quern
1334 234 1494 281 primum
1515 232 1562 269 de

392 290 534 326 Parthis
552 289 802 336 triumphasse
817 317 825 332 ‚
856 289 1060 323 memoriae
1083 287 1256 325 traditum
1272 293 1341 326 est.
1425 292 1427 294 ’

133 384 150 416 1
253 379 296 416 In
320 377 582 418 sermonibus
605 387 738 427 nuper
760 374 834 415 fuit
858 375 1068 415 seniorum
1090 374 1302 415 hominum
1323 380 1364 415 et
1384 376 1562 416 erudito-

167 446 269 481 rum,
292 435 442 473 multos
468 433 507 472 in
526 438 667 472 uetere
684 431 883 472 memoria
899 430 1142 470 altissimum
1159 431 1364 484 dignitatis
1388 433 1562 481 gradum

168 489 409 530 ascendisse
431 488 753 538 ignobilissimos
779 487 893 537 prius
916 486 1104 527 homines
1130 491 1171 526 et
1193 486 1562 538 despicatissimos.

127 551 149 585 2
165 547 268 586 Nihil
286 547 391 585 adeo
421 546 472 584 de
491 556 701 594 quoquam
717 549 855 583 tantae
879 542 1137 583 admirationi
1153 542 1248 591 fuit,
1282 548 1459 594 quantae
1481 544 1564 583 sue-

127 606 150 641 3
168 608 280 650 runt,
315 613 419 651 quae
439 602 490 640 de
506 600 700 640 Ventidio
719 601 853 639 Basso
878 599 1034 649 scripta
1059 604 1167 639 sunt.
1227 601 1332 640 Eum
1352 599 1560 640 Picentem

168 659 297 698 fuisse
318 669 471 707 genere
489 662 529 696 et
545 659 637 697 loco
664 655 804 696 humili
829 660 868 694 et
891 661 1061 694 matrem
1088 654 1176 695 eius
1206 667 1230 695 a
1246 655 1442 706 Pompeio
1455 656 1565 695 Stra-

167 716 289 762 bone,
308 713 478 764 Pompei
494 713 632 762 Magni
648 718 778 762 patre‚
801 712 908 751 bello
933 710 1100 760 sociali,
1124 713 1452 761 qqusculanos
1471 711 1564 751 sub-

168 771 262 822 egit,
291 775 451 820 captam
470 780 562 809 cum
577 769 670 819 ipso
692 779 799 816 esse,
823 779 932 815 mox,
946 767 1223 818 triumphante
1238 768 1436 818 Pompeio
1455 768 1564 808 Stra-

166 829 296 874 bone,
316 838 407 865 eum
432 837 600 876 quoque
619 836 793 875 puerum
817 824 923 863 inter
941 829 1104 864 ceteros
1131 828 1227 864 ante
1253 835 1417 864 currum
1438 824 1564 874 impe-

168 883 317 923 ratoris
340 882 432 922 sinu
448 881 588 922 matris
607 886 772 921 uectum
796 891 914 927 esse;
941 885 1055 930 post,
1083 891 1176 920 cum
1197 880 1474 927 adoleuisset,
1508 879 1564 918 ui-

169 945 278 979 ctum
296 938 373 978 sibi
390 950 514 988 aegre
536 938 753 987 quaesisse
778 949 955 985 eumque
977 936 1146 976 sordide
1162 936 1374 976 inuenisse
1401 946 1566 985 compa-

167 995 306 1036 randis
325 995 443 1034 mulis
463 999 503 1034 et
519 993 733 1041 uehiculis,
752 1004 858 1042 quae
878 992 1185 1042 magistratibus
1202 1025 1211 1041 ,
1235 992 1304 1042 qui
1321 991 1456 1033 sortiti
1471 1003 1565 1042 pro-

167 1052 324 1092 uincias
337 1052 483 1097 forent,
495 1051 735 1100 praebenda
746 1048 909 1099 publice
927 1049 1213 1089 conduxisset.
1238 1050 1281 1087 In
1294 1048 1373 1089 isto
1389 1052 1565 1098 quaestu

168 1115 311 1148 notum
330 1119 425 1147 esse
449 1106 641 1157 coepisse
662 1107 701 1145 C.
723 1105 887 1145 Caesari
904 1110 946 1145 et
969 1116 1062 1144 cum
1085 1116 1135 1145 eo
1154 1106 1387 1155 profectum
1412 1114 1508 1144 esse
1525 1103 1562 1142 in

170 1164 332 1204 Gallias.
364 1165 478 1210 Tum,
493 1162 588 1212 quia
603 1162 641 1201 in
661 1173 709 1201 ea
729 1161 945 1211 prouincia
961 1161 1060 1201 satis
1072 1161 1233 1201 nauiter
1246 1165 1439 1201 uersatus
1453 1163 1567 1199 esset

169 1226 209 1260 et
230 1220 428 1269 deinceps
440 1218 547 1258 ciuili
564 1220 671 1258 bello
696 1219 888 1257 mandata
906 1217 983 1257 sibi
1001 1219 1201 1267 pleraque
1216 1216 1377 1267 inpigre
1397 1221 1439 1256 et
1463 1221 1565 1255 stre·

169 1288 249 1315 nue
269 1275 454 1322 fecisset,
486 1286 570 1314 non
593 1274 717 1314 modo
740 1274 778 1312 in
803 1273 1019 1312 amicitiam
1038 1272 1245 1320 Caesaris,
1275 1272 1352 1312 sed
1376 1283 1429 1311 ex
1450 1282 1499 1311 ea
1523 1270 1564 1309 in

169 1331 466 1381 amplissimum
497 1341 665 1378 quoque
697 1329 884 1368 ordinem
913 1328 1186 1377 ¹peruenisse;
1229 1339 1327 1368 mox
1359 1327 1566 1367 tribunum

171 1398 339 1437 quoque
363 1386 472 1436 plebi
493 1397 541 1424 ac
560 1384 708 1423 deinde
733 1389 968 1433 praetorem
986 1389 1169 1423 creatum
1186 1388 1311 1433 atque
1332 1383 1372 1422 in
1394 1394 1444 1424 eo
1466 1388 1566 1422 tem-

169 1454 272 1494 pore
295 1442 518 1482 iudicatum
542 1451 637 1480 esse
654 1451 677 1478 a
694 1445 841 1479 senatu
863 1440 1027 1479 hostem
1053 1451 1146 1479 cum
1162 1441 1216 1479 Μ.
1237 1439 1444 1487 Antonio;
1468 1443 1566 1490 post

167 1511 268 1539 uero
288 1498 517 1539 coniunctis
536 1496 824 1546 partibus,non
844 1495 1055 1546 pristinam
1071 1500 1228 1535 tantum
1247 1495 1484 1546 dignitatem
1504 1506 1567 1534 re·

173 1556 404 1605 ciperasse‚
429 1555 505 1594 sed
535 1552 819 1603 pontificatum
848 1563 895 1591 ac
929 1552 1076 1591 deinde
1113 1552 1375 1592 consulatum
1397 1561 1565 1602 quoque

172 1613 366 1662 adeptum
379 1622 497 1657 esse;
518 1620 692 1658 eamque
714 1620 801 1648 rem
822 1614 904 1647 tam
921 1608 1189 1649 intoleranter
1204 1607 1349 1648 tulisse
1365 1608 1565 1657 populum

171 1670 416 1715 Romanum,
437 1665 507 1716 qui
516 1665 753 1705 Ventidium
767 1667 945 1705 Bassum
968 1664 1209 1704 meminerat
1230 1663 1427 1703 curandis
1445 1663 1565 1702 mulis

172 1724 403 1771 uictitasse‚
430 1728 472 1762 ut
487 1723 612 1771 uulgo
635 1733 711 1772 per
726 1721 816 1761 uias
835 1720 948 1760 urbis
970 1720 1168 1761 uersiculi
1185 1719 1564 1770 proscriberentur:

233 1800 546 1843 Concurrite
580 1813 752 1841 omncs
785 1800 1032 1851 augures,
1065 1799 1361 1849 artispices!

229 1857 532 1899 Portentum
559 1857 871 1897 inusitatum
907 1858 1188 1897 conflatum
1226 1854 1305 1895 est
1334 1866 1539 1895 recens:

231 1917 348 1955 Nam
385 1914 546 1954 mulas
590 1914 675 1964 qui
706 1912 952 1960 fricabat,
991 1913 1173 1953 consul
1217 1910 1385 1951 factus
1417 1917 1510 1952 est.

137 2009 158 2043 4
258 2005 445 2044 Eundem
476 2006 654 2043 Bassum
680 2003 963 2043 Suetonius
992 2002 1328 2052 Tranquillus
1354 2000 1568 2052 praeposi-

175 2067 261 2101 tum
277 2072 375 2100 esse
401 2071 424 2099 a
445 2062 499 2100 Μ.
517 2059 699 2100 Antonio
719 2059 944 2109 prouinciis
966 2057 1233 2098 orientalibus
1250 2058 1512 2106 Parthosque
1527 2056 1567 2096 in

177 2117 340 2167 Syriam
357 2115 693 2166 introrumpentis
703 2115 832 2154 tribus
845 2116 894 2154 ab
911 2126 960 2154 eo
979 2113 1132 2164 proelis
1150 2115 1268 2154 fusos
1284 2112 1437 2161 scribit,
1458 2123 1569 2152 eum-

178 2184 257 2221 que
279 2172 454 2222 primum
481 2172 661 2212 omnium
686 2172 737 2210 de
756 2171 913 2210 Parthis
934 2169 1211 2219 triumphasse
1235 2175 1276 2210 et
1298 2173 1430 2210 morte
1459 2167 1614 2214 obita,-

177 2229 340 2277 publico
366 2229 507 2268 sunere
526 2229 732 2278 sepultum
750 2238 858 2266 esse.
