1619 2476
131 65 213 108 184
664 68 733 106 Vl.
756 69 880 115 (VII.)
898 79 924 106 1.
941 79 985 107 11.

93 186 114 219 6
212 180 257 218 ld
295 179 414 218 etiam
447 178 584 218 dicere
614 180 712 219 haut
741 180 872 230 piget,
917 181 1030 229 quod
1070 180 1200 219 idem
1241 179 1342 228 illi,
1391 191 1521 230 quos

132 246 288 285 supra
319 234 599 282 nominaui,
642 235 769 275 literis
805 236 1111 284 mandauerint,
1143 236 1382 286 Scipionem
1412 236 1522 276 hunc

129 292 367 331 Africanum
385 290 619 332 solitauisse
633 292 766 332 noctis
785 297 969 332 extremo
985 323 993 340 ‚
1009 291 1252 342 priusquam
1267 291 1539 340 dilucularet,

129 349 167 387 in
188 346 429 396 Capitolium
451 347 653 387 uentitare
678 359 726 387 ac
752 347 894 387 iubere
921 348 1072 398 aperiri
1097 349 1241 388 cellam
1257 347 1368 388 Iouis
1397 352 1522 397 atque

128 403 182 442 ibi
199 404 332 443 solum
351 402 420 442 diu
438 403 653 452 demorari,
675 404 791 453 quasi
809 405 1111 444 consultantem
1128 405 1180 443 de
1199 403 1410 453 republica
1430 413 1522 442 cum
1576 432 1599 461 ς,

128 462 246 507 Ioue,
275 459 589 509 aeditumosque
606 460 693 499 eius
713 460 853 510 templi
871 471 998 510 saepe
1014 471 1109 499 esse
1132 459 1378 508 demiratos,
1407 459 1522 509 quod
1576 483 1586 499 ἦ

129 517 263 556 solum
280 515 319 554 id
341 515 539 564 temporis
557 515 595 554 in
616 516 859 566 Capitolium
881 516 1177 565 ingredientem
1206 527 1330 555 canes
1357 526 1523 565 semper

128 573 167 611 in
185 572 288 612 alios
306 571 540 611 saeuientes
562 583 697 621 neque
714 574 910 611 latrarent
927 583 1019 611 euni
1037 583 1173 622 neque
1193 572 1462 611 incurrerent.

92 637 111 672 7
211 629 294 667 Has
316 627 428 676 uolgi
451 628 501 666 de
521 628 714 676 Scipione
732 628 948 678 opiniones
971 628 1216 668 confirmare
1232 633 1356 677 atque
1374 637 1522 676 appro—
1583 644 1585 646 -

127 685 225 723 bare
264 683 511 722 uidebantur
549 684 656 723 dicta
692 687 880 734 factaque
921 684 1009 723 eius
1039 685 1236 733 pleraque
1265 683 1519 722 admiranda.

87 750 109 783 8
127 741 189 779 Ex
214 739 360 789 quibus
395 745 458 778 est
478 752 605 779 unum
636 740 932 780 huiuscemodi.
993 740 1218 780 Assidebat
1238 739 1522 790 oppugnabat-

130 807 209 845 que
227 795 424 844 oppidum
446 795 484 834 in
507 795 724 845 Hispania,
759 797 938 844 situ(m),
964 796 1200 844 moenibus,
1230 795 1521 835 defensoribus

127 851 311 890 ualidum
340 857 379 890 et
407 852 626 899 munitum,
660 863 704 891 re
736 853 856 891 etiam
886 852 1037 891 cibaria
1057 852 1295 902 copiosum,
1326 852 1520 900 nullaque

129 908 216 947 eius
238 907 426 957 potiundi
451 919 549 957 spes
575 914 680 955 erat3
710 913 749 947 et
771 909 950 958 quodam
973 908 1038 947 die
1057 909 1120 948 ius
1138 908 1176 947 in
1195 907 1341 947 castris
1365 907 1520 946 sedens

88 974 109 1008 9
127 964 289 1002 dicebat
314 969 438 1013 atque
455 975 506 1002 ex
531 975 580 1003 co
603 965 695 1004 loco
713 964 754 1003 id
776 964 973 1014 oppidum
994 965 1139 1012 procul
1161 963 1384 1003 uisebatur.
1417 963 1518 1001 Tum

128 1031 149 1059 6
175 1020 388 1066 militibus,
415 1020 483 1069 qui
505 1020 544 1058 in
565 1020 652 1059 iu1e
669 1021 781 1070 apud
803 1032 897 1060 eum
919 1021 1093 1068 stabant,
1121 1019 1391 1069 interrogauit
1412 1017 1520 1067 quis-

127 1076 235 1125 piam
269 1087 319 1114 ex
350 1087 484 1123 more,
515 1076 554 1114 in
584 1087 706 1125 quem
736 1077 842 1115 diem
873 1077 1094 1125 locumque
1123 1047 1403 1115 uadimoonium
1426 1084 1522 1124 pro·

71 1131 231 1174 inmitti
253 1131 431 1178 iuberet3
465 1137 504 1171 ct
527 1132 665 1182 Scipio
697 1143 861 1172 manum
890 1133 943 1171 ad
964 1132 1097 1181 ipsam
1119 1131 1279 1182 oppidi,
1311 1131 1425 1180 quod
1450 1130 1521 1169 ob—

131 1188 361 1234 sidebatur,
401 1199 538 1227 alcern
569 1189 844 1238 protendens:
895 1188 1164 1239 perendie',
1202 1186 1353 1237 inquit,
1395 1189 1518 1225 ‘sese

76 1244 274 1286 llsistant
294 1244 361 1283 illo
392 1244 431 1282 in
449 1245 580 1284 loco’.
641 1248 780 1294 Atque
803 1245 858 1284 ita
880 1245 1050 1283 factum:
1079 1244 1144 1283 die
1162 1243 1302 1291 tertio,
1332 1242 1372 1281 in
1396 1252 1519 1291 quem

126 1300 269 1339 uadari
304 1300 500 1348 iusserat,
534 1301 731 1350 oppidum
765 1306 928 1348 captum
956 1305 1020 1339 est
1042 1301 1275 1348 eodemque
1305 1310 1354 1338 eo
1386 1297 1452 1336 die
1479 1296 1520 1336 in

128 1366 222 1394 arce
245 1355 334 1394 eius
356 1355 497 1405 oppidi
519 1356 582 1395 ius
606 1356 719 1395 dixit.

128 1489 181 1524 De
205 1487 364 1524 Caeselli
387 1487 559 1523 Vindicis
588 1488 764 1534 pudendo
790 1499 938 1532 errore,
970 1498 1078 1534 quern
1103 1485 1330 1522 offendimus
1360 1487 1396 1522 in
1417 1487 1521 1523 libris

375 1545 475 1590 eius,
508 1555 600 1590 quos
623 1545 813 1590 inscripsit
834 1545 1032 1580 lectionum
1055 1543 1302 1589 antiquarum.

95 1629 111 1661 1
214 1621 350 1670 Turpe
380 1624 589 1668 erralufin]
617 1619 865 1660 offendimus
888 1619 925 1658 in
949 1620 1026 1658 illis
1053 1617 1386 1658 celebratissimis
1412 1630 1520 1658 com-

127 1676 336 1715 mentariis
382 1676 666 1716 lectionum
703 1676 1038 1725 antiquarum
1081 1675 1310 1714 Caeselli
1341 1674 1520 1714 Vindi-

84 1740 106 1772 2
127 1732 222 1780 cis,
254 1732 430 1772 hominis
453 1733 589 1772 hercle
605 1735 804 1782 pleraque
824 1730 1197 1780 hautindiligentis.
1260 1730 1380 1779 Quod
1411 1741 1518 1769 erra-

126 1794 213 1827 tum
230 1790 379 1828 multos
396 1789 516 1838 fugit,
544 1799 791 1838 quamquam
808 1789 933 1827 multa
956 1787 995 1826 in
1015 1785 1275 1826 Caesellio
1298 1786 1519 1836 reprehen-

91 1845 267 1884 edendo
300 1844 419 1883 etiam
460 1856 535 1894 per
568 1845 816 1893 calumpnias
856 1843 1112 1883 rimarentur.
1175 1841 1349 1892 Scripsit
1383 1840 1519 1881 aute'm

130 1901 445 1947 Caesellius,
479 1901 523 1949 Q.
552 1900 762 1940 Ennium
789 1901 837 1939 in
867 1901 993 1940 XIII.
1020 1897 1193 1937 annali
1214 1900 1337 1937 ‘cor'
1361 1897 1519 1937 dixisse

127 1967 280 2005 genere
304 1957 544 1996 masculino.

88 2020 111 2052 4
207 2014 347 2052 Verba
363 2013 585 2052 Caeselli
604 2013 912 2052 subiectasunt:
931 2011 1218 2051 Masculino
1239 2014 1520 2060 genere‚ut
1578 2027 1584 2059 2

128 2070 281 2107 multa
303 2069 421 2116 alia,
440 2070 731 2108 enuntiauit
750 2069 956 2108 Ennius.
993 2067 1110 2106 Nam
1133 2067 1323 2106 inXlII.
1349 2064 1519 2104 annali
1555 2077 1562 2082 ·

89 2132 111 2164 ὁ
129 2126 299 2172 ‘quenl
328 2127 444 2164 cor'
471 2124 612 2163 dixit.
672 2125 879 2174 Ascripsit
903 2123 1051 2163 deinde
1073 2134 1221 2162 uersus
1243 2121 1391 2161 Ennii
1409 2121 1516 2159 duo:

184 2190 439 2228 Hannibal
465 2190 648 2229 audaci
672 2202 778 2230 cum
795 2195 1013 2240 pectore
1038 2189 1096 2228 de
1116 2193 1236 2237 [me]
1260 2189 1516 2234 hortatur,
1577 2232 1583 2238 ³

184 2245 250 2284 Ne
270 2246 458 2284 bellum
478 2247 676 2286 faciam:
701 2257 844 2296 quem
863 2243 1518 2285 crediditessemeumcor?
