1619 2476
131 81 209 122 154
712 82 794 120 IIII.
833 93 918 121 xv1.

81 201 104 234 2
119 195 271 244 pariter
294 194 461 233 dixisse.
521 193 745 233 Terentii
778 204 945 243 quoque
968 192 1113 233 comici
1140 204 1289 233 uersus
1319 193 1360 234 in
1391 193 1504 234 libris

124 250 331 289 ueteribus
353 250 491 288 itidem
516 249 693 299 scriptus
727 254 808 288 est:

181 328 296 367 Eius
323 326 466 366 anuis
496 338 664 373 causa,
697 325 900 375 opinor,
927 338 1056 376 quae
1087 333 1163 367 est
1193 327 1431 368 emortua.

79 423 102 458 3
120 420 234 458 Hanc
269 428 412 457 eorum
438 416 721 457 auctoritatem
747 416 911 466 quidam
949 429 971 456 e
996 416 1206 456 ueteribus
1228 415 1504 467 grammaticis

124 474 278 513 ratione
296 473 414 512 etiam
432 473 592 512 firmare
609 474 847 519 uoluerunt,
875 474 986 522 quod
1004 473 1135 512 omnis
1152 473 1313 512 datiuus
1331 471 1508 521 singula-

124 531 179 569 ris
206 529 321 568 litera
346 529 484 568 finitus
506 528 537 575 i,
563 528 597 567 si
620 540 702 567 non
728 528 867 568 similis
886 534 949 568 est
968 528 1134 578 genitiui
1157 528 1394 578 singularis,
1419 539 1438 567 s
1464 526 1507 566 li-

124 592 212 625 tera
248 584 385 623 addita
424 584 647 633 genitiuuni
686 584 933 633 singularem
958 585 1070 632 facit,
1102 590 1148 624 ut
1179 585 1309 635 <patri
1336 583 1462 634 patris
1477 587 1504 625 '.

80 646 104 680 4
125 641 237 680 ‘duci
261 640 408 690 ducis’‚
430 640 563 679 ecaedi
587 640 755 679 caedis'.
800 642 917 680 ‘Cum
935 641 1083 690 igitur',
1101 641 1307 690 inquiunt,
1325 640 1382 679 ‘in
1406 650 1506 678 casu

125 696 247 736 dandi
264 696 374 735 ‘huic
392 696 566 735 senatui'
581 696 778 743 dicamus,
807 697 1022 746 genetiuus
1041 709 1092 736 ex
1113 708 1161 736 eo
1182 695 1399 746 singularis
1423 698 1504 734 ‘se-

126 752 277 792 natuis'
302 757 376 800 est,
404 764 485 791 non
509 754 755 791 esenatus''.

81 835 103 868 ὁ
201 830 273 870 Set
294 841 375 869 non
399 841 541 869 omnes
568 831 822 878 concedunt,
853 831 891 869 in
916 842 1014 870 casu
1032 831 1169 870 datiuo
1189 829 1398 869 ‘senatui’
1424 839 1505 868 ma-

84 888 108 924 6
125 887 187 936 gis
210 885 449 933 dicendum,
483 897 605 934 quam
625 889 820 925 tsenatu'.
883 887 1010 926 Sicuti
1026 887 1261 926 Lucilius
1287 886 1327 924 in
1355 885 1504 925 eodem

126 953 226 981 casu
250 941 393 981 uictu
416 946 456 980 et
484 952 584 981 anu
616 942 731 990 dicit,
760 954 842 982 non
865 943 1022 982 ‘uictui'
1051 954 1127 981 nec
1155 942 1295 990 eanui’‚
1325 941 1365 980 in
1389 941 1504 979 hisce

124 998 314 1038 uersibus
329 1011 336 1036 ε

183 1086 329 1134 Quod
363 1091 619 1136 sumptum
652 1092 810 1136 atque
833 1088 1018 1137 epulas
1042 1086 1181 1126 uictu
1211 1083 1506 1135 praeponis

945 1143 1192 1190 honesto,

126 1201 166 1235 et
186 1197 263 1236 alio
280 1197 319 1236 in
337 1199 452 1237 loco:

604 1281 712 1317 Anu
744 1290 904 1317 noceo

84 1365 105 1401 7
124 1360 267 1411 inquit.
327 1362 597 1412 Vergilius
626 1375 791 1412 quoque
814 1364 852 1402 in
877 1375 976 1403 casu
1002 1364 1124 1403 dandi
1150 1367 1372 1414 aspectu
1397 1361 1504 1408 dicit,

129 1429 211 1457 non
234 1418 465 1467 ‘aspectui'1

510 1496 682 1544 Teque
704 1501 925 1544 aspectu
951 1507 1010 1535 ne
1036 1496 1282 1535 subtrahe
1305 1501 1507 1543 nostro,

131 1579 233 1618 etin
262 1582 559 1632 georgicis:

187 1656 328 1704 Quod
352 1668 445 1696 nec
476 1656 756 1696 concubitu
781 1656 1061 1705 indulgent.

92 1750 115 1784 8
134 1744 174 1782 C.
207 1742 327 1781 etiam
351 1744 564 1789 Caesar,
595 1742 733 1791 grauis
764 1746 908 1781 auctor
935 1742 1097 1790 linguae
1126 1741 1312 1788 Latinae,
1343 1741 1383 1781 in
1412 1745 1511 1783 An-

130 1799 393 1837 ticatone:
432 1798 616 1845 unius,
647 1798 796 1847 inquit,
829 1797 1192 1846 arrogantiae,
1225 1798 1511 1847 superbiae

131 1854 520 1903 dominatuque.
580 1855 680 1892 Iteni
706 1854 752 1892 in
776 1853 1094 1893 Dolabellam
1121 1852 1345 1892 actionis
1372 1854 1402 1893 Ι.
1422 1854 1509 1893 lib.

131 1911 182 1948 I.:
221 1910 341 1957 lsti,
383 1921 597 1958 quorum
631 1909 678 1947 in
710 1909 923 1948 aedibus
969 1908 1210 1958 sanisque
1246 1909 1424 1958 posita
1462 1914 1512 1948 et

91 1965 320 2005 9honori
357 1970 502 2004 erant
533 1970 579 2004 et
608 1970 805 2004 ornatu.
865 1966 917 2002 In
947 1964 1094 2003 libris
1126 1975 1292 2014 quoque
1331 1967 1510 2005 analo-

131 2020 265 2068 gicis
293 2020 428 2061 omnia
443 2020 675 2060 istiusmodi
698 2020 784 2059 sine
808 2020 819 2058 i
843 2019 958 2058 litera
979 2020 1153 2059 dicenda
1176 2026 1330 2060 censet.

1586 1995 1611 2046 zi

1587 2051 1611 2115 i
