1619 2476
163 84 244 125 156
747 87 828 124 1111.
855 97 957 124 xvii.

127 202 150 237 8
165 197 264 235 Nam
287 197 458 235 uerbum
482 196 615 246 ipsum
630 228 639 243 ,
675 196 740 235 cui
757 196 1018 245 supradictae
1035 194 1260 246 particulae
1282 195 1546 245 praepositae

163 256 269 298 sunt,
295 263 377 290 non
395 257 458 291 est
474 252 605 299 <icio’,
635 253 710 291 sed
729 252 864 290 ‘iacio'
883 257 924 291 et
938 251 1202 302 praeteritum
1217 263 1300 290 non
1317 249 1418 290 ‘icit'’
1437 251 1543 299 facit,

163 307 236 345 sed
262 306 401 345 ‘iecit’.
447 308 491 345 Id
510 308 578 346 ubi
592 307 866 357 compositum
884 312 968 355 est,
988 311 1076 354 (ex)
1098 318 1122 345 a
1137 306 1252 345 litera
1267 306 1306 345 in
1323 307 1336 345 i
1352 311 1543 354 mutatur,

163 361 280 400 sicuti
305 363 349 400 fit
371 362 410 400 in
436 363 575 403 uerbis
600 363 755 402 ‘insilio
771 366 784 384 ⁹
814 368 854 402 et
877 363 1086 412 tincipio',
1114 366 1236 411 atque
1258 362 1313 401 ita
1336 362 1421 401 uim
1448 373 1543 402 con-

162 417 349 456 sonantis
382 419 508 467 capit,
541 424 580 458 et
609 418 763 458 idcirco
792 430 840 457 ea
873 419 1033 469 syllaba
1063 417 1307 467 productius
1338 419 1543 467 latiusque

160 473 283 521 paulo
300 474 563 522 pronuntiata
577 474 758 524 priorem
781 475 981 524 syllabam
998 475 1167 513 breuem
1178 484 1273 513 esse
1284 485 1367 513 non
1379 473 1542 524 patitur,

160 529 235 566 sed
251 529 385 568 reddit
402 541 490 568 eam
516 530 655 580 positu
680 532 863 578 longam,
895 535 1202 579 proptereaque
1225 534 1265 568 et
1289 540 1484 569 numerus
1502 529 1541 567 in

158 594 284 622 uersu
311 589 351 623 et
373 585 474 624 ratio
498 597 550 624 ex
571 586 835 635 pronuntiatu
862 591 1009 624 manet.

116 649 139 684 9
237 649 362 696 Haec,
384 662 488 699 quae
507 651 701 698 diximus,
726 663 774 690 eo
801 651 920 690 etiam
941 652 1189 698 conducunt,
1212 656 1276 698 ut,
1300 651 1412 700 quod
1433 649 1543 700 apud

157 703 450 753 Vergilium
475 707 519 744 in
555 712 701 746 sexto
728 707 908 755 positum
929 706 1179 746 inuenimus:

214 782 364 831 Eripe
395 795 472 821 me
504 784 609 830 his,
646 783 867 831 inuicte,
901 785 1045 824 malis
1084 790 1169 823 aut
1198 790 1255 824 tu
1292 783 1410 822 mihi
1442 788 1543 821 ter—

978 852 1079 878 ram

216 893 370 941 Inice,

158 980 215 1018 sic
242 990 335 1018 esse
361 979 551 1027 <iniice',
580 987 625 1019 ut
649 992 775 1030 supra
792 982 895 1033 dixi,
927 986 966 1020 et
983 981 1245 1020 scribendum
1264 986 1303 1020 et
1322 981 1541 1030 legendum

157 1035 354 1082 sciamus,
388 1036 464 1074 nisi
481 1037 570 1085 quis
594 1042 675 1075 tam
690 1037 878 1076 indocilis
897 1042 979 1084 est,
1012 1042 1056 1075 ut
1076 1037 1113 1075 in
1132 1038 1210 1076 hoc
1229 1047 1394 1086 quoque
1410 1038 1542 1077 uerbo

157 1091 230 1129 ‘in'
249 1091 600 1140 praepositionem
619 1093 735 1131 metri
751 1093 879 1142 gratIa
899 1094 1131 1142 protendat.

101 1161 144 1194 10
247 1157 487 1205 Quaerimus
505 1157 624 1206 igitur
640 1158 678 1196 in
698 1158 932 1209 ‘obicibus',
965 1169 987 1196 ο
1013 1158 1126 1197 litera
1144 1169 1224 1207 qua
1240 1158 1396 1198 radone
1412 1158 1538 1197 inten-

159 1211 288 1259 datur,
321 1224 414 1252 cum
431 1213 472 1252 id
485 1215 732 1253 uocabulum
754 1215 906 1252 factum
923 1213 975 1252 sit
998 1225 1020 1251 a
1046 1215 1174 1252 uerbo
1195 1213 1378 1253 ‘obiieio'
1409 1218 1449 1252 et
1471 1225 1540 1252 ne·

158 1279 360 1316 quaquam
383 1269 512 1308 simile
535 1269 606 1318 sit,
640 1271 751 1318 quod
775 1281 797 1307 a
820 1270 948 1308 uerbo
975 1272 1158 1308 ‘moueo'
1193 1272 1362 1309 ‘motus'
1381 1281 1404 1308 0
1422 1269 1540 1307 litera

99 1323 282 1371 lllonga
317 1324 476 1363 dicitur.
531 1325 731 1374 Equidem
762 1324 925 1363 memini
956 1324 1236 1373 Sulpicium
1266 1325 1539 1373 Apollina-

155 1388 278 1425 rem,
312 1379 444 1418 uirum
465 1380 692 1429 praestanti
718 1380 923 1418 literarum
947 1379 1138 1426 scientia,
1171 1379 1348 1419 ‘obicis'
1368 1385 1408 1418 et
1429 1379 1536 1419 ‘obi—

155 1432 290 1472 cibus'
324 1446 347 1473 o
379 1435 497 1473 litera
533 1441 725 1485 correpta
756 1435 913 1481 dicere,
951 1434 989 1473 in
1018 1435 1250 1484 Vergilio
1283 1447 1450 1484 quoque
1477 1435 1538 1474 sic

155 1500 247 1527 eum
275 1490 431 1539 legere:

614 1558 714 1605 Qua
743 1557 790 1596 ui
821 1557 977 1595 maria
1009 1559 1107 1595 alta
1138 1563 1425 1596 tumescant

210 1610 454 1650 Obicibus
493 1613 679 1661 ruptis3

94 1716 138 1750 12
156 1712 231 1750 sed
260 1711 336 1764 ita,
375 1719 420 1751 ut
446 1713 641 1761 diximus,
677 1714 688 1751 i
719 1714 894 1761 literam,
928 1724 1032 1762 quae
1062 1713 1100 1750 in
1131 1713 1333 1752 uocabulo
1368 1725 1539 1763 quoque

151 1766 312 1814 gemina
343 1779 437 1807 esse
467 1769 607 1817 debet,
640 1771 761 1819 paulo
784 1769 951 1808 uberius
972 1768 1207 1817 largiusque
1230 1768 1534 1823 pronuntiabat.

96 1840 139 1875 13
238 1843 477 1891 Congruens
500 1844 620 1893 igitur
643 1850 730 1895 est,
757 1851 801 1883 ut
826 1844 1024 1883 ‘subices'
1050 1843 1190 1890 etiam,
1220 1845 1332 1892 quod
1360 1845 1537 1897 proinde

153 1903 198 1936 ut
229 1897 423 1937 ‘obices'
456 1900 730 1949 compositum
758 1905 842 1951 est,
878 1913 905 1939 u
935 1900 1050 1938 litera
1078 1899 1194 1938 brcui
1220 1899 1299 1938 dici
1330 1905 1533 1949 oporteat.

93 1952 137 1985 14
153 1953 342 1993 Ennius
389 1954 444 1992 in
498 1955 800 2004 tragoedia,
853 1967 959 2005 quae
1003 1954 1238 1994 Achilles
1287 1955 1536 2004 inscribitur,

150 2009 356 2048 subices
387 2022 463 2058 pro
497 2022 592 2050 aere
619 2013 699 2050 alto
728 2011 865 2061 ponit,
898 2011 967 2060 qui
998 2012 1112 2050 caelo
1139 2010 1350 2050 subiectus
1373 2017 1459 2059 est,
1488 2011 1528 2050 in

148 2063 210 2103 his
234 2064 447 2105 uersibus:

437 2160 446 2169 .
515 2161 524 2169 .
595 2133 687 2171 Per
725 2144 816 2181 ego
850 2132 991 2171 deum
1032 2132 1280 2173 sublimis
1315 2134 1533 2176 subices

203 2161 446 2233 7V11iidas,
476 2188 606 2226 unde
629 2186 794 2228 oritur
823 2188 1008 2230 imbei
1037 2186 1219 2227 sonitu
1245 2201 1404 2230 saeuo
1439 2195 1532 2238 eti·

962 2243 1192 2292 strepitu
