1619 2476
180 79 259 120 162
799 75 852 112 V.
882 83 944 112 111.

848 186 913 225 111.

182 274 284 318 Quae
307 281 424 308 causa
441 268 615 316 quodque
639 269 783 304 initium
800 269 916 303 fuisse
935 265 1077 301 dicatur
1096 265 1323 311 Protagorae
1343 263 1390 299 ad
1405 263 1570 311 philoso·
1618 310 1619 314 Ἰ

650 324 761 371 phiae
779 325 905 359 literas
925 320 1104 357 adeundi.
1618 319 1619 324 ’

141 421 160 454 1
264 416 616 462 Protagoram,
647 409 779 448 ulrum
803 408 843 447 in
869 406 1016 447 studiis
1042 404 1321 446 doctrinarum
1345 404 1568 454 egregium,

181 471 297 512 cuius
315 479 465 509 nomen
481 469 623 507 Plato
648 465 749 504 libro
769 476 845 504 suo
864 463 920 502 1111
944 463 1097 502 incluto
1117 459 1380 510 [in]scripsit,
1409 461 1571 500 adules-

182 531 341 567 centem
358 524 470 564 aiunt
486 523 621 563 uictus
640 519 865 571 quaerendi
892 518 1022 569 gratia
1046 518 1085 557 in
1110 517 1375 564 mercedem]
1399 516 1570 556 missum

142 589 163 623 2
181 588 457 630 uecturasque
490 588 661 619 onerum
687 587 864 626 corpore
889 586 965 614 suo
992 572 1264 620 factitauisse,
1296 572 1409 622 quod
1438 583 1570 621 genus

184 637 326 679 Graeci
345 632 682 687 (ἀχθοφόρους
704 637 877 679 uocant,
903 631 1045 669 Latine
1071 628 1280 668 ebaiulos'
1299 630 1569 678 appellamus.

143 701 166 736 3
181 697 220 734 Is
238 695 288 733 de
306 692 494 743 proximo
513 701 608 730 rure
625 689 792 728 Abdera
808 688 846 726 in
866 686 1083 737 oppidum,
1118 684 1233 724 cuius
1255 683 1466 734 popularis
1485 683 1570 730 fuit,

184 749 376 790 caudices
395 747 490 797 ligni
506 745 706 796 plurimos
732 743 913 783 funiculo
936 741 1053 782 breui
1071 741 1347 780 circumdatos
1364 741 1569 790 portabat.

144 807 282 847 4Tum
323 806 428 844 forte
467 800 813 847 Democritus,
853 797 1027 838 ciuitatis
1067 797 1251 836 eiusdem
1284 795 1407 844 ciuis,
1445 796 1570 836 homo

184 866 277 901 ante
309 860 411 900 alios
442 858 604 898 uirtutis
635 861 675 896 et
705 854 991 906 philosophiae
1015 853 1143 903 gratia
1166 853 1450 900 uenerandus,
1481 863 1572 891 cum

185 917 452 967 egrederetur
486 919 602 953 extra
633 913 796 959 urbem,
826 911 939 950 uidet
961 921 1075 958 eum,
1104 920 1195 949 cum
1217 909 1285 948 illo
1303 919 1457 958 genere
1477 918 1573 947 one-

184 973 239 1012 ris
271 978 354 1012 tam
392 970 588 1021 impedito
629 980 676 1007 ac
713 973 795 1006 tam
832 965 1039 1006 incohibili
1072 965 1189 1004 facile
1222 969 1346 1014 atque
1380 963 1574 1013 expedite

183 1029 443 1068 incedentem
485 1031 525 1066 et
561 1036 694 1075 prope
735 1023 894 1063 accedit
933 1028 973 1061 et
1002 1022 1230 1061 iuncturam
1260 1019 1574 1070 posituramque

185 1085 282 1134 ligni
299 1084 399 1123 scite
417 1082 630 1133 periteque
646 1081 792 1119 factam
812 1078 1048 1119 considerat
1070 1076 1273 1127 petitque,
1302 1081 1347 1115 ut
1362 1076 1574 1125 paululum

147 1140 439 1190 5adquiescat.
502 1138 620 1187 Quod
652 1135 721 1176 uhi
750 1136 1085 1184 Protagoras,
1117 1138 1161 1172 ut
1186 1138 1273 1172 erat
1299 1132 1490 1182 petitum,
1519 1130 1594 1170 se-'

188 1197 241 1235 cit
270 1201 392 1245 atque
421 1195 559 1234 itidem
594 1191 913 1232 Democritus
947 1201 1140 1229 aceruum
1167 1189 1279 1228 illum
1307 1192 1347 1227 et
1369 1187 1487 1237 quasi
1511 1198 1574 1227 or-

186 1253 278 1291 bem
306 1251 538 1297 caudicum,
573 1247 689 1288 breui
710 1247 875 1287 uinculo
904 1246 1268 1295 comprehensum,
1293 1243 1452 1283 ratione
1478 1253 1574 1292 qua·

189 1309 281 1346 dam
322 1307 438 1356 quasi
478 1303 729 1355 geometrica
771 1302 907 1352 librari
947 1300 1229 1349 continerique
1274 1298 1573 1346 animaduertit,

187 1361 473 1411 interrogauit,
505 1360 595 1409 quis
619 1359 661 1398 id
684 1358 836 1407 lignum
852 1357 906 1396 ita
925 1355 1251 1405 composuisset,
1277 1360 1316 1394 et
1345 1365 1436 1394 cum
1461 1355 1528 1393 ille
1551 1364 1576 1392 a
1616 1355 1619 1394 ζ

190 1429 236 1459 se
263 1417 537 1467 compositum
562 1414 753 1461 dixisset,
786 1412 1056 1459 desiderauit,
1088 1411 1146 1450 uti
1164 1412 1348 1451 solueret
1365 1421 1414 1449 ac
1436 1411 1572 1450 denuo
1615 1424 1619 1437 ¹

151 1475 229 1521 fiin
265 1474 432 1513 modum
472 1471 647 1511 eundem
686 1471 920 1510 collocaret.
989 1469 1042 1506 At
1087 1471 1310 1517 postquam
1346 1466 1413 1505 ille
1451 1465 1576 1505 soluit
1612 1478 1618 1487 ·

190 1541 238 1568 ac
273 1529 455 1568 similiter
494 1526 748 1576 composuit,
787 1530 873 1564 tum
909 1522 1251 1570 Democritus,
1289 1521 1410 1561 animi
1445 1521 1575 1560 aciem

191 1584 496 1633 sollertiamque
512 1582 686 1622 hominis
704 1593 785 1621 non
805 1579 915 1620 docti
932 1579 1172 1618 demiratus:
1193 1578 1574 1624 <miadu1escens’,
1607 1580 1613 1590 ²

188 1641 337 1690 inquit,
372 1645 489 1679 <cum
521 1638 728 1688 ingenium
759 1634 1059 1675 benefaciendi
1090 1635 1262 1682 habeas,
1296 1638 1391 1673 sunt
1421 1632 1576 1672 maiora
1609 1663 1611 1667 ,

191 1697 462 1745 melioraque,
497 1705 601 1744 quae
626 1695 761 1732 facere
793 1702 952 1731 mecum
978 1689 1161 1740 possis’‚
1197 1688 1449 1738 abduxitque
1481 1699 1574 1727 eum

191 1752 325 1792 statim
347 1762 572 1799 secumque
595 1748 734 1788 habuit
759 1753 798 1787 et
823 1752 1029 1796 sumptum
1059 1744 1302 1784 ministrauit
1331 1749 1370 1783 et
1394 1743 1575 1794 philoso·
1604 1770 1607 1771 ν

191 1808 308 1858 phias
327 1807 466 1846 docuit
486 1811 525 1845 et
542 1816 637 1845 esse
665 1816 756 1843 eum
779 1803 890 1850 fecit,
924 1806 1100 1851 quantus
1118 1806 1266 1850 postea
1283 1799 1388 1839 suin·
1597 1800 1601 1803 ’

159 1871 179 1906 7
278 1865 316 1902 Is
341 1868 476 1902 tamen
498 1862 810 1909 Protagoras
839 1858 1068 1898 insincerus
1095 1855 1257 1905 quidem
1286 1854 1572 1905 philosophus,
1603 1890 1606 1891 γ

193 1919 268 1958 sed
289 1918 511 1957 acerrimus
533 1916 810 1965 sophistarum
834 1914 924 1954 fuit:
959 1912 1172 1963 pecuniam
1191 1911 1342 1961 quippe
1366 1911 1574 1960 ingentem
1600 1922 1608 1939 ·=

194 1986 284 2013 cum
308 1985 331 2012 a
356 1973 566 2022 discipulis
601 1971 805 2020 acciperet
835 1980 1028 2015 annuam,
1060 1967 1330 2017 pollicebatur
1361 1978 1407 2006 se
1435 1966 1476 2005 id
1503 1965 1574 2004 do·

194 2041 306 2077 cere,
336 2040 511 2078 quanam
527 2028 751 2067 uerborum
767 2025 967 2064 industria
984 2034 1108 2063 causa
1134 2022 1332 2061 infirmior
1353 2022 1471 2062 fieret
1493 2022 1573 2060 sor-

190 2084 288 2132 tior,
309 2096 428 2134 quam
446 2095 531 2123 rem
551 2084 704 2122 Graece
721 2081 774 2120 ita
793 2081 971 2120 dicebat:
991 2074 1086 2118 ‘rou
1101 2075 1216 2129 ἥττω
1234 2074 1371 2128 λόγον
1390 2075 1576 2129 κρείττω
1597 2071 1606 2113 ζ

192 2143 368 2178 ποιεῖν’.
1569 2135 1571 2137 ’
