1619 2476
137 29 191 70 84
712 32 760 69 Π.
777 42 883 70 v1111.
902 42 942 70 x.

778 143 901 183 VIIII.

140 228 247 272 Quod
281 229 379 264 idem
411 230 630 266 Plutarchus
668 231 831 266 euidenti
864 231 1075 276 calumpnia
1111 232 1267 267 uerbum
1299 233 1344 268 ab
1371 231 1532 278 Epicuro

610 286 747 322 dictum
776 288 978 322 insectatus
1006 287 1065 322 sit.

101 375 119 408 1
216 368 274 405 In
315 368 490 406 eodem
531 366 658 407 libro
700 369 807 407 idem
845 367 1159 407 Plutarchus
1197 369 1374 409 eundem
1413 369 1503 419 Epi
1519 391 1533 397 -

138 433 308 462 curum
339 423 623 472 reprehendit,
658 425 771 473 quod
793 424 922 463 uerbo
946 435 1049 463 usus
1067 423 1119 462 sit
1141 434 1287 474 parum
1303 425 1474 475 proprio
1493 429 1535 464 et

97 486 120 519 2
136 479 294 518 alienae
308 478 634 528 significationis.
696 481 754 519 [ta
771 480 877 519 enim
895 479 1061 520 scribsit
1077 480 1167 530 Epi
1179 491 1239 521 cu
1251 492 1358 522 rus:
1377 478 1467 546 ‘Op
1479 493 1501 519 ο
1513 494 1533 528 ς

136 548 196 574 το
215 535 246 573 ὗ
279 533 549 599 μεγέθους
581 537 698 575 τῶν
733 530 949 588 ἡδονῶν
985 530 1011 587 ἡ
1051 533 1254 585 παντὸς
1283 537 1394 576 τοῦ
1424 531 1534 576 ἀλ·-

136 591 366 657 γοῦυτος
396 585 758 643 ὑπεξαίρεσις.
822 593 978 634 ‘Non’
1013 591 1163 641 inquit,
1184 587 1401 641 παντὸς
1432 591 1530 632 τοῦ

134 642 304 698 ἄλγοῦ
317 660 406 686 vro
419 662 438 694 ς
455 677 466 697 ‚
506 649 629 687 sed
643 643 808 695 παντὸς
844 648 925 687 τοῦ
957 642 1010 687 ἀ)
1014 648 1194 699 γεινου’
1231 649 1370 689 dicere
1411 660 1533 699 opor-

97 710 119 746 3
138 703 223 743 tuit.
284 703 490 744 Detractio
511 704 618 743 enim
635 704 907 754 significanda
924 709 987 743 cst
1014 704 1190 752 doloris,
1227 707 1356 753 non',
1389 705 1532 754 inquit,

136 764 148 782 ²
163 760 338 800 dolentis
349 763 376 798 ’.

91 823 115 857 4
214 816 338 856 Nimis
358 817 510 856 minute
535 828 582 856 ac
600 828 733 867 prope
758 817 878 856 etiam
905 817 1132 865 subfrigide
1156 817 1466 856 Plutarchus
1491 817 1531 856 in

92 879 112 911 5
129 872 316 922 Epicur
329 884 351 912 ο
384 874 620 912 accusando
656 875 678 912 λ
692 872 846 924 εξιθη
860 886 883 922 ρ
896 878 952 911 εἴ.
1014 874 1098 912 Has
1117 872 1222 911 enim
1241 883 1362 912 curas
1379 883 1530 913 uocum

134 929 442 978 uerborumque
468 929 691 978 elegantias
711 941 793 968 non
812 929 935 968 modo
956 940 1039 968 non
1057 933 1241 968 sectatur
1256 927 1477 979 Epicuru
1491 941 1530 976 s,

136 985 210 1023 sed
234 985 353 1023 etiam
385 985 622 1024 insectatur.

810 1087 860 1127 X.

137 1162 235 1206 Quid
257 1164 332 1198 sint
362 1164 505 1199 [auisac
525 1162 782 1210 Capitolinae3
812 1169 847 1199 et
875 1163 964 1209 quid
987 1174 1100 1209 super
1123 1175 1167 1199 eo
1192 1164 1307 1199 uerbo
1331 1164 1381 1200 M.
1408 1165 1532 1200 Varro

421 1219 552 1256 Seruio
586 1220 751 1265 Sulpicio
785 1220 978 1266 quaerenti
1005 1220 1253 1266 rescripserit.

92 1327 112 1360 1
219 1318 246 1357 S
259 1318 434 1357 eruius
463 1318 727 1368 Sulpicius
747 1350 754 1366 ‚
786 1318 886 1357 iuris
905 1316 1033 1358 ciuilis
1052 1322 1216 1366 auctor,
1249 1318 1312 1357 uir
1328 1317 1435 1357 bene
1448 1318 1533 1358 lite-

134 1378 248 1413 ratus
260 1405 269 1421 ,
288 1374 454 1423 scripsit
471 1375 522 1413 ad
538 1375 591 1413 M.
609 1376 647 1412 V
659 1386 682 1413 a
692 1387 710 1413 r
722 1386 741 1412 r
752 1386 773 1413 ο
786 1386 811 1412 n
824 1386 844 1413 e
855 1386 901 1425 m
917 1374 1183 1423 rogauitque,
1208 1378 1253 1413 ut
1268 1373 1531 1422 rescriberet,

137 1430 235 1480 quid
260 1430 511 1479 significaret
532 1431 724 1478 uerbum,
759 1431 871 1480 quod
894 1430 941 1469 in
967 1441 1087 1469 cens
1104 1429 1234 1470 oriis
1258 1429 1416 1470 libris
1434 1430 1533 1471 scri·
1582 1457 1585 1461 -

96 1493 119 1526 2
135 1491 250 1536 ptum
269 1491 394 1525 esset.
425 1486 471 1525 Id
489 1492 575 1526 erat
591 1487 764 1526 uerbum
784 1486 958 1526 efauisae
977 1486 1260 1536 Capitolinae'.
1289 1487 1452 1527 Varro
1469 1498 1532 1526 re-

134 1542 310 1592 scripsit,
327 1542 367 1581 in
385 1543 583 1582 memoria
600 1543 677 1583 sibi
694 1554 808 1591 esse,
830 1544 943 1592 quod
959 1543 1003 1592 Q.
1024 1543 1209 1590 Catulus,
1229 1546 1396 1582 curator
1415 1543 1533 1582 resti-

133 1598 276 1637 tuendi
294 1599 497 1649 Capitolii,
524 1599 716 1647 dixisset,
747 1599 937 1639 uoluisse
955 1610 1001 1638 se
1017 1609 1154 1637 aream
1178 1598 1446 1648 Capitolinam
1464 1599 1533 1638 de-

134 1655 330 1704 primere,
358 1660 402 1695 ut
418 1655 604 1706 pluribus
622 1656 819 1705 gradibus
842 1655 882 1694 in
900 1656 1046 1694 aedem
1064 1655 1420 1694 conscenderetur
1437 1665 1532 1704 sug·

134 1716 363 1760 gestusque
380 1724 455 1762 pro
480 1712 630 1761 fastigii
647 1711 926 1761 magnitudine
945 1710 1064 1750 altior
1080 1710 1216 1758 fieret,
1244 1709 1320 1750 sed
1335 1710 1473 1750 facere
1490 1710 1532 1749 id

93 1772 116 1806 3
133 1779 216 1807 non
235 1767 401 1817 quisse,
434 1768 631 1817 quoniam
655 1773 666 1791 ³
681 1767 861 1808 fauisae'
880 1766 1165 1817 impedissent.
1225 1766 1272 1805 Id
1288 1777 1384 1806 esse
1406 1768 1531 1806 cellas

136 1824 338 1872 quasdam
366 1829 406 1863 et
436 1825 656 1872 cisternas,
698 1835 803 1873 quae
829 1823 871 1862 in
900 1834 996 1862 area
1023 1823 1101 1862 sub
1130 1826 1241 1862 terra
1265 1827 1428 1871 essent,
1462 1822 1533 1863 ubi

134 1880 281 1929 reponi
299 1881 482 1920 solerent
499 1881 617 1929 signa
632 1885 797 1927 uetera,
831 1890 937 1930 quae
955 1891 1006 1918 ex
1027 1889 1077 1918 eo
1093 1879 1453 1933 templo-collapsa
1468 1890 1532 1919 es·

135 1941 247 1979 sent,
280 1940 353 1983 [e]t
377 1937 455 1975 alia
479 1938 681 1986 quaedam
709 1935 936 1985 religios[a]
963 1947 985 1974 e
1003 1934 1123 1975 donis
1140 1934 1416 1974 consecratis..
1469 1938 1531 1975 Ac

135 1992 285 2031 deinde
316 1994 493 2032 eadem
525 1993 754 2042 epistula
784 1995 910 2041 negat
928 1991 1112 2040 quidem,
1143 2001 1190 2030 se
1214 1991 1254 2030 in
1274 1990 1402 2031 literis
1418 1991 1531 2031 inue-

134 2047 260 2095 nisse,
280 2059 352 2087 cur
370 2049 561 2089 ‘fauisae’
581 2049 714 2089 dictae
737 2048 830 2095 sint,
848 2048 924 2087 sed
935 2048 979 2097 Q.
992 2049 1063 2086 Va
1075 2048 1088 2086 l
1100 2047 1210 2086 eriu
1220 2058 1259 2086 m
1277 2046 1305 2087 S
1317 2057 1340 2086 o
1351 2058 1371 2087 r
1381 2058 1442 2088 an
1453 2059 1479 2088 u
1492 2059 1532 2087 m

135 2104 302 2142 solitum
331 2105 469 2144 dicere
497 2105 569 2153 ait,
605 2117 711 2155 quos
741 2105 1008 2143 ethesauros'
1034 2104 1191 2143 Graeco
1208 2102 1374 2143 nomine
1391 2105 1531 2155 appel-

134 2159 334 2208 larcmus‚
361 2160 523 2210 priscos
546 2161 713 2201 Latinos
741 2159 946 2199 essauisas'
969 2159 1138 2207 dixisse,
1162 2159 1274 2209 quod
1291 2158 1331 2199 in
1348 2171 1424 2200 eos
1446 2172 1529 2200 non
1580 2192 1584 2194 >

135 2215 237 2253 rude
269 2226 339 2255 aes
367 2221 684 2266 argentumque,
725 2217 800 2257 sed
831 2215 927 2254 ssata
958 2216 1201 2265 signataque
1231 2216 1408 2266 pecunia
1434 2227 1531 2256 con-
