1635 2492
416 26 522 66 XIII.
539 35 678 65 xx1111.
695 36 795 63 xxv,
817 27 958 71 (xxm.
970 26 1130 69 XXIIII.)
1421 23 1477 64 95

594 194 756 235 XXIIII.
784 193 966 242 (XXIII.)

67 278 201 326 [Marci
223 277 393 322 Catonis,
430 276 641 313 consularis
671 279 708 311 et
734 274 917 319 censorii,
947 271 1204 320 pulcherrima
1235 273 1476 319 ‘exprobratio

318 338 450 371 contra
470 332 784 381 philosophantes
812 330 962 366 nomine
988 333 1023 365 et
1045 340 1121 365 non
1148 329 1221 373 re.]

144 418 200 457 M.
224 418 347 457 Cato
363 449 372 465 ,
405 415 638 457 consularis
657 420 698 455 et
715 413 955 461 censorius,
987 411 1160 463 publicis
1184 413 1265 452 iam
1288 410 1479 461 priuatis·
1496 405 1515 439 l

66 485 148 524 que
178 473 386 525 opulentis
420 474 566 520 rebus,
601 472 718 512 uillas
750 482 848 511 suas
885 470 1118 509 inexcultas
1154 475 1195 510 et
1235 468 1385 516 rudes,
1426 479 1479 508 ne

65 530 238 573 tectorio
264 530 432 581 quidem
448 529 644 580 praelitas
663 528 793 568 fuisse
812 526 910 566 dicit
926 527 979 566 ad
1000 537 1154 566 annum
1170 536 1308 574 usque
1331 524 1478 564 aetatis

65 598 168 628 suae
200 586 599 638 septuagensimum.
659 587 801 635 Atque
825 583 880 623 ibi
900 589 1053 634 postea
1072 583 1135 623 his
1161 581 1304 622 uerbis
1329 581 1475 621 utitur:

64 645 258 694 Neque,
290 642 442 694 inquit,
475 642 592 683 mihi
627 640 939 682 aedificatio
971 651 1141 690 neque
1177 650 1358 679 uasum
1394 649 1478 678 ne-

66 711 164 750 que
222 700 595 740 uestimentum
644 700 807 738 ullum
873 702 953 737 est
1010 695 1477 747 manupretiosum,

64 769 233 807 neque
293 756 571 808 pretiosus
634 766 852 802 seruus,
904 765 1076 804 neque
1135 752 1348 793 ancilla.
1426 751 1479 792 Si

64 813 186 864 quid
223 818 330 862 est,
376 813 529 864 inquit,
579 813 715 863 quod
756 816 886 859 utar,
929 816 1078 858 utor,
1134 810 1182 850 si
1223 820 1321 849 non
1368 814 1476 856 est,

63 874 240 921 eg[e]o.
324 870 512 920 Su[u]m
555 869 747 919 cuique
799 879 891 918 per
937 879 1009 907 me
1053 867 1128 907 uti
1170 872 1324 916 atque
1370 865 1479 904 frui

63 927 205 967 licet.
281 928 384 967 Tum
449 927 600 967 deinde
663 924 804 965 addit:
861 924 1005 964 Vitio
1056 928 1299 970 uertunt,
1357 922 1479 972 quia

63 985 224 1024 multa
258 995 405 1033 egeo;
451 990 499 1023 at
530 995 623 1034 ego
663 982 795 1030 illis,
847 981 966 1031 quia
1002 985 1275 1032 nequeunt
1306 990 1476 1029 egere.

62 1041 178 1080 Haec
197 1051 312 1080 mera
328 1041 483 1081 ueritas
500 1039 724 1081 Tusculani
740 1038 940 1087 hominis,
973 1049 1098 1088 cgere
1120 1049 1167 1078 se
1194 1036 1332 1077 multis
1350 1036 1477 1075 rebus
1494 1033 1517 1067 2

65 1102 106 1137 et
128 1096 227 1136 nihil
247 1102 386 1137 tamen
411 1109 566 1148 cupere
584 1095 782 1144 dicentis,
813 1097 908 1146 plus
933 1096 1072 1135 hercle
1087 1098 1309 1144 promouet
1339 1093 1392 1131 ad
1411 1104 1479 1132 ex-

64 1154 312 1194 hortandam
351 1153 650 1205 parsimoniam
682 1151 1058 1202 sustinendamque
1101 1150 1306 1201 inopiam,
1355 1160 1477 1199 quam

66 1211 250 1250 Graecae
280 1210 455 1251 istorum
484 1209 757 1261 praestigiae,
795 1208 1083 1259 philosophari
1127 1219 1223 1248 sese
1256 1205 1480 1246 dicentium

64 1267 320 1317 umbrasque
343 1268 568 1308 uerborum
587 1267 733 1306 inanes
750 1264 1016 1316 fingentium,
1047 1265 1117 1315 qui
1136 1276 1182 1304 se
1203 1263 1301 1303 nihil
1323 1263 1478 1302 habere

65 1329 107 1363 et
129 1323 227 1363 nihil
248 1328 386 1364 tamen
413 1335 537 1375 egere
553 1335 602 1363 ac
619 1323 718 1363 nihil
742 1333 897 1373 cupere
923 1322 1077 1363 dicunt.
1112 1333 1204 1361 cum
1228 1326 1267 1360 et
1282 1319 1476 1360 habendo

65 1386 106 1420 et
123 1381 285 1430 egendo
315 1386 355 1421 et
379 1381 586 1432 cupiendo
613 1380 800 1420 ardeant.

592 1493 721 1534 XXV.
755 1492 957 1541 (XXIIII.)

69 1571 290 1616 Quaesitum
318 1577 613 1620 tractatumque,
645 1572 736 1619 quid
760 1572 835 1608 sint
863 1572 1083 1616 manubiae3
1118 1576 1227 1619 atque
1256 1571 1344 1607 inibi
1376 1571 1475 1608 dicta

123 1629 310 1675 quaedam
328 1630 374 1666 de
392 1631 536 1666 ratione
559 1629 685 1666 utendi
706 1629 829 1665 uerbis
848 1629 1018 1675 pluribus
1037 1628 1138 1664 idem
1161 1628 1474 1676 significantibus.

150 1716 195 1754 In
227 1713 399 1764 fastigiis
430 1714 507 1754 fori
538 1713 701 1753 Traiani
727 1712 949 1753 simulacra
982 1719 1079 1754 sunt
1100 1713 1179 1753 sita
1201 1713 1476 1754 circumundi·
1495 1717 1514 1750 1

11 1768 30 1794 9
67 1783 147 1822 que
179 1771 368 1811 inaurata
407 1782 612 1821 equorum
658 1775 784 1819 atque
826 1771 1041 1820 signorum
1080 1769 1332 1818 militarium3
1380 1771 1476 1810 suh-

65 1828 266 1868 scribtum
302 1832 386 1868 est:
428 1839 488 1867 ex
525 1827 797 1867 manubiis,
875 1827 1109 1876 Quaerebat
1160 1826 1516 1876 Fauorinus,2

7 1899 10 1901 ·
36 1934 39 1936 ,
66 1896 159 1925 cum
189 1885 231 1925 in
255 1895 352 1924 area
377 1884 455 1925 fori
484 1885 714 1924 ambularet
736 1889 776 1922 et
807 1883 983 1922 amicum
1007 1895 1129 1923 suum
1163 1885 1382 1923 consulem
1405 1895 1478 1934 op-

68 1941 272 1990 periretur
308 1952 457 1982 causas
488 1953 566 1992 pro
597 1940 792 1980 tribunali
819 1946 1146 1990 cognoscentem
1181 1951 1346 1989 nosque
1377 1945 1477 1980 tunc

0 2011 6 2050 j
67 2009 162 2038 eum
185 2003 463 2047 sectaremur,
490 1999 738 2048 quaerebat,
770 1997 961 2047 inquam,
994 1997 1092 2047 quid
1118 1997 1239 2037 nobis
1262 1996 1478 2036 uideretur

0 2061 8 2067 '
68 2054 304 2105 significare
333 2055 504 2106 proprie
527 2054 846 2095 ‘manubiarum'
863 2054 931 2093 illa
950 2053 1181 2104 inscriptio.
1244 2054 1347 2093 Tum
1367 2053 1474 2104 quis·
1492 2057 1515 2092 3

67 2110 190 2160 piam,
209 2112 279 2162 qui
300 2123 393 2152 cum
409 2124 458 2153 eo
474 2118 574 2161 erat,
605 2113 730 2152 homo
755 2111 795 2150 in
814 2110 960 2150 studiis
985 2111 1196 2151 doctrinae
1214 2109 1331 2150 multi
1352 2115 1478 2160 atque

70 2168 264 2208 celebrati
287 2169 486 2209 nominis:
525 2173 536 2192 ³
551 2172 633 2209 ‘ex
655 2181 694 2207 m
705 2180 762 2207 an
774 2180 796 2208 u
809 2166 947 2215 biis',
970 2167 1119 2218 inquit,
1154 2170 1165 2189 ς
1179 2166 1386 2217 significat
1407 2171 1478 2206 ‘ex

70 2226 266 2272 praeda’;
291 2226 542 2265 ‘manubiae’
563 2225 670 2265 enim
693 2225 885 2264 dicuntur
901 2225 1069 2274 praeda,
1091 2235 1196 2274 quae
1214 2235 1339 2264 manu
1357 2228 1477 2273 capta
