1635 2492
658 29 764 68 X111.
783 39 987 68 111.1111.v.
1124 31 1126 33 ’
1476 29 1530 73 73

107 139 368 181 cessitate
398 153 498 182 non
537 141 740 191 labore,
774 153 874 182 non
908 153 1096 193 opera,
1128 155 1227 184 non
1263 143 1530 185 industria

106 197 359 238 defuisse.

192 253 286 295 Hoc
311 265 391 305 ego
414 253 565 296 scribsi
593 256 648 296 de
667 255 888 306 utriusque
920 255 1115 297 uocabuli
1141 256 1432 307 indifferentia,
1461 260 1530 299 ad·
1547 261 1570 297 6

107 310 291 352 monitus
314 313 423 352 sorte
443 311 562 352 uerbi
577 312 712 360 istius,
744 323 837 352 cum
859 314 1042 363 legerem
1061 313 1173 354 Sem
1185 325 1313 364 pron
1329 315 1363 354 ii
1378 317 1530 356 Asel·

105 367 293 417 lionis,
339 369 496 410 ueteris
547 369 785 417 scribtoris‚
839 377 1079 420 quartum
1112 382 1173 410 ex
1204 371 1433 412 historia
1469 372 1529 412 li-

104 423 273 474 brum,
304 424 346 465 in
364 437 448 476 quo
476 426 529 465 de
552 426 596 466 P.
620 427 845 479 Africano,
875 427 990 467 Pauli
1014 427 1121 476 filio,
1146 427 1202 467 ita
1225 428 1424 468 scribtum
1443 434 1526 469 est:

103 481 227 521 Nam
256 492 312 522 se
340 488 541 533 patrem
566 495 709 525 suum
740 483 960 524 audisse
984 484 1167 524 dicere
1189 485 1233 524 L.
1257 486 1528 525 Aemilium

102 537 346 587 Paulum,
392 539 543 580 nimis
579 540 768 582 bonum
806 541 1174 591 imperatorem
1211 542 1381 591 signis
1411 553 1528 582 con-

104 593 230 634 latis
262 606 362 636 non
395 597 691 647 decertare,
717 598 818 638 nisi
849 609 1039 638 summa
1071 598 1412 639 necessitudo
1444 604 1530 638 aut

106 661 298 691 summa
328 653 544 694 occasio
571 654 690 696 data
721 660 876 696 esset.

769 781 854 820 1111.

537 860 734 908 Descripta
756 861 965 898 Alexandri
995 862 1021 908 [.
1038 888 1046 898 .
1060 888 1068 898 .
1083 863 1108 907 .]

193 935 239 975 ln
271 935 486 987 plerisque
507 936 772 977 monimentis
797 947 934 977 rerum
964 937 1015 977 ab
1039 938 1284 978 Alexandro
1311 946 1525 988 gestarum
1545 950 1562 983 1

104 995 145 1031 et
176 993 305 1043 paulo
330 997 426 1033 ante
456 993 504 1034 in
536 993 672 1033 libro
705 994 759 1033 M.
793 993 1070 1042 Varronis,
1103 993 1173 1044 qui
1204 994 1428 1037 inscribtus
1463 1003 1528 1038 est

104 1047 320 1089 Orestes
351 1050 434 1090 uel
470 1051 529 1090 de
560 1050 791 1098 insania,
826 1051 1115 1101 Olympiadem
1142 1051 1318 1102 Philippi
1349 1065 1524 1094 uxorem

103 1105 378 1146 festinissime
395 1107 668 1147 rescribsisse
690 1107 866 1157 legimus
884 1108 1128 1149 Alexandro
1152 1108 1250 1148 filio.
1311 1110 1413 1149 Nam
1432 1122 1524 1150 cum
1542 1121 1565 1155 2

103 1160 140 1201 is
164 1162 219 1201 ad
247 1167 422 1203 matrem
446 1163 502 1203 ita
525 1164 869 1213 (re)scribsisset:
902 1165 1009 1204 Rex
1032 1165 1351 1213 Alexander,
1382 1168 1523 1208 Iouis

105 1219 402 1260 Hammonis
451 1220 621 1269 silius,
666 1221 961 1272 Olympiadi
1005 1221 1155 1260 matri
1193 1222 1414 1263 salutem
1453 1225 1523 1264 di-

107 1274 201 1323 cit,
221 1275 436 1327 Olympias
453 1276 491 1318 ei
507 1277 724 1318 rescribsit
740 1279 793 1317 ad
810 1279 917 1318 hanc
935 1277 1204 1318 sententiam:
1227 1280 1381 1319 Amab
1394 1292 1438 1328 o,
1467 1281 1524 1321 in-

106 1331 214 1382 quit,
258 1332 329 1372 mi
373 1333 477 1382 fili,
523 1334 769 1384 quiescas
804 1346 973 1385 neque
1001 1335 1210 1374 deseras
1243 1347 1324 1376 me
1355 1348 1525 1388 neque

101 1387 382 1430 criminere
412 1391 690 1432 aduersum
717 1393 989 1432 Iunonem:
1023 1392 1202 1431 malum
1231 1392 1350 1432 mihi
1377 1406 1523 1444 pror-

100 1456 189 1486 sus
217 1445 313 1486 illa
341 1458 578 1498 magnum
607 1448 780 1497 dabit,
831 1460 936 1489 cum
981 1453 1040 1488 tu
1085 1459 1167 1488 me
1211 1449 1386 1490 literis
1416 1451 1522 1491 tuis

98 1501 327 1552 pelicem
353 1515 473 1544 esse
502 1504 582 1544 illi
612 1505 910 1546 confiteris.
971 1506 1032 1545 Ea
1069 1504 1253 1545 mulieris
1294 1507 1424 1547 scitae
1455 1514 1560 1550 {tt-3

102 1570 184 1608 que
214 1560 435 1610 prudentis
465 1572 566 1611 erga
594 1563 778 1602 ferocem
822 1562 951 1602 filium
986 1562 1161 1602 comitas
1193 1563 1348 1603 sensim
1381 1569 1422 1603 et
1453 1575 1521 1604 co-

102 1615 224 1656 miter
245 1617 520 1658 admonuisse
544 1629 639 1658 eum
674 1619 767 1659 uisa
790 1625 873 1666 est,
909 1619 1205 1669 deponendam
1230 1629 1328 1659 esse
1361 1620 1520 1670 opinio-

100 1683 197 1712 nem
231 1684 403 1723 uanam,
443 1685 568 1725 quarn
601 1675 669 1716 ille
698 1675 936 1725 ingentibus
965 1675 1150 1716 uictoriis
1185 1680 1226 1714 et
1263 1676 1519 1717 adulantium

100 1729 394 1772 blandimentis
412 1736 454 1771 et
468 1732 596 1772 rebus
620 1743 750 1783 supra
766 1732 891 1772 fidem
916 1732 1135 1783 prosperis
1152 1730 1377 1782 inhiberat,
1406 1734 1518 1784 geni-

99 1791 189 1826 tum
220 1797 318 1828 esse
351 1799 450 1829 sese
474 1789 527 1829 de
556 1790 671 1830 Ioue.

780 1892 833 1933 V.

100 1965 155 2003 De
179 1967 384 2007 Aristotele
416 1975 453 2007 et
477 1970 740 2020 Theophrasto
771 1976 808 2008 et
827 1972 1065 2018 Menedemo,
1095 1973 1357 2022 philosophis3
1391 1975 1513 2023 deque

112 2057 114 2059 .
157 2025 323 2072 eleganti
367 2027 599 2065 uerecundia
639 2029 855 2066 Aristotelis
897 2041 1162 2067 successorem
1199 2031 1383 2068 diatribae
1420 2043 1512 2069 suae

158 2081 347 2129 eligentis.

186 2181 520 2225 Aristoteles
545 2185 849 2237 philosophus,
877 2197 1011 2225 annos
1042 2186 1123 2229 iam
1152 2188 1239 2227 sere
1275 2193 1399 2228 natus
1432 2188 1515 2229 duo
1534 2196 1553 2229 1

101 2241 144 2276 et
172 2240 404 2290 sexaginta,
439 2252 619 2292 corpore
641 2253 769 2292 aegro
799 2243 1052 2293 adfectoque
1081 2255 1130 2283 ac
1158 2255 1236 2294 spe
1258 2244 1369 2285 uitae
1400 2246 1514 2285 tenui
