1603 2508
619 57 667 96 11.
694 70 798 99 xxii.
827 73 948 102 xxm.
1440 73 1493 115 97

157 161 329 201 Praeter
353 164 432 204 hos
457 171 616 215 autem,
644 181 752 218 quos
780 172 883 221 dixi,
905 182 1003 216 sunt
1021 178 1088 218 alii
1103 181 1360 230 plurifariam
1377 189 1492 228 uenti
1505 197 1550 231 25

73 218 353 258 commenticii
378 225 420 260 ct
441 233 544 262 suae
572 225 751 276 quisque
778 230 962 279 regionis
989 233 1229 288 indigenae,
1255 246 1301 280 ut
1317 244 1491 285 estHo-

70 273 312 315 ratianus
345 288 515 328 quoque
537 280 604 320 ille
637 284 896 335 ‘atabulus’,
937 301 1044 338 quos
1073 292 1193 342 ipsos
1227 308 1397 348 quoque
1421 312 1489 341 ex-

70 335 270 372 ecuturus
289 333 346 372 fui
357 347 367 381 3
387 335 730 389 addidissemque
749 353 836 390 eos,
856 345 925 393 qui
942 350 952 368 ³
966 348 1146 389 etesiae'
1166 356 1207 391 et
1225 356 1236 375 ‘
1246 356 1485 404 prodromi'

66 388 381 438 appellitantur,
410 392 480 441 qui
497 399 611 434 certo
635 401 825 447 tempore
846 403 964 451 anni,
1002 416 1095 445 cum
1116 408 1230 448 canis
1260 411 1408 463 oritur,
1435 426 1488 455 ex

3 471 7 476 .
67 443 151 484 alia
167 449 294 496 atque
312 447 391 487 alia
406 454 525 498 parte
544 452 646 491 caeli
664 454 842 504 spirant,
870 459 1141 512 rationesque
1160 467 1344 508 omnium
1360 482 1485 511 uoca-

66 499 280 551 bulorum,
308 505 504 554 quoniam
526 509 621 557 plus
643 513 769 560 paulo
789 514 949 564 adhibi,
967 518 1233 571 effudissem,
1260 525 1339 564 nisi
1358 530 1485 568 multa

4 585 6 587 -
63 556 146 597 iam
160 571 318 609 prosus
337 562 528 603 omnibus
546 566 668 606 uobis
688 568 956 613 reticentibus
974 576 1105 616 uerba
1122 578 1317 621 fecissem
1334 615 1342 631 ,
1364 586 1483 634 quasi

64 614 186 655 fieret
216 628 241 656 a
268 628 335 656 me
366 612 582 672 ἀκρόασις
612 619 900 681 ἐπιδεικτική.
957 632 1000 670 111
1027 634 1221 675 conuiuio
1247 645 1385 680 autem
1403 643 1480 682 fre-
1494 650 1539 686 26

8 687 9 693 =
65 671 338 724 quentiloqui
355 677 493 716 solum
508 689 655 728 unum,
679 693 817 732 neque
834 685 1058 729 honestum
1084 695 1184 740 est',
1208 693 1360 746 inquit,
1387 702 1479 738 ‘ne-

65 739 147 778 que
165 732 432 772 commodum
443 736 471 773 ⁹.

148 786 262 827 Haec
279 788 401 829 nobis
419 790 553 832 Fauo
568 793 711 834 rinus
730 795 770 835 in
797 809 869 847 eo,
900 804 1014 850 quod
1033 804 1136 855 dixi,
1158 813 1346 860 tempore
1365 815 1477 863 apud
1492 820 1535 854 ‘22‘

59 852 248 884 mensam
265 856 385 886 suam
401 858 564 888 summa
581 861 674 890 cum
692 854 897 904 elegantia
914 861 1141 903 uerborum
1158 866 1375 918 totiusque
1393 881 1478 910 ser-

58 899 194 940 monis
214 902 408 943 comitate
431 909 555 955 atque
572 908 704 957 gratia
723 911 974 955 denarrauit.
1024 918 1130 969 Sed,
1151 925 1265 971 quod
1283 925 1358 974 ait,
1376 938 1474 967 11011-
1489 935 1535 971 28

55 960 164 1005 tum,
185 957 255 1007 qui
273 965 452 1001 exterra
475 963 605 1003 Gallia
621 965 760 1015 flaret,
792 973 803 991 ²
817 969 1009 1012 circium'
1029 979 1250 1028 appellari,
1277 983 1330 1021 M.
1352 984 1474 1025 Cato

54 1010 104 1051 in
142 1013 296 1055 libris
342 1018 599 1068 originum
638 1033 731 1062 eum
763 1032 935 1068 uentum
972 1034 1202 1074 <cercium'
1235 1038 1351 1087 dicit,
1390 1053 1471 1081 non

55 1068 292 1111 ‘circium’.
337 1074 440 1114 Nam
465 1087 559 1116 cum
585 1078 636 1117 de
655 1079 852 1131 Hispanis
879 1087 1101 1138 scriberet,
1130 1092 1201 1141 qui
1227 1094 1328 1134 citra
1348 1097 1469 1137 Hibc-
1485 1105 1529 1140 29

52 1137 146 1165 rum
163 1129 322 1177 colunt,
341 1131 473 1172 uerba
489 1133 592 1173 haec
607 1137 767 1184 posuit:
806 1140 934 1181 Sunt
963 1144 1010 1183 in
1044 1146 1129 1187 his
1160 1151 1471 1200 regionibus

52 1182 344 1235 ferrareae,
396 1190 824 1239 argentifodinae
871 1201 1280 1255 pulcherrimae,
1327 1222 1470 1251 mons

51 1249 112 1278 cx
150 1242 259 1280 sale
300 1255 437 1285 mero
479 1258 709 1297 magnus:
761 1262 1002 1303 quantum
1034 1260 1227 1311 demas,
1274 1270 1468 1307 tantum

50 1296 333 1339 adcrescit.
398 1302 596 1345 Ventus
632 1309 857 1359 cercius,
910 1325 1016 1354 cum
1064 1318 1303 1370 loquare,
1350 1324 1467 1363 buc-

50 1362 153 1392 cam
190 1354 387 1406 implet,
432 1367 679 1402 armatum
718 1366 996 1420 hominem,
1045 1375 1333 1424 plaustrum
1383 1381 1467 1421 110-

8 1447 10 1449 ,
47 1416 284 1452 neratum
313 1418 581 1464 percellit.

135 1467 257 1516 Quod
281 1481 409 1520 supra
431 1479 571 1516 autem
596 1478 698 1526 dixi,
730 1477 905 1533 ἐτησίας
935 1497 988 1525 ex
1011 1487 1089 1527 alia
1106 1495 1232 1539 atque
1256 1492 1334 1532 alia
1362 1495 1463 1534 caeli
1476 1502 1523 1537 30

47 1529 164 1572 parte
181 1525 303 1575 flare,
329 1527 428 1568 haut
444 1531 531 1572 scio
550 1545 602 1573 an
621 1542 790 1577 secutus
811 1540 1049 1589 opinionem
1066 1547 1289 1588 multorum
1305 1555 1461 1591 temere

44 1577 234 1622 dixerim.
278 1584 323 1622 Ρ.
344 1585 452 1626 enim
476 1589 664 1639 Nigidii
696 1593 743 1632 in
776 1599 1010 1639 secundo
1044 1603 1315 1654 librorum,
1351 1615 1512 1657 quos31

45 1635 104 1675 de
133 1643 288 1680 uento
323 1645 580 1695 composuit,
612 1650 742 1689 uerba
775 1652 876 1692 haec
912 1661 1028 1696 sunt:
1066 1659 1125 1698 Et
1158 1657 1375 1713 ἐτησίαι
1413 1671 1462 1704 et

42 1695 215 1734 austri
246 1698 604 1743 anniuersarii
636 1710 868 1748 secundo
910 1714 1021 1752 sole
1061 1715 1204 1756 flant.
1263 1719 1457 1760 Conside-

41 1751 218 1796 randum
237 1752 363 1803 igitur
380 1762 463 1806 est,
489 1759 587 1808 quid
605 1761 658 1802 sit
682 1775 735 1803 se
750 1775 842 1804 cun
856 1766 916 1806 do
943 1771 1067 1809 sole.

674 1876 816 1918 XXIII.

0 1960 6 1978 ε
41 1942 270 1984 Consultatio
298 1950 593 2002 diiudicatioque
612 1958 780 1995 locorum
800 1963 897 1998 sacta
915 1975 962 1999 ex
979 1967 1178 2003 comoedia
1195 1969 1394 2006 Menandri
1417 1978 1452 2007 et

359 2007 532 2056 Caecilii,
558 2024 655 2060 quac
674 2016 840 2054 Plocium
858 2020 1039 2068 inscripta
1057 2028 1127 2059 cst.

124 2090 426 2137 Comoedias
452 2099 685 2143 lectitamus
718 2111 1013 2147 nostrorum
1037 2117 1309 2159 poetarum
1334 2126 1442 2155 sum-
1461 2125 1480 2159 1

0 2159 11 2182 a
34 2148 130 2195 ptas
153 2158 202 2187 ac
218 2159 364 2191 uersas
391 2154 443 2193 de
460 2156 651 2207 Graecis,
670 2161 947 2203 Menandro
978 2167 1352 2221 autPosidippo
1377 2179 1448 2212 aut

0 2223 12 2247 ,ι
34 2201 365 2251 Apollodoro
391 2215 462 2250 aut
484 2214 707 2255 Alexide
739 2223 780 2257 et
805 2220 1053 2268 quibusdam
1077 2223 1175 2264 item
1199 2227 1287 2267 aliis
1323 2229 1446 2268 comi-

3 2259 15 2297 ·.“
35 2255 110 2297 cis.
157 2259 320 2312 Neque,
344 2275 437 2306 011111
454 2269 627 2318 legimus
652 2283 744 2322 eas,
763 2274 931 2316 nimium
948 2289 1050 2319 sane
1068 2280 1310 2379 displipenn
1345 2285 1441 2335 quin
1456 2294 1478 2327 2

34 2334 38 2342 ·
91 2315 260 2356 Gmmvs.
