1619 2476
131 64 184 105 16
555 65 703 102 INDEX
745 64 1107 102 stAPITVLORVM.

244 179 309 215 VI.
356 178 511 215 Temere
544 179 740 225 inepteque
777 177 1050 224 reprehensum
1089 187 1176 213 esse
1207 188 1230 214 a
1261 157 1354 213 Iulio
1390 177 1541 225 Hygino

133 236 361 283 Vergilium,
381 235 481 282 quod
496 240 696 282 praepetes
714 234 873 270 Daedali
889 244 1037 280 pennas
1055 233 1148 270 dixit
1159 244 1170 279 ;
1202 238 1312 281 atque
1332 233 1434 278 inibi,
1452 234 1543 281 quid

133 292 206 328 sint
230 303 320 328 aues
345 297 545 339 praepetes
573 296 608 327 et
632 291 722 337 quid
748 291 833 326 illae
859 291 933 327 sint
950 300 1062 336 aues,
1095 301 1188 337 quas
1208 289 1382 337 Nigidius
1399 291 1541 327 Inferas
1590 319 1598 340 :-

135 349 353 396 appellauit.

248 405 328 440 VII.
361 405 412 439 De
443 404 547 440 Acca
571 404 747 439 Larentia
772 407 807 439 et
831 402 925 439 Gaia
948 402 1131 447 Taracia3
1163 403 1285 450 deque
1311 403 1456 451 origine
1483 414 1543 441 sa-
1593 395 1607 404 “

134 461 290 497 cerdotii
309 463 464 497 fratrum
484 461 681 496 arualium.

247 518 343 553 VIII.
372 517 508 553 Notata
525 516 714 563 quaedam
733 515 778 552 de
804 526 895 565 rege
911 515 1132 552 Alexandro
1157 519 1193 552 et
1220 515 1266 552 de
1291 517 1333 552 P.
1349 515 1540 563 Scipione,

135 578 343 611 memoratu
361 573 487 620 digna.

252 630 360 666 VIIII.
402 631 523 665 Locus
549 633 746 676 exemptus
773 639 820 664 ex
846 629 1043 666 annalibus
1068 629 1109 664 L.
1127 629 1275 665 Pisonis
1299 628 1481 666 historiae
1508 634 1544 665 et
1599 622 1602 625 ¹

136 687 317 723 orationis
336 685 609 733 lepIdissimae.

247 742 293 780 X.
322 743 487 778 Historia
513 753 626 789 super
641 741 799 777 Euclida
817 740 1032 786 Socratitzo,
1063 742 1169 777 cuius
1199 741 1371 788 exemplo
1395 740 1542 778 Taurus

135 799 385 847 philosophus
416 799 557 835 hortari
589 798 853 834 adulescentes
888 809 978 834 suos
1015 798 1147 834 solitus
1183 797 1232 834 ad
1261 797 1544 845 philosophiam
1595 808 1598 810 ’

137 857 282 892 nauiter
303 855 534 891 sectandam.

249 911 313 947 XI.
349 912 472 947 Verba
510 921 557 946 ex
588 911 755 946 oratione
788 909 832 954 Q.
866 911 1004 946 Metelli
1044 909 1252 954 Numidici,
1298 920 1394 956 quae
1439 910 1545 946 libuit

137 968 354 1004 meminisse
366 996 374 1011 ‚
395 967 443 1003 ad
460 966 623 1002 officium
643 967 839 1013 grauitatis
857 966 1125 1013 dignitatisque
1142 967 1243 1003 uitae
1261 965 1451 1003 ducentia.

250 1024 330 1059 XII.
363 1023 472 1068 Quod
491 1034 610 1069 neque
637 1026 921 1065 testamentum,
950 1024 1057 1059 sicuti
1084 1022 1240 1060 Seruius
1265 1021 1455 1070 Sulpicius
1480 1033 1544 1058 ex-

139 1081 336 1124 istimauit,
378 1091 497 1126 neque
530 1080 730 1122 sacellum,
765 1079 873 1114 sicuti
905 1076 946 1115 C.
976 1079 1190 1124 Trebatius,
1230 1079 1396 1126 duplicia
1427 1080 1546 1116 uerba

139 1141 243 1180 sunt,
266 1137 335 1172 sed
361 1148 382 1172 a
400 1136 596 1172 testatione
621 1135 843 1181 productum
870 1136 1080 1180 [alterum],
1115 1137 1271 1172 alterum
1300 1146 1321 1172 a
1347 1146 1456 1172 sacro
1480 1136 1545 1171 im·

138 1195 331 1229 minutum.

251 1249 346 1284 XIII.
378 1248 430 1284 De
449 1249 767 1294 quaestiunculss,
797 1247 898 1294 apud
914 1247 1078 1284 Taurum
1101 1237 1372 1294 philosophum
1395 1249 1432 1284 in
1459 1259 1545 1284 con-
1591 1226 1602 1272 ξ’

138 1305 240 1341 uiuio
259 1305 426 1351 agitatis,
447 1315 542 1350 quae
562 1304 796 1351 sympoticae
815 1308 1010 1340 uocantur.

251 1361 363 1396 XIIII.
393 1360 622 1396 Poeniendis
654 1360 821 1406 peccatis
853 1364 928 1395 tres
959 1371 1046 1396 esse
1071 1361 1236 1396 rationes
1263 1371 1285 1396 a
1307 1360 1545 1408 philosophis
1583 1353 1586 1356 ’

141 1418 356 1461 attributas3
383 1421 419 1452 et
450 1418 691 1463 quamobrem
716 1418 821 1452 Plato
855 1416 1013 1463 duarum
1046 1427 1093 1452 ex
1121 1416 1181 1452 his
1215 1417 1442 1462 meminerit,
1473 1428 1547 1454 non
1614 1435 1615 1438 ¹

139 1475 262 1510 trium.

253 1529 337 1565 XV.
367 1530 420 1565 De
439 1531 554 1565 uerbo
573 1530 726 1575 quiesco
739 1557 747 1573 ‚
768 1539 814 1565 an
833 1540 852 1563 e
870 1529 977 1565 litera
994 1530 1131 1576 corripi
1154 1541 1202 1566 an
1219 1529 1379 1576 produci
1397 1529 1547 1566 debeat.
1613 1555 1619 1571 ,.

252 1586 354 1621 XVI.
386 1586 553 1622 Verbum
571 1586 754 1632 deprecor
772 1596 793 1621 a
810 1590 923 1632 poeta
940 1584 1082 1622 Catullo
1100 1587 1275 1622 inusitate
1293 1585 1457 1633 quidem,
1478 1585 1548 1622 sed
1611 1595 1619 1622 12

142 1646 227 1689 apte
252 1643 418 1689 positum
448 1646 483 1677 et
505 1642 678 1688 proprie;
712 1642 833 1688 deque
864 1642 1007 1678 ratione
1039 1643 1120 1678 eius
1151 1644 1257 1679 uerbi
1288 1643 1548 1688 exemplisque
1577 1653 1588 1665 ·
1615 1641 1619 1691 s

140 1703 311 1734 ueterum
329 1699 565 1745 scriptorum.

253 1754 369 1790 XVII.
402 1754 492 1799 Quis
512 1755 676 1790 omnium
692 1755 834 1802 primus
859 1755 975 1791 libros
1003 1756 1151 1802 publice
1175 1754 1391 1802 praebuerit
1418 1755 1548 1801 legen·
1613 1731 1619 1753 ι’

143 1811 234 1855 dos;
266 1815 500 1857 quantusque
536 1822 713 1847 numerus
746 1812 856 1846 suerit
882 1811 1042 1848 Athenis
1069 1816 1169 1852 ‚ante
1210 1810 1341 1847 clades
1370 1811 1547 1847 Persicas

142 1867 319 1902 librorum
337 1868 374 1902 in
389 1867 626 1903 bibliothecis
644 1868 892 1913 publicorum.

500 1957 761 1996 CAPITVLA
799 1957 939 1995 LIBRI
984 1956 1191 1995 OCTAVI.
1240 1964 1243 1966 ’

257 2037 282 2073 Ι.
318 2037 503 2074 Hesterna
525 2044 637 2073 noctu
654 2040 803 2072 rectene
823 2047 870 2072 an
888 2047 973 2071 cum
996 2036 1086 2071 uitio
1118 2035 1263 2071 dicatur
1293 2038 1330 2070 et
1361 2032 1591 2082 quaenam'¹
1616 2042 1619 2070 3

145 2103 259 2138 super
281 2093 360 2128 istis
379 2095 503 2129 uerbis
521 2094 768 2141 grammatica
783 2093 933 2128 traditio
953 2094 1020 2136 sit3
1048 2093 1137 2127 item
1161 2090 1263 2138 quod
1289 2090 1492 2128 decemuiri
1510 2092 1557 2128 in>

143 2148 223 2183 XII.
240 2149 377 2184 tabulis
395 2160 468 2184 nox
485 2162 552 2196 pro
571 2153 684 2184 noctu
700 2149 887 2185 dixerunt.

257 2204 301 2239 II.
333 2204 436 2248 Quae
461 2206 549 2241 mihi
575 2205 706 2241 decem
730 2207 848 2241 uerba
873 2204 1033 2241 ediderit
1054 2204 1284 2248 Fauorinus,
1319 2214 1415 2252 quae
1439 2215 1551 2240 usur·

143 2264 277 2307 pentur
302 2261 452 2307 quidem
483 2273 504 2297 a
526 2261 699 2306 Graecis,
731 2261 802 2297 sed
830 2263 903 2298 sint
935 2260 1145 2297 adulterina
1176 2264 1214 2297 et
1235 2261 1417 2306 barbara;
1450 2270 1548 2307 quae

1563 2265 1587 2300 ξς

1574 2334 1584 2355 ξ
