<?xml version="1.0" encoding="UTF-8"?>
<!DOCTYPE html PUBLIC "-//W3C//DTD XHTML 1.0 Transitional//EN"
    "http://www.w3.org/TR/xhtml1/DTD/xhtml1-transitional.dtd">
<html xmlns="http://www.w3.org/1999/xhtml" xml:lang="en" lang="en">
 <head>
  <title>
</title>
<meta http-equiv="Content-Type" content="text/html;charset=utf-8" />
  <meta name='ocr-system' content='tesseract 3.04.00' />
  <meta name='ocr-capabilities' content='ocr_page ocr_carea ocr_par ocr_line ocrx_word'/>
</head>
<body>
  <div class='ocr_page' id='page_1' title='image "./agelliinoctivmat00gelluoft_0368.png"; bbox 0 0 1619 2476; ppageno 0'>
   <div class='ocr_carea' id='block_1_1' title="bbox 108 10 980 66">
    <p class='ocr_par' dir='ltr' id='par_1_1' title="bbox 108 10 980 66">
     <span class='ocr_line' id='line_1_1' title="bbox 108 10 980 66; baseline -0.006 0"><span class='ocrx_word' id='word_1_1' title='bbox 108 24 164 66; x_wconf 80' lang='lat'>82</span> <span class='ocrx_word' id='word_1_2' title='bbox 621 10 726 63; x_wconf 81' lang='lat' dir='ltr'><strong>XIII.</strong></span> <span class='ocrx_word' id='word_1_3' title='bbox 757 34 849 63; x_wconf 87' lang='lat' dir='ltr'>x111.</span> <span class='ocrx_word' id='word_1_4' title='bbox 871 33 980 62; x_wconf 83' lang='lat' dir='ltr'>xun.</span> 
     </span>
    </p>
   </div>
   <div class='ocr_carea' id='block_1_2' title="bbox 67 134 1515 412">
    <p class='ocr_par' dir='ltr' id='par_1_2' title="bbox 69 134 1515 242">
     <span class='ocr_line' id='line_1_2' title="bbox 69 134 1515 186; baseline -0.002 -8"><span class='ocrx_word' id='word_1_5' title='bbox 69 147 91 182; x_wconf 74' lang='lat'>5</span> <span class='ocrx_word' id='word_1_6' title='bbox 194 139 284 178; x_wconf 87' lang='lat' dir='ltr'>Hoc</span> <span class='ocrx_word' id='word_1_7' title='bbox 304 139 467 176; x_wconf 89' lang='lat' dir='ltr'>Varro</span> <span class='ocrx_word' id='word_1_8' title='bbox 500 136 538 175; x_wconf 90' lang='lat' dir='ltr'>in</span> <span class='ocrx_word' id='word_1_9' title='bbox 569 148 618 175; x_wconf 92' lang='lat' dir='ltr'>ea</span> <span class='ocrx_word' id='word_1_10' title='bbox 648 135 737 175; x_wconf 88' lang='lat' dir='ltr'>libri</span> <span class='ocrx_word' id='word_1_11' title='bbox 759 141 877 186; x_wconf 88' lang='lat' dir='ltr'>parte</span> <span class='ocrx_word' id='word_1_12' title='bbox 900 136 952 175; x_wconf 91' lang='lat' dir='ltr'>de</span> <span class='ocrx_word' id='word_1_13' title='bbox 973 134 1194 184; x_wconf 83' lang='lat' dir='ltr'>aedilibus,</span> <span class='ocrx_word' id='word_1_14' title='bbox 1227 146 1356 186; x_wconf 87' lang='lat' dir='ltr'>supra</span> <span class='ocrx_word' id='word_1_15' title='bbox 1377 141 1515 176; x_wconf 84' lang='lat' dir='ltr'>autem</span> 
     </span>
     <span class='ocr_line' id='line_1_3' title="bbox 103 192 1515 242; baseline -0.001 -9"><span class='ocrx_word' id='word_1_16' title='bbox 103 195 143 233; x_wconf 91' lang='lat' dir='ltr'>in</span> <span class='ocrx_word' id='word_1_17' title='bbox 168 194 316 234; x_wconf 87' lang='lat' dir='ltr'>eodem</span> <span class='ocrx_word' id='word_1_18' title='bbox 340 193 442 232; x_wconf 89' lang='lat' dir='ltr'>libro</span> <span class='ocrx_word' id='word_1_19' title='bbox 478 198 723 242; x_wconf 81' lang='lat' dir='ltr'>quaestores</span> <span class='ocrx_word' id='word_1_20' title='bbox 751 202 888 241; x_wconf 88' lang='lat' dir='ltr'>neque</span> <span class='ocrx_word' id='word_1_21' title='bbox 913 192 1177 232; x_wconf 86' lang='lat' dir='ltr'>uocationem</span> <span class='ocrx_word' id='word_1_22' title='bbox 1198 193 1351 232; x_wconf 87' lang='lat' dir='ltr'>habere</span> <span class='ocrx_word' id='word_1_23' title='bbox 1377 202 1515 241; x_wconf 86' lang='lat' dir='ltr'>neque</span> 
     </span>
    </p>

    <p class='ocr_par' dir='ltr' id='par_1_3' title="bbox 67 247 1514 412">
     <span class='ocr_line' id='line_1_4' title="bbox 67 247 1514 302; baseline -0.001 -13"><span class='ocrx_word' id='word_1_24' title='bbox 67 261 88 296; x_wconf 82' lang='grc'>6</span> <span class='ocrx_word' id='word_1_25' title='bbox 103 250 370 302; x_wconf 82' lang='lat' dir='ltr'>prensionem</span> <span class='ocrx_word' id='word_1_26' title='bbox 388 248 497 287; x_wconf 90' lang='lat' dir='ltr'>dicit.</span> <span class='ocrx_word' id='word_1_27' title='bbox 522 250 710 298; x_wconf 91' lang='lat' dir='ltr'>Vtraque</span> <span class='ocrx_word' id='word_1_28' title='bbox 732 247 854 297; x_wconf 80' lang='lat' dir='ltr'>igitur</span> <span class='ocrx_word' id='word_1_29' title='bbox 877 248 968 287; x_wconf 90' lang='lat' dir='ltr'>libri</span> <span class='ocrx_word' id='word_1_30' title='bbox 989 253 1108 298; x_wconf 85' lang='lat' dir='ltr'>parte</span> <span class='ocrx_word' id='word_1_31' title='bbox 1126 248 1310 297; x_wconf 85' lang='lat' dir='ltr'>recitata,</span> <span class='ocrx_word' id='word_1_32' title='bbox 1332 248 1372 287; x_wconf 89' lang='lat' dir='ltr'>in</span> <span class='ocrx_word' id='word_1_33' title='bbox 1388 249 1514 287; x_wconf 87' lang='lat' dir='ltr'>Var-</span> 
     </span>
     <span class='ocr_line' id='line_1_5' title="bbox 105 303 1514 355; baseline -0.001 -10"><span class='ocrx_word' id='word_1_34' title='bbox 105 305 248 346; x_wconf 90' lang='lat' dir='ltr'>ronis</span> <span class='ocrx_word' id='word_1_35' title='bbox 281 316 425 345; x_wconf 90' lang='lat' dir='ltr'>omnes</span> <span class='ocrx_word' id='word_1_36' title='bbox 453 305 697 344; x_wconf 82' lang='lat' dir='ltr'>sententiam</span> <span class='ocrx_word' id='word_1_37' title='bbox 719 309 1041 353; x_wconf 87' lang='lat' dir='ltr'>concesserunt,</span> <span class='ocrx_word' id='word_1_38' title='bbox 1072 305 1355 355; x_wconf 77' lang='lat' dir='ltr'>quaestorque</span> <span class='ocrx_word' id='word_1_39' title='bbox 1387 303 1427 343; x_wconf 90' lang='lat' dir='ltr'>in</span> <span class='ocrx_word' id='word_1_40' title='bbox 1450 304 1514 344; x_wconf 92' lang='lat' dir='ltr'>ius</span> 
     </span>
     <span class='ocr_line' id='line_1_6' title="bbox 106 363 709 412; baseline -0.002 -11"><span class='ocrx_word' id='word_1_41' title='bbox 106 363 157 401; x_wconf 90' lang='lat' dir='ltr'>ad</span> <span class='ocrx_word' id='word_1_42' title='bbox 178 366 416 412; x_wconf 81' lang='lat' dir='ltr'>praetorem</span> <span class='ocrx_word' id='word_1_43' title='bbox 438 368 612 402; x_wconf 84' lang='lat' dir='ltr'>uocatus</span> <span class='ocrx_word' id='word_1_44' title='bbox 635 366 709 401; x_wconf 84' lang='lat' dir='ltr'>est.</span> 
     </span>
    </p>
   </div>
   <div class='ocr_carea' id='block_1_3' title="bbox 745 451 868 491">
    <p class='ocr_par' dir='ltr' id='par_1_4' title="bbox 745 451 868 491">
     <span class='ocr_line' id='line_1_7' title="bbox 745 451 868 491; baseline -0.008 0"><span class='ocrx_word' id='word_1_45' title='bbox 745 451 868 491; x_wconf 87' lang='lat' dir='ltr'>XIIII.</span> 
     </span>
    </p>
   </div>
   <div class='ocr_carea' id='block_1_4' title="bbox 588 519 1032 567">
    <p class='ocr_par' dir='ltr' id='par_1_5' title="bbox 588 519 1032 567">
     <span class='ocr_line' id='line_1_8' title="bbox 588 519 1032 567; baseline -0.005 -11"><span class='ocrx_word' id='word_1_46' title='bbox 588 520 703 566; x_wconf 78' lang='lat' dir='ltr'>[Quid</span> <span class='ocrx_word' id='word_1_47' title='bbox 726 521 771 556; x_wconf 80' lang='lat' dir='ltr'>sil</span> <span class='ocrx_word' id='word_1_48' title='bbox 791 519 1032 567; x_wconf 64' lang='lat' dir='ltr'>pomerium]</span> 
     </span>
    </p>
   </div>
   <div class='ocr_carea' id='block_1_5' title="bbox 66 584 1515 2269">
    <p class='ocr_par' dir='ltr' id='par_1_6' title="bbox 66 584 1515 860">
     <span class='ocr_line' id='line_1_9' title="bbox 66 584 1513 635; baseline 0.001 -11"><span class='ocrx_word' id='word_1_49' title='bbox 66 595 84 629; x_wconf 85' lang='lat'>1</span> <span class='ocrx_word' id='word_1_50' title='bbox 188 584 471 625; x_wconf 71' lang='lat' dir='ltr'>‘Pomerium&#39;</span> <span class='ocrx_word' id='word_1_51' title='bbox 500 585 597 635; x_wconf 89' lang='lat' dir='ltr'>quid</span> <span class='ocrx_word' id='word_1_52' title='bbox 627 591 758 634; x_wconf 88' lang='lat' dir='ltr'>esset,</span> <span class='ocrx_word' id='word_1_53' title='bbox 803 597 1029 635; x_wconf 81' lang='lat' dir='ltr'>augures</span> <span class='ocrx_word' id='word_1_54' title='bbox 1068 584 1248 635; x_wconf 88' lang='lat' dir='ltr'>populi</span> <span class='ocrx_word' id='word_1_55' title='bbox 1279 585 1513 634; x_wconf 85' lang='lat' dir='ltr'>Romani,</span> 
     </span>
     <span class='ocr_line' id='line_1_10' title="bbox 106 640 1515 692; baseline 0.001 -11"><span class='ocrx_word' id='word_1_56' title='bbox 106 640 192 692; x_wconf 89' lang='lat' dir='ltr'>qui</span> <span class='ocrx_word' id='word_1_57' title='bbox 215 641 382 681; x_wconf 90' lang='lat' dir='ltr'>libros</span> <span class='ocrx_word' id='word_1_58' title='bbox 407 642 465 680; x_wconf 89' lang='lat' dir='ltr'>de</span> <span class='ocrx_word' id='word_1_59' title='bbox 493 642 763 692; x_wconf 80' lang='lat' dir='ltr'>auspiciis</span> <span class='ocrx_word' id='word_1_60' title='bbox 788 643 1144 689; x_wconf 87' lang='lat' dir='ltr'>scribserunt‚</span> <span class='ocrx_word' id='word_1_61' title='bbox 1166 640 1402 683; x_wconf 89' lang='lat' dir='ltr'>istiusmodi</span> <span class='ocrx_word' id='word_1_62' title='bbox 1423 653 1515 682; x_wconf 88' lang='lat' dir='ltr'>sen-</span> 
     </span>
     <span class='ocr_line' id='line_1_11' title="bbox 106 697 1513 749; baseline 0 -11"><span class='ocrx_word' id='word_1_63' title='bbox 106 697 232 738; x_wconf 90' lang='lat' dir='ltr'>tentia</span> <span class='ocrx_word' id='word_1_64' title='bbox 255 698 521 737; x_wconf 87' lang='lat' dir='ltr'>definierunt:</span> <span class='ocrx_word' id='word_1_65' title='bbox 555 699 840 738; x_wconf 81' lang='lat' dir='ltr'>pomerium</span> <span class='ocrx_word' id='word_1_66' title='bbox 873 704 951 738; x_wconf 91' lang='lat' dir='ltr'>est</span> <span class='ocrx_word' id='word_1_67' title='bbox 982 699 1138 738; x_wconf 89' lang='lat' dir='ltr'>locus</span> <span class='ocrx_word' id='word_1_68' title='bbox 1168 697 1312 738; x_wconf 87' lang='lat' dir='ltr'>intra</span> <span class='ocrx_word' id='word_1_69' title='bbox 1341 710 1513 749; x_wconf 86' lang='lat' dir='ltr'>agrum</span> 
     </span>
     <span class='ocr_line' id='line_1_12' title="bbox 106 754 1513 804; baseline 0.001 -12"><span class='ocrx_word' id='word_1_70' title='bbox 106 755 322 793; x_wconf 81' lang='lat' dir='ltr'>effatum</span> <span class='ocrx_word' id='word_1_71' title='bbox 364 766 457 804; x_wconf 90' lang='lat' dir='ltr'>per</span> <span class='ocrx_word' id='word_1_72' title='bbox 486 755 654 795; x_wconf 88' lang='lat' dir='ltr'>totius</span> <span class='ocrx_word' id='word_1_73' title='bbox 695 755 839 795; x_wconf 88' lang='lat' dir='ltr'>urbis</span> <span class='ocrx_word' id='word_1_74' title='bbox 869 754 1144 794; x_wconf 88' lang='lat' dir='ltr'>circuitum</span> <span class='ocrx_word' id='word_1_75' title='bbox 1172 766 1309 804; x_wconf 90' lang='lat' dir='ltr'>pone</span> <span class='ocrx_word' id='word_1_76' title='bbox 1339 766 1513 795; x_wconf 88' lang='lat' dir='ltr'>muros</span> 
     </span>
     <span class='ocr_line' id='line_1_13' title="bbox 105 810 1514 860; baseline 0.001 -11"><span class='ocrx_word' id='word_1_77' title='bbox 105 810 422 860; x_wconf 80' lang='lat' dir='ltr'>regionibus</span> <span class='ocrx_word' id='word_1_78' title='bbox 447 812 641 851; x_wconf 82' lang='lat' dir='ltr'>certeis</span> <span class='ocrx_word' id='word_1_79' title='bbox 667 811 1067 859; x_wconf 87' lang='lat' dir='ltr'>determinatus,</span> <span class='ocrx_word' id='word_1_80' title='bbox 1102 811 1183 860; x_wconf 89' lang='lat' dir='ltr'>qui</span> <span class='ocrx_word' id='word_1_81' title='bbox 1204 811 1337 851; x_wconf 79' lang='lat' dir='ltr'>facit</span> <span class='ocrx_word' id='word_1_82' title='bbox 1359 811 1514 850; x_wconf 83' lang='lat' dir='ltr'>finem</span> 
     </span>
    </p>

    <p class='ocr_par' dir='ltr' id='par_1_7' title="bbox 67 867 1514 1087">
     <span class='ocr_line' id='line_1_14' title="bbox 67 867 1514 917; baseline -0.001 -11"><span class='ocrx_word' id='word_1_83' title='bbox 67 878 88 911; x_wconf 77' lang='lat'><strong>2</strong></span> <span class='ocrx_word' id='word_1_84' title='bbox 105 867 288 906; x_wconf 86' lang='lat' dir='ltr'>urbani</span> <span class='ocrx_word' id='word_1_85' title='bbox 318 867 556 916; x_wconf 86' lang='lat' dir='ltr'>auspicii.</span> <span class='ocrx_word' id='word_1_86' title='bbox 609 868 954 917; x_wconf 87' lang='lat' dir='ltr'>Antiquissimum</span> <span class='ocrx_word' id='word_1_87' title='bbox 975 871 1112 907; x_wconf 86' lang='lat' dir='ltr'>autem</span> <span class='ocrx_word' id='word_1_88' title='bbox 1135 867 1377 917; x_wconf 87' lang='lat' dir='ltr'>pomerium,</span> <span class='ocrx_word' id='word_1_89' title='bbox 1401 867 1514 916; x_wconf 90' lang='lat' dir='ltr'>quod</span> 
     </span>
     <span class='ocr_line' id='line_1_15' title="bbox 107 923 1514 972; baseline 0 -10"><span class='ocrx_word' id='word_1_90' title='bbox 107 935 130 962; x_wconf 91' lang='lat' dir='ltr'>a</span> <span class='ocrx_word' id='word_1_91' title='bbox 150 924 327 963; x_wconf 90' lang='lat' dir='ltr'>Romulo</span> <span class='ocrx_word' id='word_1_92' title='bbox 354 923 583 963; x_wconf 84' lang='lat' dir='ltr'>institutum</span> <span class='ocrx_word' id='word_1_93' title='bbox 608 930 690 972; x_wconf 87' lang='lat' dir='ltr'>cst,</span> <span class='ocrx_word' id='word_1_94' title='bbox 725 924 894 964; x_wconf 86' lang='lat' dir='ltr'>Palatini</span> <span class='ocrx_word' id='word_1_95' title='bbox 919 923 1068 963; x_wconf 84' lang='lat' dir='ltr'>montis</span> <span class='ocrx_word' id='word_1_96' title='bbox 1094 923 1302 964; x_wconf 89' lang='lat' dir='ltr'>radicibus</span> <span class='ocrx_word' id='word_1_97' title='bbox 1326 924 1514 963; x_wconf 83' lang='lat' dir='ltr'>termina·</span> 
     </span>
     <span class='ocr_line' id='line_1_16' title="bbox 104 979 1514 1030; baseline 0.001 -12"><span class='ocrx_word' id='word_1_98' title='bbox 104 980 238 1018; x_wconf 86' lang='lat' dir='ltr'>batur.</span> <span class='ocrx_word' id='word_1_99' title='bbox 279 979 363 1018; x_wconf 87' lang='lat' dir='ltr'>Sed</span> <span class='ocrx_word' id='word_1_100' title='bbox 388 980 428 1018; x_wconf 92' lang='lat' dir='ltr'>id</span> <span class='ocrx_word' id='word_1_101' title='bbox 449 981 679 1030; x_wconf 88' lang='lat' dir='ltr'>pomerium</span> <span class='ocrx_word' id='word_1_102' title='bbox 701 993 776 1030; x_wconf 89' lang='lat' dir='ltr'>pro</span> <span class='ocrx_word' id='word_1_103' title='bbox 799 980 1062 1020; x_wconf 87' lang='lat' dir='ltr'>incrementis</span> <span class='ocrx_word' id='word_1_104' title='bbox 1086 979 1338 1030; x_wconf 87' lang='lat' dir='ltr'>reipublicae</span> <span class='ocrx_word' id='word_1_105' title='bbox 1358 980 1514 1030; x_wconf 86' lang='lat' dir='ltr'>aliquo-</span> 
     </span>
     <span class='ocr_line' id='line_1_17' title="bbox 105 1036 1514 1087; baseline 0.001 -13"><span class='ocrx_word' id='word_1_106' title='bbox 105 1036 211 1075; x_wconf 88' lang='lat' dir='ltr'>tiens</span> <span class='ocrx_word' id='word_1_107' title='bbox 245 1037 450 1085; x_wconf 86' lang='lat' dir='ltr'>prolatum</span> <span class='ocrx_word' id='word_1_108' title='bbox 482 1043 545 1076; x_wconf 88' lang='lat' dir='ltr'>est</span> <span class='ocrx_word' id='word_1_109' title='bbox 568 1043 608 1076; x_wconf 87' lang='lat' dir='ltr'>et</span> <span class='ocrx_word' id='word_1_110' title='bbox 632 1039 782 1077; x_wconf 87' lang='lat' dir='ltr'>multos</span> <span class='ocrx_word' id='word_1_111' title='bbox 806 1037 1027 1086; x_wconf 89' lang='lat' dir='ltr'>editosque</span> <span class='ocrx_word' id='word_1_112' title='bbox 1050 1036 1166 1076; x_wconf 87' lang='lat' dir='ltr'>collis</span> <span class='ocrx_word' id='word_1_113' title='bbox 1189 1036 1514 1087; x_wconf 89' lang='lat' dir='ltr'>circumplexum</span> 
     </span>
    </p>

    <p class='ocr_par' dir='ltr' id='par_1_8' title="bbox 67 1092 1514 1200">
     <span class='ocr_line' id='line_1_18' title="bbox 67 1092 1514 1144; baseline 0 -12"><span class='ocrx_word' id='word_1_114' title='bbox 67 1104 89 1138; x_wconf 84' lang='lat'><strong>3</strong></span> <span class='ocrx_word' id='word_1_115' title='bbox 107 1098 183 1132; x_wconf 86' lang='lat' dir='ltr'>est.</span> <span class='ocrx_word' id='word_1_116' title='bbox 244 1093 433 1131; x_wconf 87' lang='lat' dir='ltr'>Habebat</span> <span class='ocrx_word' id='word_1_117' title='bbox 456 1099 592 1132; x_wconf 87' lang='lat' dir='ltr'>autem</span> <span class='ocrx_word' id='word_1_118' title='bbox 615 1094 677 1133; x_wconf 87' lang='lat' dir='ltr'>ius</span> <span class='ocrx_word' id='word_1_119' title='bbox 707 1093 946 1144; x_wconf 76' lang='lat' dir='ltr'>proferendi</span> <span class='ocrx_word' id='word_1_120' title='bbox 968 1092 1165 1143; x_wconf 86' lang='lat' dir='ltr'>pomerii,</span> <span class='ocrx_word' id='word_1_121' title='bbox 1204 1092 1272 1142; x_wconf 91' lang='lat' dir='ltr'>qui</span> <span class='ocrx_word' id='word_1_122' title='bbox 1312 1094 1514 1144; x_wconf 82' lang='lat' dir='ltr'>populum</span> 
     </span>
     <span class='ocr_line' id='line_1_19' title="bbox 108 1150 1101 1200; baseline 0.001 -13"><span class='ocrx_word' id='word_1_123' title='bbox 108 1150 338 1188; x_wconf 84' lang='lat' dir='ltr'>Romanuin</span> <span class='ocrx_word' id='word_1_124' title='bbox 361 1160 460 1198; x_wconf 77' lang='lat' dir='ltr'>agro</span> <span class='ocrx_word' id='word_1_125' title='bbox 486 1150 536 1188; x_wconf 90' lang='lat' dir='ltr'>de</span> <span class='ocrx_word' id='word_1_126' title='bbox 558 1150 747 1190; x_wconf 86' lang='lat' dir='ltr'>hostibus</span> <span class='ocrx_word' id='word_1_127' title='bbox 775 1155 895 1200; x_wconf 88' lang='lat' dir='ltr'>capto</span> <span class='ocrx_word' id='word_1_128' title='bbox 918 1154 1101 1189; x_wconf 89' lang='lat' dir='ltr'>auxerat.</span> 
     </span>
    </p>

    <p class='ocr_par' dir='ltr' id='par_1_9' title="bbox 71 1205 1513 1592">
     <span class='ocr_line' id='line_1_20' title="bbox 71 1205 1513 1255; baseline 0.001 -12"><span class='ocrx_word' id='word_1_129' title='bbox 71 1215 93 1248; x_wconf 75' lang='lat'>4</span> <span class='ocrx_word' id='word_1_130' title='bbox 191 1206 416 1255; x_wconf 85' lang='lat' dir='ltr'>Propterea</span> <span class='ocrx_word' id='word_1_131' title='bbox 440 1206 670 1255; x_wconf 87' lang='lat' dir='ltr'>quaesitum</span> <span class='ocrx_word' id='word_1_132' title='bbox 688 1212 752 1246; x_wconf 89' lang='lat' dir='ltr'>est</span> <span class='ocrx_word' id='word_1_133' title='bbox 768 1218 818 1247; x_wconf 86' lang='lat' dir='ltr'>ac</span> <span class='ocrx_word' id='word_1_134' title='bbox 834 1217 942 1246; x_wconf 85' lang='lat' dir='ltr'>nunc</span> <span class='ocrx_word' id='word_1_135' title='bbox 962 1205 1083 1245; x_wconf 87' lang='lat' dir='ltr'>ctiam</span> <span class='ocrx_word' id='word_1_136' title='bbox 1101 1205 1141 1245; x_wconf 92' lang='lat' dir='ltr'>in</span> <span class='ocrx_word' id='word_1_137' title='bbox 1168 1205 1415 1255; x_wconf 82' lang='lat' dir='ltr'>quaestione</span> <span class='ocrx_word' id='word_1_138' title='bbox 1436 1211 1513 1253; x_wconf 86' lang='lat' dir='ltr'>est,</span> 
     </span>
     <span class='ocr_line' id='line_1_21' title="bbox 107 1261 1512 1312; baseline 0.001 -13"><span class='ocrx_word' id='word_1_139' title='bbox 107 1272 230 1310; x_wconf 84' lang='lat' dir='ltr'>quam</span> <span class='ocrx_word' id='word_1_140' title='bbox 252 1262 304 1301; x_wconf 88' lang='lat' dir='ltr'>ob</span> <span class='ocrx_word' id='word_1_141' title='bbox 329 1273 498 1301; x_wconf 88' lang='lat' dir='ltr'>causam</span> <span class='ocrx_word' id='word_1_142' title='bbox 520 1274 571 1302; x_wconf 85' lang='lat' dir='ltr'>cx</span> <span class='ocrx_word' id='word_1_143' title='bbox 595 1268 755 1312; x_wconf 83' lang='lat' dir='ltr'>septem</span> <span class='ocrx_word' id='word_1_144' title='bbox 780 1263 893 1303; x_wconf 83' lang='lat' dir='ltr'>urbis</span> <span class='ocrx_word' id='word_1_145' title='bbox 918 1262 1149 1311; x_wconf 87' lang='lat' dir='ltr'>montibus,</span> <span class='ocrx_word' id='word_1_146' title='bbox 1172 1273 1265 1301; x_wconf 90' lang='lat' dir='ltr'>cum</span> <span class='ocrx_word' id='word_1_147' title='bbox 1288 1261 1414 1301; x_wconf 86' lang='lat' dir='ltr'>ceteri</span> <span class='ocrx_word' id='word_1_148' title='bbox 1437 1272 1512 1301; x_wconf 90' lang='lat' dir='ltr'>sex</span> 
     </span>
     <span class='ocr_line' id='line_1_22' title="bbox 105 1318 1513 1368; baseline 0 -12"><span class='ocrx_word' id='word_1_149' title='bbox 105 1318 210 1356; x_wconf 85' lang='lat' dir='ltr'>intra</span> <span class='ocrx_word' id='word_1_150' title='bbox 234 1318 463 1366; x_wconf 85' lang='lat' dir='ltr'>pomerium</span> <span class='ocrx_word' id='word_1_151' title='bbox 485 1319 585 1365; x_wconf 85' lang='lat' dir='ltr'>sint,</span> <span class='ocrx_word' id='word_1_152' title='bbox 625 1320 858 1358; x_wconf 86' lang='lat' dir='ltr'>Auentinus</span> <span class='ocrx_word' id='word_1_153' title='bbox 882 1320 1039 1366; x_wconf 88' lang='lat' dir='ltr'>solum,</span> <span class='ocrx_word' id='word_1_154' title='bbox 1072 1329 1179 1367; x_wconf 89' lang='lat' dir='ltr'>quae</span> <span class='ocrx_word' id='word_1_155' title='bbox 1199 1329 1297 1368; x_wconf 89' lang='lat' dir='ltr'>pars</span> <span class='ocrx_word' id='word_1_156' title='bbox 1320 1329 1404 1357; x_wconf 91' lang='lat' dir='ltr'>non</span> <span class='ocrx_word' id='word_1_157' title='bbox 1426 1318 1513 1358; x_wconf 84' lang='lat' dir='ltr'>lon-</span> 
     </span>
     <span class='ocr_line' id='line_1_23' title="bbox 106 1373 1512 1424; baseline 0 -12"><span class='ocrx_word' id='word_1_158' title='bbox 106 1374 258 1423; x_wconf 82' lang='lat' dir='ltr'>ginqua</span> <span class='ocrx_word' id='word_1_159' title='bbox 288 1385 364 1412; x_wconf 87' lang='lat' dir='ltr'>nec</span> <span class='ocrx_word' id='word_1_160' title='bbox 397 1374 637 1423; x_wconf 81' lang='lat' dir='ltr'>infrequens</span> <span class='ocrx_word' id='word_1_161' title='bbox 669 1380 755 1421; x_wconf 87' lang='lat' dir='ltr'>est,</span> <span class='ocrx_word' id='word_1_162' title='bbox 793 1379 909 1415; x_wconf 82' lang='lat' dir='ltr'>extra</span> <span class='ocrx_word' id='word_1_163' title='bbox 939 1373 1170 1424; x_wconf 88' lang='lat' dir='ltr'>pomerium</span> <span class='ocrx_word' id='word_1_164' title='bbox 1202 1374 1279 1422; x_wconf 87' lang='lat' dir='ltr'>sit,</span> <span class='ocrx_word' id='word_1_165' title='bbox 1304 1384 1442 1423; x_wconf 85' lang='lat' dir='ltr'>neque</span> <span class='ocrx_word' id='word_1_166' title='bbox 1470 1373 1512 1412; x_wconf 94' lang='lat' dir='ltr'>id</span> 
     </span>
     <span class='ocr_line' id='line_1_24' title="bbox 107 1429 1512 1480; baseline -0.001 -10"><span class='ocrx_word' id='word_1_167' title='bbox 107 1429 277 1470; x_wconf 84' lang='lat' dir='ltr'>Seruius</span> <span class='ocrx_word' id='word_1_168' title='bbox 306 1430 460 1469; x_wconf 89' lang='lat' dir='ltr'>Tullius</span> <span class='ocrx_word' id='word_1_169' title='bbox 485 1442 558 1469; x_wconf 83' lang='lat' dir='ltr'>rex</span> <span class='ocrx_word' id='word_1_170' title='bbox 581 1442 716 1480; x_wconf 84' lang='lat' dir='ltr'>neque</span> <span class='ocrx_word' id='word_1_171' title='bbox 747 1431 880 1478; x_wconf 88' lang='lat' dir='ltr'>Sulla,</span> <span class='ocrx_word' id='word_1_172' title='bbox 915 1430 984 1480; x_wconf 89' lang='lat' dir='ltr'>qui</span> <span class='ocrx_word' id='word_1_173' title='bbox 1003 1430 1243 1480; x_wconf 79' lang='lat' dir='ltr'>proferendi</span> <span class='ocrx_word' id='word_1_174' title='bbox 1264 1429 1439 1480; x_wconf 82' lang='lat' dir='ltr'>pomerii</span> <span class='ocrx_word' id='word_1_175' title='bbox 1465 1429 1512 1468; x_wconf 91' lang='lat' dir='ltr'>ti-</span> 
     </span>
     <span class='ocr_line' id='line_1_25' title="bbox 109 1486 1511 1538; baseline -0.001 -13"><span class='ocrx_word' id='word_1_176' title='bbox 109 1487 235 1525; x_wconf 86' lang='lat' dir='ltr'>tulum</span> <span class='ocrx_word' id='word_1_177' title='bbox 258 1486 484 1538; x_wconf 88' lang='lat' dir='ltr'>quaesiuit,</span> <span class='ocrx_word' id='word_1_178' title='bbox 515 1497 650 1536; x_wconf 88' lang='lat' dir='ltr'>neque</span> <span class='ocrx_word' id='word_1_179' title='bbox 677 1492 826 1536; x_wconf 87' lang='lat' dir='ltr'>postea</span> <span class='ocrx_word' id='word_1_180' title='bbox 848 1486 968 1526; x_wconf 87' lang='lat' dir='ltr'>diuus</span> <span class='ocrx_word' id='word_1_181' title='bbox 991 1487 1138 1534; x_wconf 89' lang='lat' dir='ltr'>Iulius,</span> <span class='ocrx_word' id='word_1_182' title='bbox 1167 1498 1260 1526; x_wconf 89' lang='lat' dir='ltr'>cum</span> <span class='ocrx_word' id='word_1_183' title='bbox 1280 1486 1511 1537; x_wconf 88' lang='lat' dir='ltr'>pomerium</span> 
     </span>
     <span class='ocr_line' id='line_1_26' title="bbox 106 1542 1140 1592; baseline 0 -10"><span class='ocrx_word' id='word_1_184' title='bbox 106 1543 323 1592; x_wconf 85' lang='lat' dir='ltr'>proferret,</span> <span class='ocrx_word' id='word_1_185' title='bbox 349 1543 454 1581; x_wconf 89' lang='lat' dir='ltr'>intra</span> <span class='ocrx_word' id='word_1_186' title='bbox 476 1542 624 1582; x_wconf 84' lang='lat' dir='ltr'>effatos</span> <span class='ocrx_word' id='word_1_187' title='bbox 650 1543 740 1583; x_wconf 89' lang='lat' dir='ltr'>urbi</span> <span class='ocrx_word' id='word_1_188' title='bbox 761 1544 866 1583; x_wconf 87' lang='lat' dir='ltr'>fines</span> <span class='ocrx_word' id='word_1_189' title='bbox 888 1543 1140 1583; x_wconf 88' lang='lat' dir='ltr'>incluserint.</span> 
     </span>
    </p>

    <p class='ocr_par' dir='ltr' id='par_1_10' title="bbox 66 1597 1511 1763">
     <span class='ocr_line' id='line_1_27' title="bbox 66 1597 1510 1649; baseline -0.001 -11"><span class='ocrx_word' id='word_1_190' title='bbox 66 1607 85 1638; x_wconf 79' lang='lat'>5</span> <span class='ocrx_word' id='word_1_191' title='bbox 188 1599 318 1638; x_wconf 87' lang='lat' dir='ltr'>Huius</span> <span class='ocrx_word' id='word_1_192' title='bbox 346 1599 405 1638; x_wconf 86' lang='lat' dir='ltr'>rei</span> <span class='ocrx_word' id='word_1_193' title='bbox 427 1600 502 1638; x_wconf 87' lang='lat' dir='ltr'>Me</span> <span class='ocrx_word' id='word_1_194' title='bbox 519 1611 537 1638; x_wconf 92' lang='lat' dir='ltr'>s</span> <span class='ocrx_word' id='word_1_195' title='bbox 551 1611 570 1638; x_wconf 93' lang='lat' dir='ltr'>s</span> <span class='ocrx_word' id='word_1_196' title='bbox 585 1601 685 1638; x_wconf 89' lang='lat' dir='ltr'>alla</span> <span class='ocrx_word' id='word_1_197' title='bbox 715 1600 872 1649; x_wconf 87' lang='lat' dir='ltr'>aliquot</span> <span class='ocrx_word' id='word_1_198' title='bbox 898 1611 1045 1639; x_wconf 86' lang='lat' dir='ltr'>causas</span> <span class='ocrx_word' id='word_1_199' title='bbox 1066 1599 1199 1640; x_wconf 89' lang='lat' dir='ltr'>uideri</span> <span class='ocrx_word' id='word_1_200' title='bbox 1220 1597 1384 1640; x_wconf 88' lang='lat' dir='ltr'>scribsit</span> <span class='ocrx_word' id='word_1_201' title='bbox 1393 1611 1403 1646; x_wconf 95' lang='lat'>;</span> <span class='ocrx_word' id='word_1_202' title='bbox 1434 1597 1510 1637; x_wconf 88' lang='lat' dir='ltr'>sed</span> 
     </span>
     <span class='ocr_line' id='line_1_28' title="bbox 107 1654 1511 1706; baseline -0.001 -12"><span class='ocrx_word' id='word_1_203' title='bbox 107 1660 271 1704; x_wconf 87' lang='lat' dir='ltr'>praeter</span> <span class='ocrx_word' id='word_1_204' title='bbox 296 1667 366 1695; x_wconf 86' lang='lat' dir='ltr'>eas</span> <span class='ocrx_word' id='word_1_205' title='bbox 392 1656 524 1695; x_wconf 87' lang='lat' dir='ltr'>omnis</span> <span class='ocrx_word' id='word_1_206' title='bbox 548 1655 639 1705; x_wconf 88' lang='lat' dir='ltr'>ipse</span> <span class='ocrx_word' id='word_1_207' title='bbox 661 1668 783 1696; x_wconf 85' lang='lat' dir='ltr'>unam</span> <span class='ocrx_word' id='word_1_208' title='bbox 804 1657 974 1705; x_wconf 87' lang='lat' dir='ltr'>probat,</span> <span class='ocrx_word' id='word_1_209' title='bbox 1000 1656 1113 1706; x_wconf 88' lang='lat' dir='ltr'>quod</span> <span class='ocrx_word' id='word_1_210' title='bbox 1132 1656 1173 1695; x_wconf 90' lang='lat' dir='ltr'>in</span> <span class='ocrx_word' id='word_1_211' title='bbox 1198 1667 1247 1696; x_wconf 94' lang='lat' dir='ltr'>eo</span> <span class='ocrx_word' id='word_1_212' title='bbox 1271 1659 1412 1695; x_wconf 90' lang='lat' dir='ltr'>monte</span> <span class='ocrx_word' id='word_1_213' title='bbox 1433 1654 1511 1693; x_wconf 87' lang='lat' dir='ltr'>Re-</span> 
     </span>
     <span class='ocr_line' id='line_1_29' title="bbox 106 1710 1510 1763; baseline 0 -14"><span class='ocrx_word' id='word_1_214' title='bbox 106 1723 196 1751; x_wconf 88' lang='lat' dir='ltr'>mus</span> <span class='ocrx_word' id='word_1_215' title='bbox 214 1712 326 1751; x_wconf 86' lang='lat' dir='ltr'>urbis</span> <span class='ocrx_word' id='word_1_216' title='bbox 351 1713 596 1751; x_wconf 89' lang='lat' dir='ltr'>condendae</span> <span class='ocrx_word' id='word_1_217' title='bbox 616 1713 747 1762; x_wconf 79' lang='lat' dir='ltr'>gratia</span> <span class='ocrx_word' id='word_1_218' title='bbox 769 1712 1046 1763; x_wconf 86' lang='lat' dir='ltr'>auspicauerit</span> <span class='ocrx_word' id='word_1_219' title='bbox 1067 1723 1254 1762; x_wconf 88' lang='lat' dir='ltr'>auesque</span> <span class='ocrx_word' id='word_1_220' title='bbox 1275 1710 1417 1750; x_wconf 89' lang='lat' dir='ltr'>inritas</span> <span class='ocrx_word' id='word_1_221' title='bbox 1441 1710 1510 1749; x_wconf 88' lang='lat' dir='ltr'>ha-</span> 
     </span>
    </p>

    <p class='ocr_par' dir='ltr' id='par_1_11' title="bbox 72 1766 1510 1978">
     <span class='ocr_line' id='line_1_30' title="bbox 72 1766 1509 1819; baseline -0.003 -10"><span class='ocrx_word' id='word_1_222' title='bbox 72 1774 92 1809; x_wconf 86' lang='lat'><strong>6</strong></span> <span class='ocrx_word' id='word_1_223' title='bbox 110 1768 243 1808; x_wconf 82' lang='lat' dir='ltr'>buerit</span> <span class='ocrx_word' id='word_1_224' title='bbox 272 1774 577 1818; x_wconf 88' lang='lat' dir='ltr'>superatusque</span> <span class='ocrx_word' id='word_1_225' title='bbox 614 1769 652 1808; x_wconf 90' lang='lat' dir='ltr'>in</span> <span class='ocrx_word' id='word_1_226' title='bbox 688 1769 873 1819; x_wconf 91' lang='lat' dir='ltr'>auspicio</span> <span class='ocrx_word' id='word_1_227' title='bbox 898 1781 923 1808; x_wconf 88' lang='lat' dir='ltr'>a</span> <span class='ocrx_word' id='word_1_228' title='bbox 944 1770 1118 1809; x_wconf 85' lang='lat' dir='ltr'>Romulo</span> <span class='ocrx_word' id='word_1_229' title='bbox 1142 1769 1214 1808; x_wconf 88' lang='lat' dir='ltr'>sit:</span> <span class='ocrx_word' id='word_1_230' title='bbox 1276 1766 1509 1814; x_wconf 85' lang='lat' dir='ltr'>Idcirco,</span> 
     </span>
     <span class='ocr_line' id='line_1_31' title="bbox 106 1825 1510 1875; baseline -0.001 -12"><span class='ocrx_word' id='word_1_231' title='bbox 106 1825 255 1874; x_wconf 87' lang='lat' dir='ltr'>inquit,</span> <span class='ocrx_word' id='word_1_232' title='bbox 293 1836 493 1872; x_wconf 86' lang='lat' dir='ltr'>omnes,</span> <span class='ocrx_word' id='word_1_233' title='bbox 543 1825 626 1874; x_wconf 88' lang='lat' dir='ltr'>qui</span> <span class='ocrx_word' id='word_1_234' title='bbox 659 1826 946 1875; x_wconf 89' lang='lat' dir='ltr'>pomerium</span> <span class='ocrx_word' id='word_1_235' title='bbox 977 1826 1338 1875; x_wconf 89' lang='lat' dir='ltr'>protulerunt,</span> <span class='ocrx_word' id='word_1_236' title='bbox 1371 1834 1510 1863; x_wconf 89' lang='lat' dir='ltr'>mon-</span> 
     </span>
     <span class='ocr_line' id='line_1_32' title="bbox 105 1878 1508 1932; baseline -0.001 -13"><span class='ocrx_word' id='word_1_237' title='bbox 105 1887 204 1920; x_wconf 90' lang='lat' dir='ltr'>tem</span> <span class='ocrx_word' id='word_1_238' title='bbox 235 1881 386 1920; x_wconf 89' lang='lat' dir='ltr'>istum</span> <span class='ocrx_word' id='word_1_239' title='bbox 428 1883 800 1930; x_wconf 85' lang='lat' dir='ltr'>excluserunt,</span> <span class='ocrx_word' id='word_1_240' title='bbox 848 1881 1001 1932; x_wconf 88' lang='lat' dir='ltr'>quasi</span> <span class='ocrx_word' id='word_1_241' title='bbox 1032 1880 1215 1920; x_wconf 88' lang='lat' dir='ltr'>auibus</span> <span class='ocrx_word' id='word_1_242' title='bbox 1261 1878 1508 1921; x_wconf 86' lang='lat' dir='ltr'>obscenis</span> 
     </span>
     <span class='ocr_line' id='line_1_33' title="bbox 108 1938 409 1978; baseline -0.007 0"><span class='ocrx_word' id='word_1_243' title='bbox 108 1938 409 1978; x_wconf 88' lang='lat' dir='ltr'>ominosum.</span> 
     </span>
    </p>

    <p class='ocr_par' dir='ltr' id='par_1_12' title="bbox 71 1990 1508 2269">
     <span class='ocr_line' id='line_1_34' title="bbox 71 1990 1507 2045; baseline -0.003 -11"><span class='ocrx_word' id='word_1_244' title='bbox 71 1998 92 2034; x_wconf 85' lang='lat'><strong>7</strong></span> <span class='ocrx_word' id='word_1_245' title='bbox 182 1994 266 2033; x_wconf 88' lang='lat' dir='ltr'>Sed</span> <span class='ocrx_word' id='word_1_246' title='bbox 307 1995 357 2033; x_wconf 91' lang='lat' dir='ltr'>de</span> <span class='ocrx_word' id='word_1_247' title='bbox 388 1994 598 2034; x_wconf 80' lang='lat' dir='ltr'>Auentino</span> <span class='ocrx_word' id='word_1_248' title='bbox 635 2000 776 2034; x_wconf 91' lang='lat' dir='ltr'>monte</span> <span class='ocrx_word' id='word_1_249' title='bbox 807 1993 1219 2045; x_wconf 87' lang='lat' dir='ltr'>praetermittendum</span> <span class='ocrx_word' id='word_1_250' title='bbox 1246 2005 1329 2033; x_wconf 89' lang='lat' dir='ltr'>non</span> <span class='ocrx_word' id='word_1_251' title='bbox 1352 1990 1507 2043; x_wconf 89' lang='lat' dir='ltr'>putaui,</span> 
     </span>
     <span class='ocr_line' id='line_1_35' title="bbox 110 2049 1508 2101; baseline 0 -14"><span class='ocrx_word' id='word_1_252' title='bbox 110 2051 221 2099; x_wconf 90' lang='lat' dir='ltr'>quod</span> <span class='ocrx_word' id='word_1_253' title='bbox 242 2062 323 2090; x_wconf 90' lang='lat' dir='ltr'>non</span> <span class='ocrx_word' id='word_1_254' title='bbox 342 2051 500 2100; x_wconf 87' lang='lat' dir='ltr'>pridem</span> <span class='ocrx_word' id='word_1_255' title='bbox 519 2062 596 2100; x_wconf 78' lang='lat' dir='ltr'>ego</span> <span class='ocrx_word' id='word_1_256' title='bbox 620 2051 667 2090; x_wconf 93' lang='lat' dir='ltr'>in</span> <span class='ocrx_word' id='word_1_257' title='bbox 692 2051 896 2101; x_wconf 87' lang='lat' dir='ltr'>Elydis,</span> <span class='ocrx_word' id='word_1_258' title='bbox 921 2049 1174 2099; x_wconf 83' lang='lat' dir='ltr'>grammatici</span> <span class='ocrx_word' id='word_1_259' title='bbox 1197 2049 1361 2097; x_wconf 87' lang='lat' dir='ltr'>ueteris,</span> <span class='ocrx_word' id='word_1_260' title='bbox 1385 2059 1508 2088; x_wconf 87' lang='lat' dir='ltr'>com-</span> 
     </span>
     <span class='ocr_line' id='line_1_36' title="bbox 109 2106 1506 2157; baseline -0.002 -12"><span class='ocrx_word' id='word_1_261' title='bbox 109 2117 180 2145; x_wconf 90' lang='lat' dir='ltr'>me</span> <span class='ocrx_word' id='word_1_262' title='bbox 195 2107 364 2146; x_wconf 86' lang='lat' dir='ltr'>ntario</span> <span class='ocrx_word' id='word_1_263' title='bbox 389 2107 565 2154; x_wconf 83' lang='lat' dir='ltr'>offendi,</span> <span class='ocrx_word' id='word_1_264' title='bbox 588 2107 627 2146; x_wconf 92' lang='lat' dir='ltr'>in</span> <span class='ocrx_word' id='word_1_265' title='bbox 654 2119 735 2156; x_wconf 84' lang='lat' dir='ltr'>quo</span> <span class='ocrx_word' id='word_1_266' title='bbox 758 2107 955 2157; x_wconf 88' lang='lat' dir='ltr'>scriptum</span> <span class='ocrx_word' id='word_1_267' title='bbox 974 2111 1078 2154; x_wconf 87' lang='lat' dir='ltr'>erat,</span> <span class='ocrx_word' id='word_1_268' title='bbox 1101 2106 1352 2146; x_wconf 87' lang='lat' dir='ltr'>Auentinum</span> <span class='ocrx_word' id='word_1_269' title='bbox 1374 2107 1506 2150; x_wconf 83' lang='lat' dir='ltr'>antea,</span> 
     </span>
     <span class='ocr_line' id='line_1_37' title="bbox 109 2160 1506 2213; baseline -0.001 -13"><span class='ocrx_word' id='word_1_270' title='bbox 109 2161 226 2200; x_wconf 87' lang='lat' dir='ltr'>sicuti</span> <span class='ocrx_word' id='word_1_271' title='bbox 249 2163 445 2210; x_wconf 85' lang='lat' dir='ltr'>diximus,</span> <span class='ocrx_word' id='word_1_272' title='bbox 474 2168 589 2202; x_wconf 85' lang='lat' dir='ltr'>extra</span> <span class='ocrx_word' id='word_1_273' title='bbox 606 2163 835 2213; x_wconf 88' lang='lat' dir='ltr'>pomerium</span> <span class='ocrx_word' id='word_1_274' title='bbox 851 2163 1084 2210; x_wconf 88' lang='lat' dir='ltr'>exclusum,</span> <span class='ocrx_word' id='word_1_275' title='bbox 1106 2167 1204 2212; x_wconf 91' lang='lat' dir='ltr'>post</span> <span class='ocrx_word' id='word_1_276' title='bbox 1223 2167 1393 2202; x_wconf 88' lang='lat' dir='ltr'>auctore</span> <span class='ocrx_word' id='word_1_277' title='bbox 1409 2160 1506 2200; x_wconf 86' lang='lat' dir='ltr'>diuo</span> 
     </span>
     <span class='ocr_line' id='line_1_38' title="bbox 110 2218 1333 2269; baseline 0.002 -14"><span class='ocrx_word' id='word_1_278' title='bbox 110 2218 276 2259; x_wconf 88' lang='lat' dir='ltr'>Claudio</span> <span class='ocrx_word' id='word_1_279' title='bbox 303 2225 516 2268; x_wconf 86' lang='lat' dir='ltr'>receptum</span> <span class='ocrx_word' id='word_1_280' title='bbox 542 2225 581 2258; x_wconf 88' lang='lat' dir='ltr'>et</span> <span class='ocrx_word' id='word_1_281' title='bbox 605 2219 710 2258; x_wconf 90' lang='lat' dir='ltr'>intra</span> <span class='ocrx_word' id='word_1_282' title='bbox 731 2218 904 2269; x_wconf 88' lang='lat' dir='ltr'>pomerii</span> <span class='ocrx_word' id='word_1_283' title='bbox 925 2219 1029 2258; x_wconf 90' lang='lat' dir='ltr'>fines</span> <span class='ocrx_word' id='word_1_284' title='bbox 1053 2219 1333 2259; x_wconf 88' lang='lat' dir='ltr'>obseruatum.</span> 
     </span>
    </p>
   </div>
  </div>
 </body>
</html>
