1619 2476
94 28 150 70 48
689 26 757 65 XI.
790 36 908 64 xvm.

95 143 136 182 in
154 141 309 181 artibus
327 138 613 190 repperiendis
639 139 832 177 sollertes
851 136 1039 177 extitisse
1056 142 1097 177 et
1117 136 1157 177 in
1176 137 1416 188 cognitione
1438 149 1501 179 re·

96 210 186 238 rum
204 196 439 246 indaganda
456 205 651 244 sagaces,
670 194 778 233 furta
795 193 931 233 omnia
949 193 1079 234 fuisse
1094 192 1204 234 licita
1220 199 1261 234 et
1274 194 1499 244 inpoenita.
1530 220 1535 221 ν

39 263 81 298 17
179 256 293 303 Aput
307 251 661 291 Lacedaemonios
680 260 862 299 quoque,
881 250 1047 290 sobrios
1064 249 1157 290 illos
1176 254 1217 290 et
1233 261 1352 291 acres
1368 250 1498 298 uiros,

97 310 214 350 cuius
231 308 290 348 rei
306 320 389 347 non
408 308 513 347 adeo
530 305 804 357 utAegyptiis
817 306 923 345 fides
937 306 1163 356 longinqua
1181 311 1258 355 est,
1276 318 1359 347 non
1378 307 1500 357 pauci

94 377 230 416 neque
246 364 451 415 ignobiles
469 363 711 413 scriptores,
731 361 799 412 qui
818 363 870 402 de
887 362 1072 403 moribus
1090 361 1338 414 legibusque
1353 375 1499 404 eorum

93 422 315 463 memorias
338 420 626 467 condiderunt,
649 419 712 458 ius
731 423 856 468 atque
872 430 993 459 usum
1017 418 1147 459 fuisse
1165 418 1328 459 furandi
1344 419 1499 467 dicunt,

91 479 217 529 idque.
249 490 272 517 a
307 478 522 518 iuuentute
562 487 725 522 eorum,
758 486 841 515 non
874 476 926 514 ad
961 475 1096 526 turpia
1131 476 1248 515 lucra
1274 487 1410 526 neque
1447 476 1500 516 ad

93 540 304 586 sumptum
328 533 483 573 libidini
507 532 794 584 praebendum
822 533 1199 582 comparandamue
1232 532 1498 583 opulentiam,

94 593 170 632 sed
197 603 272 642 pro
292 590 489 630 exercitio
514 588 814 639 disciplinaque
838 588 897 627 rei
923 588 1095 628 bellicae
1115 587 1363 638 factitatum,
1386 589 1499 653 quod

94 653 134 688 et
158 647 321 688 furandi
337 646 523 687 sollertia
545 652 585 685 et
605 645 839 685 adsuetudo
859 655 985 684 acue1
988 650 1027 685 et
1043 645 1314 696 firmaretque
1338 645 1498 686 animos

93 703 422 745 adulescentium
442 708 482 742 et
509 703 561 742 ad
581 702 823 741 insidiarum
843 706 958 742 astus
977 706 1017 741 et
1034 702 1087 742 ad
1103 700 1299 752 uigilandi
1321 703 1499 742 tolerati

91 761 190 801 tiam
211 767 251 801 et
267 761 319 800 ad
342 759 571 823 obrependi
589 758 853 798 celeritatem.

36 826 81 862 18
183 818 267 858 Sed
299 817 404 856 enim
436 817 490 855 M.
524 817 644 855 Cato
677 814 717 854 in
755 814 1016 862 oratione,
1054 826 1178 864 quam
1209 815 1269 855 de
1306 816 1499 865 praeda

94 874 349 915 militibus
372 871 654 912 diuidenda
677 870 862 921 scripsit,
889 871 1151 912 uenientibus
1183 876 1224 912 et
1256 871 1498 912 inlustribus

92 931 232 972 uerbis
265 930 317 969 de
348 928 575 979 inpunitate
607 929 826 979 peculatus
856 932 982 977 atque
1013 927 1178 968 licentia
1214 928 1498 978 conqueritur.

93 989 153 1028 Ea
169 987 311 1033 uerba,
335 985 530 1036 quoniam
549 985 669 1025 nobis
687 984 862 1034 inpense
884 985 1152 1034 placuerunt,
1175 983 1497 1025 adscribsimus:

92 1045 274 1090 Fures,
298 1042 440 1092 inquit,
460 1041 790 1091 priuatorum
811 1041 1065 1081 furtorum
1087 1040 1136 1080 in
1160 1052 1321 1081 neruo
1344 1046 1500 1091 atque

94 1101 141 1140 in
180 1098 521 1150 compedibus
562 1103 789 1138 aetatem
826 1102 1001 1146 agunt,
1039 1098 1181 1138 fures
1221 1097 1419 1149 publici
1453 1097 1499 1137 in

93 1168 216 1197 auro
241 1161 396 1206 atque
421 1155 467 1194 in
494 1166 738 1206 purpura.

37 1222 81 1258 19
174 1214 302 1263 Quam
321 1219 435 1252 caste
453 1216 589 1251 autem
607 1222 655 1250 ac
667 1209 861 1260 religiose
879 1221 903 1249 a
919 1209 1255 1261 prudentissimis
1273 1209 1387 1258 uiris,
1400 1209 1500 1259 quid

94 1275 207 1310 esset
240 1270 441 1316 ‘furtum’,
465 1268 677 1307 definitum
703 1267 774 1314 sit,
805 1267 1155 1316 praetereundum
1183 1277 1267 1306 non
1295 1270 1418 1317 puto,
1448 1276 1500 1305 ne

95 1326 187 1376 quis
210 1337 304 1365 eum
322 1326 457 1365 solum
475 1335 570 1363 esse
589 1325 722 1362 iurem
740 1328 876 1372 putet,
900 1321 969 1371 qui
992 1323 1155 1362 occulte
1178 1321 1285 1362 tollit
1307 1326 1378 1362 aut
1395 1322 1500 1361 clam

35 1381 285 1432 20subripit.
345 1381 486 1420 Verba
510 1385 607 1419 sunt
630 1377 809 1419 Sabini
835 1389 886 1417 ex
908 1377 1041 1418 libro
1066 1376 1194 1418 iuris
1217 1377 1398 1419 ciuilis
1421 1389 1500 1418 se-

97 1439 284 1479 cundo:
309 1436 399 1487 Qui
422 1436 642 1476 alienam
665 1446 766 1474 rem
788 1433 1262 1482 adtrectauit‚cum
1282 1434 1332 1475 id
1352 1445 1407 1474 se
1430 1434 1499 1475 in-

94 1495 202 1535 uito
233 1493 438 1535 domino
471 1494 646 1532 facere
677 1491 912 1531 iudicare
935 1490 1166 1539 deberet,
1199 1491 1327 1531 furti
1354 1496 1500 1531 tene-

35 1556 187 1596 21tur.
248 1552 348 1590 Item
379 1549 457 1589 alio
491 1548 642 1598 capite:
672 1548 763 1597 Qui
796 1546 1020 1587 alienum
1047 1552 1235 1588 tacens
1266 1547 1400 1588 lucri
1430 1548 1499 1587 sa-

94 1606 263 1648 ciendi
304 1617 466 1647 causa
502 1605 746 1653 sustulit,
795 1603 918 1644 furti
958 1603 1342 1655 obstringitur,
1387 1603 1499 1644 siue

93 1664 210 1712 scit,
235 1663 380 1704 cuius
403 1662 492 1711 sit,
515 1661 626 1702 siue
645 1660 830 1701 nescit.

36 1730 82 1764 22
178 1722 292 1760 Haec
310 1719 477 1770 quidem
495 1718 554 1758 sic
576 1718 616 1758 in
635 1729 699 1766 eo,
723 1729 806 1768 quo
825 1727 935 1757 nunc
955 1715 1060 1765 dixi,
1085 1717 1113 1757 S
1126 1717 1312 1759 abinus
1333 1716 1500 1758 scribsit

37 1785 82 1821 23
97 1778 148 1817 de
165 1778 291 1817 rebus
311 1775 407 1816 furti
427 1774 606 1815 faciendi
628 1785 755 1815 causa
772 1772 1027 1814 adtrectatis.
1070 1773 1156 1814 Sed
1176 1773 1414 1816 meminisse
1430 1774 1498 1813 de-

93 1835 259 1882 bemus,
283 1833 515 1874 secundum
542 1843 611 1881 ea,
643 1842 750 1882 quae
782 1840 910 1880 supra
932 1828 1100 1878 scribsi,
1124 1831 1276 1872 furtum
1305 1831 1396 1871 sine
1417 1831 1500 1871 ulla

96 1901 264 1940 quoque
281 1889 584 1929 adtrectatione
602 1888 691 1928 fieri
709 1898 853 1939 posse,
879 1887 971 1927 sola
986 1891 1123 1926 mente
1145 1884 1271 1937 atque
1286 1887 1437 1935 animo,
1453 1891 1500 1926 ut

38 1954 84 1989 24
96 1948 248 1987 furtum
265 1947 350 1994 fiat,
372 1945 597 1986 adnitente.
632 1944 836 1995 Quocirca
854 1953 907 1983 ne
925 1942 967 1982 id
988 1942 1155 1993 quidem
1178 1942 1403 1984 Sabinus
1426 1943 1497 1982 du-

95 2003 224 2043 bitare
242 2014 288 2043 se
307 2002 374 2050 ait,
389 2002 485 2052 quin
499 2001 691 2043 dominus
709 2000 804 2042 furti
821 1998 874 2040 sit
890 1999 1277 2050 condempnandus‚
1290 1999 1361 2051 qui
1371 2009 1496 2040 seruo

95 2071 194 2112 suo,
218 2059 276 2100 uti
299 2060 451 2099 furtum
478 2059 650 2106 faceret,
679 2055 910 2107 imperauit.
