<?xml version="1.0" encoding="UTF-8"?>
<!DOCTYPE html PUBLIC "-//W3C//DTD XHTML 1.0 Transitional//EN"
    "http://www.w3.org/TR/xhtml1/DTD/xhtml1-transitional.dtd">
<html xmlns="http://www.w3.org/1999/xhtml" xml:lang="en" lang="en">
 <head>
  <title>
</title>
<meta http-equiv="Content-Type" content="text/html;charset=utf-8" />
  <meta name='ocr-system' content='tesseract 3.04.00' />
  <meta name='ocr-capabilities' content='ocr_page ocr_carea ocr_par ocr_line ocrx_word'/>
</head>
<body>
  <div class='ocr_page' id='page_1' title='image "./agelliinoctivmat00gelluoft_0407.png"; bbox 0 0 1635 2492; ppageno 0'>
   <div class='ocr_carea' id='block_1_1' title="bbox 627 23 1492 65">
    <p class='ocr_par' dir='ltr' id='par_1_1' title="bbox 627 23 1492 65">
     <span class='ocr_line' id='line_1_1' title="bbox 627 23 1492 65; baseline -0.001 0"><span class='ocrx_word' id='word_1_1' title='bbox 627 27 750 65; x_wconf 81' lang='lat' dir='ltr'>Xllll.</span> <span class='ocrx_word' id='word_1_2' title='bbox 782 39 837 65; x_wconf 74' lang='lat' dir='ltr'>vl.</span> <span class='ocrx_word' id='word_1_3' title='bbox 870 38 945 65; x_wconf 81' lang='lat' dir='ltr'>vn.</span> <span class='ocrx_word' id='word_1_4' title='bbox 1413 23 1492 64; x_wconf 77' lang='lat'>121</span> 
     </span>
    </p>
   </div>
   <div class='ocr_carea' id='block_1_2' title="bbox 76 139 1495 532">
    <p class='ocr_par' dir='ltr' id='par_1_2' title="bbox 76 139 1495 532">
     <span class='ocr_line' id='line_1_2' title="bbox 78 139 1492 190; baseline -0.004 -8"><span class='ocrx_word' id='word_1_5' title='bbox 78 142 229 182; x_wconf 86' lang='lat' dir='ltr'>librum</span> <span class='ocrx_word' id='word_1_6' title='bbox 250 140 362 182; x_wconf 83' lang='lat' dir='ltr'>hunc</span> <span class='ocrx_word' id='word_1_7' title='bbox 394 139 758 190; x_wconf 86' lang='lat' dir='ltr'>opulentissimum</span> <span class='ocrx_word' id='word_1_8' title='bbox 781 139 940 189; x_wconf 82' lang='lat' dir='ltr'>recipe,</span> <span class='ocrx_word' id='word_1_9' title='bbox 981 140 1036 178; x_wconf 88' lang='lat' dir='ltr'>nil</span> <span class='ocrx_word' id='word_1_10' title='bbox 1060 150 1214 190; x_wconf 87' lang='lat' dir='ltr'>prosus</span> <span class='ocrx_word' id='word_1_11' title='bbox 1241 139 1294 178; x_wconf 82' lang='lat' dir='ltr'>ad</span> <span class='ocrx_word' id='word_1_12' title='bbox 1323 143 1492 178; x_wconf 81' lang='lat' dir='ltr'>nostras</span> 
     </span>
     <span class='ocr_line' id='line_1_3' title="bbox 78 196 1492 250; baseline -0.004 -11"><span class='ocrx_word' id='word_1_13' title='bbox 78 197 348 250; x_wconf 81' lang='lat' dir='ltr'>paupertinas</span> <span class='ocrx_word' id='word_1_14' title='bbox 366 196 506 243; x_wconf 83' lang='lat' dir='ltr'>literas</span> <span class='ocrx_word' id='word_1_15' title='bbox 525 202 838 247; x_wconf 84' lang='lat' dir='ltr'>congruentem.</span> <span class='ocrx_word' id='word_1_16' title='bbox 870 197 971 236; x_wconf 90' lang='lat' dir='ltr'>Nam</span> <span class='ocrx_word' id='word_1_17' title='bbox 990 209 1028 236; x_wconf 96' lang='lat' dir='ltr'>m</span> <span class='ocrx_word' id='word_1_18' title='bbox 1039 208 1061 236; x_wconf 94' lang='lat' dir='ltr'>e</span> <span class='ocrx_word' id='word_1_19' title='bbox 1073 208 1096 235; x_wconf 91' lang='lat' dir='ltr'>a</span> <span class='ocrx_word' id='word_1_20' title='bbox 1110 207 1132 235; x_wconf 92' lang='lat' dir='ltr'>e</span> <span class='ocrx_word' id='word_1_21' title='bbox 1158 208 1182 235; x_wconf 90' lang='lat' dir='ltr'>n</span> <span class='ocrx_word' id='word_1_22' title='bbox 1196 207 1219 236; x_wconf 93' lang='lat' dir='ltr'>o</span> <span class='ocrx_word' id='word_1_23' title='bbox 1233 207 1254 235; x_wconf 94' lang='lat' dir='ltr'>c</span> <span class='ocrx_word' id='word_1_24' title='bbox 1265 201 1280 235; x_wconf 94' lang='lat' dir='ltr'>t</span> <span class='ocrx_word' id='word_1_25' title='bbox 1290 207 1312 235; x_wconf 87' lang='lat' dir='ltr'>e</span> <span class='ocrx_word' id='word_1_26' title='bbox 1324 208 1343 236; x_wconf 93' lang='lat' dir='ltr'>s</span> <span class='ocrx_word' id='word_1_27' title='bbox 1358 228 1367 243; x_wconf 92' lang='lat'>,</span> <span class='ocrx_word' id='word_1_28' title='bbox 1388 206 1492 245; x_wconf 88' lang='lat' dir='ltr'>quas</span> 
     </span>
     <span class='ocr_line' id='line_1_4' title="bbox 76 252 1494 304; baseline -0.004 -8"><span class='ocrx_word' id='word_1_29' title='bbox 76 256 327 296; x_wconf 87' lang='lat' dir='ltr'>instructum</span> <span class='ocrx_word' id='word_1_30' title='bbox 345 258 623 304; x_wconf 85' lang='lat' dir='ltr'>ornatumque</span> <span class='ocrx_word' id='word_1_31' title='bbox 642 252 728 302; x_wconf 91' lang='lat' dir='ltr'>isti,</span> <span class='ocrx_word' id='word_1_32' title='bbox 762 253 814 293; x_wconf 90' lang='lat' dir='ltr'>de</span> <span class='ocrx_word' id='word_1_33' title='bbox 835 265 919 293; x_wconf 90' lang='lat' dir='ltr'>uno</span> <span class='ocrx_word' id='word_1_34' title='bbox 949 253 1127 292; x_wconf 80' lang='lat' dir='ltr'>maxime</span> <span class='ocrx_word' id='word_1_35' title='bbox 1151 252 1220 293; x_wconf 93' lang='lat' dir='ltr'>illo</span> <span class='ocrx_word' id='word_1_36' title='bbox 1239 264 1368 293; x_wconf 89' lang='lat' dir='ltr'>uersu</span> <span class='ocrx_word' id='word_1_37' title='bbox 1391 253 1426 291; x_wconf 93' lang='lat' dir='ltr'>H</span> <span class='ocrx_word' id='word_1_38' title='bbox 1440 264 1464 292; x_wconf 95' lang='lat' dir='ltr'>o</span> <span class='ocrx_word' id='word_1_39' title='bbox 1480 275 1494 280; x_wconf 94' lang='lat'><em>-</em></span> 
     </span>
     <span class='ocr_line' id='line_1_5' title="bbox 77 309 1495 376; baseline -0.003 -24"><span class='ocrx_word' id='word_1_40' title='bbox 77 324 116 352; x_wconf 90' lang='lat' dir='ltr'>m</span> <span class='ocrx_word' id='word_1_41' title='bbox 131 323 155 352; x_wconf 91' lang='lat' dir='ltr'>e</span> <span class='ocrx_word' id='word_1_42' title='bbox 171 311 215 351; x_wconf 93' lang='lat' dir='ltr'>ri</span> <span class='ocrx_word' id='word_1_43' title='bbox 237 315 457 376; x_wconf 53' lang='lat' dir='ltr'>quaerunt,</span> <span class='ocrx_word' id='word_1_44' title='bbox 491 321 615 360; x_wconf 88' lang='lat' dir='ltr'>quem</span> <span class='ocrx_word' id='word_1_45' title='bbox 634 309 662 350; x_wconf 89' lang='lat' dir='ltr'>S</span> <span class='ocrx_word' id='word_1_46' title='bbox 676 322 699 350; x_wconf 94' lang='lat' dir='ltr'>o</span> <span class='ocrx_word' id='word_1_47' title='bbox 714 315 894 350; x_wconf 88' lang='lat' dir='ltr'>crates</span> <span class='ocrx_word' id='word_1_48' title='bbox 911 321 1013 360; x_wconf 89' lang='lat' dir='ltr'>prae</span> <span class='ocrx_word' id='word_1_49' title='bbox 1037 309 1230 350; x_wconf 85' lang='lat' dir='ltr'>omnibus</span> <span class='ocrx_word' id='word_1_50' title='bbox 1249 320 1417 360; x_wconf 87' lang='lat' dir='ltr'>semper</span> <span class='ocrx_word' id='word_1_51' title='bbox 1433 320 1495 348; x_wconf 86' lang='lat' dir='ltr'>re-</span> 
     </span>
     <span class='ocr_line' id='line_1_6' title="bbox 77 366 724 409; baseline -0.005 0"><span class='ocrx_word' id='word_1_52' title='bbox 77 369 156 409; x_wconf 91' lang='lat' dir='ltr'>bus</span> <span class='ocrx_word' id='word_1_53' title='bbox 175 367 254 408; x_wconf 81' lang='lat' dir='ltr'>sibi</span> <span class='ocrx_word' id='word_1_54' title='bbox 277 379 375 409; x_wconf 89' lang='lat' dir='ltr'>esse</span> <span class='ocrx_word' id='word_1_55' title='bbox 398 367 516 408; x_wconf 90' lang='lat' dir='ltr'>cordi</span> <span class='ocrx_word' id='word_1_56' title='bbox 537 366 724 407; x_wconf 89' lang='lat' dir='ltr'>dicebat:</span> 
     </span>
     <span class='ocr_line' id='line_1_7' title="bbox 125 428 1495 488; baseline -0.002 -11"><span class='ocrx_word' id='word_1_57' title='bbox 125 430 180 476; x_wconf 76' lang='lat' dir='ltr'>“O</span> <span class='ocrx_word' id='word_1_58' title='bbox 204 435 292 477; x_wconf 83' lang='grc' dir='ltr'>ττί</span> <span class='ocrx_word' id='word_1_59' title='bbox 309 449 394 476; x_wconf 86' lang='grc' dir='ltr'>τοι</span> <span class='ocrx_word' id='word_1_60' title='bbox 420 433 478 476; x_wconf 85' lang='grc' dir='ltr'>ἐν</span> <span class='ocrx_word' id='word_1_61' title='bbox 494 429 799 488; x_wconf 77' lang='grc' dir='ltr'><em>μεγάροισι</em></span> <span class='ocrx_word' id='word_1_62' title='bbox 820 430 996 475; x_wconf 82' lang='grc' dir='ltr'><strong><em>κακόν</em></strong></span> <span class='ocrx_word' id='word_1_63' title='bbox 1019 428 1060 475; x_wconf 81' lang='grc' dir='ltr'>τ’</span> <span class='ocrx_word' id='word_1_64' title='bbox 1081 429 1302 487; x_wconf 75' lang='grc' dir='ltr'><em>ἀγαθόν</em></span> <span class='ocrx_word' id='word_1_65' title='bbox 1326 448 1381 475; x_wconf 84' lang='grc' dir='ltr'>τε</span> <span class='ocrx_word' id='word_1_66' title='bbox 1406 432 1495 474; x_wconf 83' lang='grc' dir='ltr'><strong><em>τέ·-</em></strong></span> 
     </span>
     <span class='ocr_line' id='line_1_8' title="bbox 915 495 1147 532; baseline -0.004 0"><span class='ocrx_word' id='word_1_67' title='bbox 915 505 939 532; x_wconf 82' lang='grc' dir='ltr'><strong><em>τ</em></strong></span> <span class='ocrx_word' id='word_1_68' title='bbox 950 505 979 532; x_wconf 92' lang='grc' dir='ltr'><strong>υ</strong></span> <span class='ocrx_word' id='word_1_69' title='bbox 990 505 1086 532; x_wconf 82' lang='grc' dir='ltr'>κτα</span> <span class='ocrx_word' id='word_1_70' title='bbox 1100 495 1147 531; x_wconf 83' lang='grc' dir='ltr'>ι.’</span> 
     </span>
    </p>
   </div>
   <div class='ocr_carea' id='block_1_3' title="bbox 742 595 830 636">
    <p class='ocr_par' dir='ltr' id='par_1_3' title="bbox 742 595 830 636">
     <span class='ocr_line' id='line_1_9' title="bbox 742 595 830 636; baseline -0.023 0"><span class='ocrx_word' id='word_1_71' title='bbox 742 595 830 636; x_wconf 84' lang='lat' dir='ltr'>Vn.</span> 
     </span>
    </p>
   </div>
   <div class='ocr_carea' id='block_1_4' title="bbox 79 675 1491 829">
    <p class='ocr_par' dir='ltr' id='par_1_4' title="bbox 79 675 1491 829">
     <span class='ocr_line' id='line_1_10' title="bbox 79 675 1478 724; baseline 0.001 -10"><span class='ocrx_word' id='word_1_72' title='bbox 79 677 190 724; x_wconf 86' lang='lat' dir='ltr'>Quod</span> <span class='ocrx_word' id='word_1_73' title='bbox 208 678 259 713; x_wconf 88' lang='lat' dir='ltr'>M.</span> <span class='ocrx_word' id='word_1_74' title='bbox 272 677 396 712; x_wconf 85' lang='lat' dir='ltr'>Varro</span> <span class='ocrx_word' id='word_1_75' title='bbox 419 676 487 714; x_wconf 89' lang='lat' dir='ltr'>Cn.</span> <span class='ocrx_word' id='word_1_76' title='bbox 506 677 701 724; x_wconf 88' lang='lat' dir='ltr'>Pompeio,</span> <span class='ocrx_word' id='word_1_77' title='bbox 724 677 870 713; x_wconf 85' lang='lat' dir='ltr'>consuli</span> <span class='ocrx_word' id='word_1_78' title='bbox 887 677 1049 723; x_wconf 84' lang='lat' dir='ltr'>primum</span> <span class='ocrx_word' id='word_1_79' title='bbox 1071 675 1284 724; x_wconf 84' lang='lat' dir='ltr'>designato,</span> <span class='ocrx_word' id='word_1_80' title='bbox 1304 688 1478 715; x_wconf 87' lang='lat' dir='ltr'>commen</span> 
     </span>
     <span class='ocr_line' id='line_1_11' title="bbox 133 732 1491 781; baseline 0 -10"><span class='ocrx_word' id='word_1_81' title='bbox 133 735 271 772; x_wconf 85' lang='lat' dir='ltr'>tarium</span> <span class='ocrx_word' id='word_1_82' title='bbox 290 732 394 771; x_wconf 87' lang='lat' dir='ltr'>dedit</span> <span class='ocrx_word' id='word_1_83' title='bbox 407 762 416 778; x_wconf 94' lang='lat'>,</span> <span class='ocrx_word' id='word_1_84' title='bbox 439 744 551 780; x_wconf 88' lang='lat' dir='ltr'>quem</span> <span class='ocrx_word' id='word_1_85' title='bbox 570 734 776 781; x_wconf 84' lang='lat' dir='ltr'>appellauit</span> <span class='ocrx_word' id='word_1_86' title='bbox 792 735 874 781; x_wconf 89' lang='lat' dir='ltr'>ipse</span> <span class='ocrx_word' id='word_1_87' title='bbox 891 734 1130 781; x_wconf 83' lang='lat' dir='ltr'>isagogicum</span> <span class='ocrx_word' id='word_1_88' title='bbox 1143 762 1152 778; x_wconf 93' lang='lat'>,</span> <span class='ocrx_word' id='word_1_89' title='bbox 1173 733 1220 770; x_wconf 86' lang='lat' dir='ltr'>de</span> <span class='ocrx_word' id='word_1_90' title='bbox 1239 733 1365 771; x_wconf 80' lang='lat' dir='ltr'>officio</span> <span class='ocrx_word' id='word_1_91' title='bbox 1385 746 1491 772; x_wconf 73' lang='lat' dir='ltr'>sena-</span> 
     </span>
     <span class='ocr_line' id='line_1_12' title="bbox 133 790 398 829; baseline -0.011 -1"><span class='ocrx_word' id='word_1_92' title='bbox 133 797 192 829; x_wconf 87' lang='lat' dir='ltr'>tus</span> <span class='ocrx_word' id='word_1_93' title='bbox 216 790 398 827; x_wconf 86' lang='lat' dir='ltr'>habendi.</span> 
     </span>
    </p>
   </div>
   <div class='ocr_carea' id='block_1_5' title="bbox 23 878 1537 2291">
    <p class='ocr_par' dir='ltr' id='par_1_5' title="bbox 72 878 1537 1544">
     <span class='ocr_line' id='line_1_13' title="bbox 163 878 1535 929; baseline 0.002 -11"><span class='ocrx_word' id='word_1_94' title='bbox 163 879 280 919; x_wconf 90' lang='lat' dir='ltr'>Gneo</span> <span class='ocrx_word' id='word_1_95' title='bbox 300 878 500 929; x_wconf 87' lang='lat' dir='ltr'>Pompeio</span> <span class='ocrx_word' id='word_1_96' title='bbox 533 880 777 918; x_wconf 87' lang='lat' dir='ltr'>consulatus</span> <span class='ocrx_word' id='word_1_97' title='bbox 810 878 968 928; x_wconf 84' lang='lat' dir='ltr'>primus</span> <span class='ocrx_word' id='word_1_98' title='bbox 992 889 1086 918; x_wconf 93' lang='lat' dir='ltr'>cum</span> <span class='ocrx_word' id='word_1_99' title='bbox 1112 878 1166 917; x_wconf 88' lang='grc' dir='ltr'>Μ.</span> <span class='ocrx_word' id='word_1_100' title='bbox 1199 878 1350 919; x_wconf 81' lang='lat' dir='ltr'>Crasso</span> <span class='ocrx_word' id='word_1_101' title='bbox 1385 880 1492 920; x_wconf 88' lang='lat' dir='ltr'>desi·</span> <span class='ocrx_word' id='word_1_102' title='bbox 1515 887 1535 921; x_wconf 93' lang='lat'>1</span> 
     </span>
     <span class='ocr_line' id='line_1_14' title="bbox 75 934 1535 987; baseline 0.001 -11"><span class='ocrx_word' id='word_1_103' title='bbox 75 941 226 987; x_wconf 84' lang='lat' dir='ltr'>gnatus</span> <span class='ocrx_word' id='word_1_104' title='bbox 249 941 328 977; x_wconf 88' lang='lat' dir='ltr'>est.</span> <span class='ocrx_word' id='word_1_105' title='bbox 366 937 473 976; x_wconf 88' lang='lat' dir='ltr'>Eum</span> <span class='ocrx_word' id='word_1_106' title='bbox 494 935 780 985; x_wconf 84' lang='lat' dir='ltr'>magistratum</span> <span class='ocrx_word' id='word_1_107' title='bbox 803 935 1026 986; x_wconf 90' lang='lat' dir='ltr'>Pompeius</span> <span class='ocrx_word' id='word_1_108' title='bbox 1049 946 1142 975; x_wconf 88' lang='lat' dir='ltr'>cum</span> <span class='ocrx_word' id='word_1_109' title='bbox 1163 934 1339 976; x_wconf 90' lang='lat' dir='ltr'>initurus</span> <span class='ocrx_word' id='word_1_110' title='bbox 1370 938 1490 986; x_wconf 86' lang='lat' dir='ltr'>soret,</span> <span class='ocrx_word' id='word_1_111' title='bbox 1513 943 1535 977; x_wconf 79' lang='lat'>2</span> 
     </span>
     <span class='ocr_line' id='line_1_15' title="bbox 77 992 1491 1044; baseline 0.001 -11"><span class='ocrx_word' id='word_1_112' title='bbox 77 993 274 1043; x_wconf 84' lang='lat' dir='ltr'>quoniam</span> <span class='ocrx_word' id='word_1_113' title='bbox 289 1004 366 1044; x_wconf 92' lang='lat' dir='ltr'>per</span> <span class='ocrx_word' id='word_1_114' title='bbox 381 992 548 1032; x_wconf 89' lang='lat' dir='ltr'>militiae</span> <span class='ocrx_word' id='word_1_115' title='bbox 565 996 755 1043; x_wconf 89' lang='lat' dir='ltr'>tempora</span> <span class='ocrx_word' id='word_1_116' title='bbox 767 998 936 1032; x_wconf 78' lang='lat' dir='ltr'>senatus</span> <span class='ocrx_word' id='word_1_117' title='bbox 946 992 1128 1032; x_wconf 83' lang='lat' dir='ltr'>habendi</span> <span class='ocrx_word' id='word_1_118' title='bbox 1144 993 1491 1044; x_wconf 86' lang='lat' dir='ltr'>consulendique,</span> 
     </span>
     <span class='ocr_line' id='line_1_16' title="bbox 76 1048 1491 1100; baseline 0.001 -11"><span class='ocrx_word' id='word_1_119' title='bbox 76 1061 215 1089; x_wconf 89' lang='lat' dir='ltr'>rerum</span> <span class='ocrx_word' id='word_1_120' title='bbox 238 1060 392 1100; x_wconf 81' lang='lat' dir='ltr'>expers</span> <span class='ocrx_word' id='word_1_121' title='bbox 423 1050 677 1089; x_wconf 85' lang='lat' dir='ltr'>urbanarum</span> <span class='ocrx_word' id='word_1_122' title='bbox 700 1048 794 1096; x_wconf 81' lang='lat' dir='ltr'>fuit,</span> <span class='ocrx_word' id='word_1_123' title='bbox 824 1050 878 1088; x_wconf 92' lang='lat' dir='ltr'>M.</span> <span class='ocrx_word' id='word_1_124' title='bbox 901 1051 1213 1097; x_wconf 86' lang='lat' dir='ltr'>Varronem,</span> <span class='ocrx_word' id='word_1_125' title='bbox 1249 1050 1491 1091; x_wconf 76' lang='lat' dir='ltr'>samiIIarem</span> 
     </span>
     <span class='ocr_line' id='line_1_17' title="bbox 77 1105 1490 1156; baseline 0.001 -10"><span class='ocrx_word' id='word_1_126' title='bbox 77 1117 212 1153; x_wconf 90' lang='lat' dir='ltr'>suum,</span> <span class='ocrx_word' id='word_1_127' title='bbox 243 1105 428 1156; x_wconf 82' lang='lat' dir='ltr'>rogauit,</span> <span class='ocrx_word' id='word_1_128' title='bbox 462 1105 523 1146; x_wconf 93' lang='lat' dir='ltr'>uti</span> <span class='ocrx_word' id='word_1_129' title='bbox 551 1105 895 1145; x_wconf 84' lang='lat' dir='ltr'>commentarium</span> <span class='ocrx_word' id='word_1_130' title='bbox 914 1107 1070 1145; x_wconf 84' lang='lat' dir='ltr'>faceret</span> <span class='ocrx_word' id='word_1_131' title='bbox 1087 1105 1396 1156; x_wconf 77' lang='lat' dir='ltr'>‘isagogicum&#39;,</span> <span class='ocrx_word' id='word_1_132' title='bbox 1430 1108 1490 1147; x_wconf 89' lang='lat' dir='ltr'>sic</span> 
     </span>
     <span class='ocr_line' id='line_1_18' title="bbox 77 1161 1491 1213; baseline 0.001 -11"><span class='ocrx_word' id='word_1_133' title='bbox 77 1162 234 1202; x_wconf 89' lang='lat' dir='ltr'>enimV</span> <span class='ocrx_word' id='word_1_134' title='bbox 244 1173 296 1202; x_wconf 86' lang='lat' dir='ltr'>ar</span> <span class='ocrx_word' id='word_1_135' title='bbox 306 1175 327 1202; x_wconf 93' lang='lat' dir='ltr'>r</span> <span class='ocrx_word' id='word_1_136' title='bbox 340 1175 363 1202; x_wconf 91' lang='lat'>0</span> <span class='ocrx_word' id='word_1_137' title='bbox 383 1161 475 1213; x_wconf 92' lang='lat' dir='ltr'>ipse</span> <span class='ocrx_word' id='word_1_138' title='bbox 494 1163 688 1213; x_wconf 86' lang='lat' dir='ltr'>appellat,</span> <span class='ocrx_word' id='word_1_139' title='bbox 702 1174 753 1202; x_wconf 86' lang='lat' dir='ltr'>ex</span> <span class='ocrx_word' id='word_1_140' title='bbox 765 1174 847 1212; x_wconf 88' lang='lat' dir='ltr'>quo</span> <span class='ocrx_word' id='word_1_141' title='bbox 861 1163 1054 1210; x_wconf 85' lang='lat' dir='ltr'>disceret,</span> <span class='ocrx_word' id='word_1_142' title='bbox 1069 1162 1168 1212; x_wconf 86' lang='lat' dir='ltr'>quid</span> <span class='ocrx_word' id='word_1_143' title='bbox 1187 1164 1324 1202; x_wconf 83' lang='lat' dir='ltr'>facere</span> <span class='ocrx_word' id='word_1_144' title='bbox 1335 1163 1491 1204; x_wconf 91' lang='lat' dir='ltr'>dicere-</span> 
     </span>
     <span class='ocr_line' id='line_1_19' title="bbox 77 1219 1537 1269; baseline 0.004 -11"><span class='ocrx_word' id='word_1_145' title='bbox 77 1230 159 1269; x_wconf 90' lang='lat' dir='ltr'>que</span> <span class='ocrx_word' id='word_1_146' title='bbox 184 1219 369 1267; x_wconf 88' lang='lat' dir='ltr'>deberet,</span> <span class='ocrx_word' id='word_1_147' title='bbox 390 1230 483 1259; x_wconf 90' lang='lat' dir='ltr'>cum</span> <span class='ocrx_word' id='word_1_148' title='bbox 501 1224 693 1259; x_wconf 84' lang='lat' dir='ltr'>senatum</span> <span class='ocrx_word' id='word_1_149' title='bbox 711 1221 963 1259; x_wconf 89' lang='lat' dir='ltr'>consuleret.</span> <span class='ocrx_word' id='word_1_150' title='bbox 996 1220 1101 1259; x_wconf 89' lang='lat' dir='ltr'>Eum</span> <span class='ocrx_word' id='word_1_151' title='bbox 1117 1219 1264 1259; x_wconf 88' lang='lat' dir='ltr'>librum</span> <span class='ocrx_word' id='word_1_152' title='bbox 1284 1231 1494 1261; x_wconf 89' lang='lat' dir='ltr'>commen·</span> <span class='ocrx_word' id='word_1_153' title='bbox 1513 1228 1537 1264; x_wconf 84' lang='grc'>3</span> 
     </span>
     <span class='ocr_line' id='line_1_20' title="bbox 75 1274 1490 1327; baseline 0.001 -12"><span class='ocrx_word' id='word_1_154' title='bbox 75 1274 244 1324; x_wconf 85' lang='lat' dir='ltr'>tarium,</span> <span class='ocrx_word' id='word_1_155' title='bbox 278 1286 402 1326; x_wconf 89' lang='lat' dir='ltr'>quem</span> <span class='ocrx_word' id='word_1_156' title='bbox 429 1287 558 1326; x_wconf 90' lang='lat' dir='ltr'>super</span> <span class='ocrx_word' id='word_1_157' title='bbox 580 1287 630 1315; x_wconf 84' lang='lat' dir='ltr'>ea</span> <span class='ocrx_word' id='word_1_158' title='bbox 650 1287 695 1315; x_wconf 89' lang='lat' dir='ltr'>re</span> <span class='ocrx_word' id='word_1_159' title='bbox 718 1276 917 1326; x_wconf 89' lang='lat' dir='ltr'>Pompeio</span> <span class='ocrx_word' id='word_1_160' title='bbox 936 1278 1110 1325; x_wconf 80' lang='lat' dir='ltr'>fecerat,</span> <span class='ocrx_word' id='word_1_161' title='bbox 1142 1276 1305 1327; x_wconf 88' lang='lat' dir='ltr'>perisse</span> <span class='ocrx_word' id='word_1_162' title='bbox 1323 1279 1490 1318; x_wconf 89' lang='lat' dir='ltr'>Varro</span> 
     </span>
     <span class='ocr_line' id='line_1_21' title="bbox 72 1331 1491 1383; baseline 0.001 -11"><span class='ocrx_word' id='word_1_163' title='bbox 72 1332 130 1372; x_wconf 76' lang='lat' dir='ltr'>ait</span> <span class='ocrx_word' id='word_1_164' title='bbox 145 1332 186 1372; x_wconf 90' lang='lat' dir='ltr'>in</span> <span class='ocrx_word' id='word_1_165' title='bbox 207 1331 405 1380; x_wconf 81' lang='lat' dir='ltr'>literis,</span> <span class='ocrx_word' id='word_1_166' title='bbox 439 1344 544 1383; x_wconf 87' lang='lat' dir='ltr'>quas</span> <span class='ocrx_word' id='word_1_167' title='bbox 572 1333 634 1372; x_wconf 88' lang='lat' dir='ltr'>ad</span> <span class='ocrx_word' id='word_1_168' title='bbox 653 1333 942 1383; x_wconf 83' lang='lat' dir='ltr'>Oppianum</span> <span class='ocrx_word' id='word_1_169' title='bbox 960 1333 1093 1380; x_wconf 89' lang='lat' dir='ltr'>dedit,</span> <span class='ocrx_word' id='word_1_170' title='bbox 1128 1345 1235 1383; x_wconf 86' lang='lat' dir='ltr'>quae</span> <span class='ocrx_word' id='word_1_171' title='bbox 1253 1340 1349 1373; x_wconf 89' lang='lat' dir='ltr'>sunt</span> <span class='ocrx_word' id='word_1_172' title='bbox 1367 1335 1406 1374; x_wconf 94' lang='lat' dir='ltr'>in</span> <span class='ocrx_word' id='word_1_173' title='bbox 1434 1335 1491 1374; x_wconf 93' lang='lat' dir='ltr'>li-</span> 
     </span>
     <span class='ocr_line' id='line_1_22' title="bbox 76 1388 1490 1441; baseline 0.003 -13"><span class='ocrx_word' id='word_1_174' title='bbox 76 1392 167 1430; x_wconf 82' lang='lat' dir='ltr'>bro</span> <span class='ocrx_word' id='word_1_175' title='bbox 195 1388 595 1440; x_wconf 89' lang='lat' dir='ltr'>epistulicarum</span> <span class='ocrx_word' id='word_1_176' title='bbox 625 1390 1001 1439; x_wconf 87' lang='lat' dir='ltr'>quaestionum</span> <span class='ocrx_word' id='word_1_177' title='bbox 1029 1397 1240 1440; x_wconf 87' lang='lat' dir='ltr'>quarto,</span> <span class='ocrx_word' id='word_1_178' title='bbox 1273 1391 1312 1431; x_wconf 91' lang='lat' dir='ltr'>in</span> <span class='ocrx_word' id='word_1_179' title='bbox 1339 1391 1490 1441; x_wconf 86' lang='lat' dir='ltr'>quibus</span> 
     </span>
     <span class='ocr_line' id='line_1_23' title="bbox 74 1445 1490 1498; baseline 0.002 -13"><span class='ocrx_word' id='word_1_180' title='bbox 74 1445 224 1495; x_wconf 89' lang='lat' dir='ltr'>literis,</span> <span class='ocrx_word' id='word_1_181' title='bbox 266 1445 463 1496; x_wconf 87' lang='lat' dir='ltr'>quoniam</span> <span class='ocrx_word' id='word_1_182' title='bbox 507 1457 614 1496; x_wconf 89' lang='lat' dir='ltr'>quae</span> <span class='ocrx_word' id='word_1_183' title='bbox 650 1452 746 1486; x_wconf 83' lang='lat' dir='ltr'>ante</span> <span class='ocrx_word' id='word_1_184' title='bbox 784 1447 1013 1497; x_wconf 84' lang='lat' dir='ltr'>scripserat</span> <span class='ocrx_word' id='word_1_185' title='bbox 1053 1458 1138 1487; x_wconf 91' lang='lat' dir='ltr'>non</span> <span class='ocrx_word' id='word_1_186' title='bbox 1178 1448 1490 1498; x_wconf 83' lang='lat' dir='ltr'>comparebant,</span> 
     </span>
     <span class='ocr_line' id='line_1_24' title="bbox 75 1503 1044 1544; baseline 0.002 -3"><span class='ocrx_word' id='word_1_187' title='bbox 75 1503 127 1544; x_wconf 92' lang='lat' dir='ltr'>dc</span> <span class='ocrx_word' id='word_1_188' title='bbox 135 1507 201 1542; x_wconf 90' lang='lat' dir='ltr'>cet</span> <span class='ocrx_word' id='word_1_189' title='bbox 217 1514 385 1543; x_wconf 92' lang='lat' dir='ltr'>rursum</span> <span class='ocrx_word' id='word_1_190' title='bbox 401 1505 530 1543; x_wconf 89' lang='lat' dir='ltr'>multa</span> <span class='ocrx_word' id='word_1_191' title='bbox 545 1504 596 1542; x_wconf 89' lang='lat' dir='ltr'>ad</span> <span class='ocrx_word' id='word_1_192' title='bbox 616 1515 707 1542; x_wconf 89' lang='lat' dir='ltr'>eam</span> <span class='ocrx_word' id='word_1_193' title='bbox 725 1515 811 1543; x_wconf 85' lang='lat' dir='ltr'>rem</span> <span class='ocrx_word' id='word_1_194' title='bbox 836 1504 1044 1544; x_wconf 87' lang='lat' dir='ltr'>ducentia.</span> 
     </span>
    </p>

    <p class='ocr_par' dir='ltr' id='par_1_6' title="bbox 23 1559 1534 2238">
     <span class='ocr_line' id='line_1_25' title="bbox 155 1559 1534 1611; baseline 0.001 -12"><span class='ocrx_word' id='word_1_195' title='bbox 155 1559 336 1600; x_wconf 89' lang='lat' dir='ltr'>Primum</span> <span class='ocrx_word' id='word_1_196' title='bbox 364 1559 420 1599; x_wconf 89' lang='lat' dir='ltr'>ibi</span> <span class='ocrx_word' id='word_1_197' title='bbox 443 1559 581 1609; x_wconf 88' lang='lat' dir='ltr'>ponit,</span> <span class='ocrx_word' id='word_1_198' title='bbox 614 1560 684 1610; x_wconf 92' lang='lat' dir='ltr'>qui</span> <span class='ocrx_word' id='word_1_199' title='bbox 704 1561 877 1609; x_wconf 84' lang='lat' dir='ltr'>suerint,</span> <span class='ocrx_word' id='word_1_200' title='bbox 910 1572 987 1611; x_wconf 89' lang='lat' dir='ltr'>per</span> <span class='ocrx_word' id='word_1_201' title='bbox 1009 1572 1115 1610; x_wconf 90' lang='lat' dir='ltr'>quos</span> <span class='ocrx_word' id='word_1_202' title='bbox 1147 1573 1262 1601; x_wconf 89' lang='lat' dir='ltr'>more</span> <span class='ocrx_word' id='word_1_203' title='bbox 1286 1561 1488 1602; x_wconf 90' lang='lat' dir='ltr'>maiorum</span> <span class='ocrx_word' id='word_1_204' title='bbox 1509 1567 1534 1601; x_wconf 87' lang='lat'>4</span> 
     </span>
     <span class='ocr_line' id='line_1_26' title="bbox 78 1615 1512 1667; baseline 0.001 -11"><span class='ocrx_word' id='word_1_205' title='bbox 78 1621 250 1657; x_wconf 90' lang='lat' dir='ltr'>senatus</span> <span class='ocrx_word' id='word_1_206' title='bbox 275 1615 418 1656; x_wconf 87' lang='lat' dir='ltr'>haberi</span> <span class='ocrx_word' id='word_1_207' title='bbox 436 1617 593 1657; x_wconf 87' lang='lat' dir='ltr'>soleret</span> <span class='ocrx_word' id='word_1_208' title='bbox 609 1627 770 1667; x_wconf 91' lang='lat' dir='ltr'>eosque</span> <span class='ocrx_word' id='word_1_209' title='bbox 791 1617 995 1657; x_wconf 85' lang='lat' dir='ltr'>nominat:</span> <span class='ocrx_word' id='word_1_210' title='bbox 1028 1617 1311 1664; x_wconf 69' lang='lat' dir='ltr'>‘dictatorem,</span> <span class='ocrx_word' id='word_1_211' title='bbox 1340 1617 1512 1658; x_wconf 60' lang='lat' dir='ltr'>consu-⁴</span> 
     </span>
     <span class='ocr_line' id='line_1_27' title="bbox 76 1672 1489 1724; baseline 0.001 -12"><span class='ocrx_word' id='word_1_212' title='bbox 76 1674 153 1722; x_wconf 89' lang='lat' dir='ltr'>les,</span> <span class='ocrx_word' id='word_1_213' title='bbox 180 1677 414 1724; x_wconf 89' lang='lat' dir='ltr'>praetores,</span> <span class='ocrx_word' id='word_1_214' title='bbox 446 1672 636 1713; x_wconf 88' lang='lat' dir='ltr'>tribunos</span> <span class='ocrx_word' id='word_1_215' title='bbox 655 1673 778 1723; x_wconf 90' lang='lat' dir='ltr'>plebi,</span> <span class='ocrx_word' id='word_1_216' title='bbox 807 1674 1071 1723; x_wconf 84' lang='lat' dir='ltr'>interregem,</span> <span class='ocrx_word' id='word_1_217' title='bbox 1089 1675 1348 1724; x_wconf 85' lang='lat' dir='ltr'>praefectum</span> <span class='ocrx_word' id='word_1_218' title='bbox 1364 1674 1489 1723; x_wconf 85' lang='lat' dir='ltr'>urbi’,</span> 
     </span>
     <span class='ocr_line' id='line_1_28' title="bbox 75 1729 1491 1781; baseline 0.001 -12"><span class='ocrx_word' id='word_1_219' title='bbox 75 1741 216 1780; x_wconf 90' lang='lat' dir='ltr'>neque</span> <span class='ocrx_word' id='word_1_220' title='bbox 241 1729 327 1778; x_wconf 89' lang='lat' dir='ltr'>alii,</span> <span class='ocrx_word' id='word_1_221' title='bbox 358 1735 526 1781; x_wconf 89' lang='lat' dir='ltr'>praeter</span> <span class='ocrx_word' id='word_1_222' title='bbox 541 1730 642 1777; x_wconf 91' lang='lat' dir='ltr'>hos,</span> <span class='ocrx_word' id='word_1_223' title='bbox 674 1730 738 1770; x_wconf 90' lang='lat' dir='ltr'>ius</span> <span class='ocrx_word' id='word_1_224' title='bbox 762 1730 892 1771; x_wconf 81' lang='lat' dir='ltr'>fuisse</span> <span class='ocrx_word' id='word_1_225' title='bbox 918 1730 1020 1770; x_wconf 88' lang='lat' dir='ltr'>dixit</span> <span class='ocrx_word' id='word_1_226' title='bbox 1051 1732 1188 1770; x_wconf 81' lang='lat' dir='ltr'>facere</span> <span class='ocrx_word' id='word_1_227' title='bbox 1217 1736 1491 1772; x_wconf 88' lang='lat' dir='ltr'>senatuscon-</span> 
     </span>
     <span class='ocr_line' id='line_1_29' title="bbox 76 1786 1489 1837; baseline 0.001 -11"><span class='ocrx_word' id='word_1_228' title='bbox 76 1787 243 1835; x_wconf 89' lang='lat' dir='ltr'>sultum,</span> <span class='ocrx_word' id='word_1_229' title='bbox 276 1786 556 1837; x_wconf 87' lang='lat' dir='ltr'>quotiensque</span> <span class='ocrx_word' id='word_1_230' title='bbox 572 1798 676 1826; x_wconf 90' lang='lat' dir='ltr'>usus</span> <span class='ocrx_word' id='word_1_231' title='bbox 694 1787 892 1835; x_wconf 87' lang='lat' dir='ltr'>uenisset,</span> <span class='ocrx_word' id='word_1_232' title='bbox 915 1792 960 1826; x_wconf 89' lang='lat' dir='ltr'>ut</span> <span class='ocrx_word' id='word_1_233' title='bbox 977 1798 1123 1827; x_wconf 89' lang='lat' dir='ltr'>omnes</span> <span class='ocrx_word' id='word_1_234' title='bbox 1139 1787 1206 1827; x_wconf 87' lang='lat' dir='ltr'>isti</span> <span class='ocrx_word' id='word_1_235' title='bbox 1224 1787 1489 1837; x_wconf 66' lang='lat' dir='ltr'>magistratus</span> 
     </span>
     <span class='ocr_line' id='line_1_30' title="bbox 76 1843 1491 1895; baseline 0.001 -13"><span class='ocrx_word' id='word_1_236' title='bbox 76 1844 227 1883; x_wconf 89' lang='lat' dir='ltr'>eodem</span> <span class='ocrx_word' id='word_1_237' title='bbox 246 1848 437 1894; x_wconf 89' lang='lat' dir='ltr'>tempore</span> <span class='ocrx_word' id='word_1_238' title='bbox 453 1844 612 1884; x_wconf 87' lang='lat' dir='ltr'>Romae</span> <span class='ocrx_word' id='word_1_239' title='bbox 633 1848 798 1891; x_wconf 87' lang='lat' dir='ltr'>essent,</span> <span class='ocrx_word' id='word_1_240' title='bbox 829 1849 915 1883; x_wconf 89' lang='lat' dir='ltr'>tum</span> <span class='ocrx_word' id='word_1_241' title='bbox 934 1855 1017 1893; x_wconf 89' lang='lat' dir='ltr'>quo</span> <span class='ocrx_word' id='word_1_242' title='bbox 1037 1855 1165 1894; x_wconf 88' lang='lat' dir='ltr'>supra</span> <span class='ocrx_word' id='word_1_243' title='bbox 1181 1844 1327 1884; x_wconf 89' lang='lat' dir='ltr'>ordine</span> <span class='ocrx_word' id='word_1_244' title='bbox 1346 1843 1491 1895; x_wconf 86' lang='lat' dir='ltr'>scripti</span> 
     </span>
     <span class='ocr_line' id='line_1_31' title="bbox 76 1899 1488 1951; baseline 0.001 -12"><span class='ocrx_word' id='word_1_245' title='bbox 76 1904 241 1948; x_wconf 84' lang='lat' dir='ltr'>essent,</span> <span class='ocrx_word' id='word_1_246' title='bbox 274 1899 345 1950; x_wconf 88' lang='lat' dir='ltr'>qui</span> <span class='ocrx_word' id='word_1_247' title='bbox 371 1911 516 1940; x_wconf 88' lang='lat' dir='ltr'>eorum</span> <span class='ocrx_word' id='word_1_248' title='bbox 542 1899 659 1950; x_wconf 91' lang='lat' dir='ltr'>prior</span> <span class='ocrx_word' id='word_1_249' title='bbox 685 1899 773 1939; x_wconf 87' lang='lat' dir='ltr'>aliis</span> <span class='ocrx_word' id='word_1_250' title='bbox 796 1905 935 1948; x_wconf 86' lang='lat' dir='ltr'>esset,</span> <span class='ocrx_word' id='word_1_251' title='bbox 970 1899 1008 1939; x_wconf 93' lang='lat' dir='ltr'>ei</span> <span class='ocrx_word' id='word_1_252' title='bbox 1027 1900 1291 1951; x_wconf 88' lang='lat' dir='ltr'>potissimum</span> <span class='ocrx_word' id='word_1_253' title='bbox 1316 1906 1488 1941; x_wconf 88' lang='lat' dir='ltr'>senatus</span> 
     </span>
     <span class='ocr_line' id='line_1_32' title="bbox 77 1955 1531 2005; baseline 0.001 -9"><span class='ocrx_word' id='word_1_254' title='bbox 77 1955 326 1996; x_wconf 91' lang='lat' dir='ltr'>consulendi</span> <span class='ocrx_word' id='word_1_255' title='bbox 343 1955 407 1997; x_wconf 90' lang='lat' dir='ltr'>ius</span> <span class='ocrx_word' id='word_1_256' title='bbox 425 1956 557 1997; x_wconf 86' lang='lat' dir='ltr'>fuisse</span> <span class='ocrx_word' id='word_1_257' title='bbox 573 1957 640 2005; x_wconf 88' lang='lat' dir='ltr'>ait,</span> <span class='ocrx_word' id='word_1_258' title='bbox 674 1956 825 1996; x_wconf 89' lang='lat' dir='ltr'>deinde</span> <span class='ocrx_word' id='word_1_259' title='bbox 843 1956 1172 1998; x_wconf 86' lang='lat' dir='ltr'>extraordinario</span> <span class='ocrx_word' id='word_1_260' title='bbox 1191 1957 1280 1997; x_wconf 87' lang='lat' dir='ltr'>iure</span> <span class='ocrx_word' id='word_1_261' title='bbox 1296 1957 1487 1998; x_wconf 88' lang='lat' dir='ltr'>tribunos</span> <span class='ocrx_word' id='word_1_262' title='bbox 1509 1958 1531 1991; x_wconf 79' lang='grc'>5</span> 
     </span>
     <span class='ocr_line' id='line_1_33' title="bbox 78 2012 1488 2064; baseline 0.001 -12"><span class='ocrx_word' id='word_1_263' title='bbox 78 2024 247 2063; x_wconf 86' lang='lat' dir='ltr'>quoque</span> <span class='ocrx_word' id='word_1_264' title='bbox 270 2012 466 2054; x_wconf 86' lang='lat' dir='ltr'>militares</span> <span class='ocrx_word' id='word_1_265' title='bbox 481 2046 490 2062; x_wconf 96' lang='lat'>‚</span> <span class='ocrx_word' id='word_1_266' title='bbox 525 2013 595 2064; x_wconf 92' lang='lat' dir='ltr'>qui</span> <span class='ocrx_word' id='word_1_267' title='bbox 610 2025 688 2063; x_wconf 88' lang='lat' dir='ltr'>pro</span> <span class='ocrx_word' id='word_1_268' title='bbox 708 2013 950 2053; x_wconf 86' lang='lat' dir='ltr'>consulibus</span> <span class='ocrx_word' id='word_1_269' title='bbox 976 2014 1177 2062; x_wconf 87' lang='lat' dir='ltr'>fuissent,</span> <span class='ocrx_word' id='word_1_270' title='bbox 1209 2014 1307 2054; x_wconf 89' lang='lat' dir='ltr'>item</span> <span class='ocrx_word' id='word_1_271' title='bbox 1325 2015 1488 2054; x_wconf 89' lang='lat' dir='ltr'>decem-</span> 
     </span>
     <span class='ocr_line' id='line_1_34' title="bbox 75 2069 1488 2121; baseline 0.001 -13"><span class='ocrx_word' id='word_1_272' title='bbox 75 2069 191 2109; x_wconf 87' lang='lat' dir='ltr'>uiros</span> <span class='ocrx_word' id='word_1_273' title='bbox 203 2101 213 2117; x_wconf 94' lang='lat'><strong>‚</strong></span> <span class='ocrx_word' id='word_1_274' title='bbox 232 2069 383 2119; x_wconf 89' lang='lat' dir='ltr'>quibus</span> <span class='ocrx_word' id='word_1_275' title='bbox 400 2069 617 2121; x_wconf 88' lang='lat' dir='ltr'>imperium</span> <span class='ocrx_word' id='word_1_276' title='bbox 635 2071 857 2110; x_wconf 90' lang='lat' dir='ltr'>consulare</span> <span class='ocrx_word' id='word_1_277' title='bbox 872 2075 960 2110; x_wconf 90' lang='lat' dir='ltr'>tum</span> <span class='ocrx_word' id='word_1_278' title='bbox 977 2076 1112 2119; x_wconf 90' lang='lat' dir='ltr'>esset,</span> <span class='ocrx_word' id='word_1_279' title='bbox 1130 2071 1228 2111; x_wconf 89' lang='lat' dir='ltr'>item</span> <span class='ocrx_word' id='word_1_280' title='bbox 1245 2070 1488 2111; x_wconf 87' lang='lat' dir='ltr'>triumuiros</span> 
     </span>
     <span class='ocr_line' id='line_1_35' title="bbox 78 2125 1489 2175; baseline 0.001 -11"><span class='ocrx_word' id='word_1_281' title='bbox 78 2125 331 2175; x_wconf 84' lang='lat' dir='ltr'>reipublicae</span> <span class='ocrx_word' id='word_1_282' title='bbox 364 2126 733 2167; x_wconf 85' lang='lat' dir='ltr'>reconstituendae</span> <span class='ocrx_word' id='word_1_283' title='bbox 773 2138 900 2166; x_wconf 87' lang='lat' dir='ltr'>causa</span> <span class='ocrx_word' id='word_1_284' title='bbox 939 2131 1104 2168; x_wconf 86' lang='lat' dir='ltr'>creatos</span> <span class='ocrx_word' id='word_1_285' title='bbox 1146 2127 1212 2167; x_wconf 89' lang='lat' dir='ltr'>ius</span> <span class='ocrx_word' id='word_1_286' title='bbox 1241 2126 1489 2168; x_wconf 90' lang='lat' dir='ltr'>consulendi</span> 
     </span>
     <span class='ocr_line' id='line_1_36' title="bbox 23 2182 496 2238; baseline 0.004 -17"><span class='ocrx_word' id='word_1_287' title='bbox 23 2234 30 2238; x_wconf 24' lang='grc' dir='ltr'>ι</span> <span class='ocrx_word' id='word_1_288' title='bbox 77 2186 268 2222; x_wconf 89' lang='lat' dir='ltr'>senatum</span> <span class='ocrx_word' id='word_1_289' title='bbox 285 2182 496 2224; x_wconf 86' lang='lat' dir='ltr'>habuisse.</span> 
     </span>
    </p>

    <p class='ocr_par' dir='ltr' id='par_1_7' title="bbox 160 2239 1530 2291">
     <span class='ocr_line' id='line_1_37' title="bbox 160 2239 1530 2291; baseline 0.002 -12"><span class='ocrx_word' id='word_1_290' title='bbox 160 2239 314 2279; x_wconf 88' lang='lat' dir='ltr'>Postea</span> <span class='ocrx_word' id='word_1_291' title='bbox 333 2239 500 2280; x_wconf 87' lang='lat' dir='ltr'>scribsit</span> <span class='ocrx_word' id='word_1_292' title='bbox 518 2240 571 2279; x_wconf 92' lang='lat' dir='ltr'>de</span> <span class='ocrx_word' id='word_1_293' title='bbox 588 2239 961 2281; x_wconf 85' lang='lat' dir='ltr'>intercessionibus</span> <span class='ocrx_word' id='word_1_294' title='bbox 981 2239 1168 2291; x_wconf 85' lang='lat' dir='ltr'>dixitque</span> <span class='ocrx_word' id='word_1_295' title='bbox 1185 2239 1485 2289; x_wconf 88' lang='lat' dir='ltr'>intercedendi,</span> <span class='ocrx_word' id='word_1_296' title='bbox 1508 2245 1530 2282; x_wconf 88' lang='lat'><strong>6</strong></span> 
     </span>
    </p>
   </div>
  </div>
 </body>
</html>
