1619 2476
135 31 187 72 12
756 30 805 68 X.
823 39 896 67 x11.

133 144 386 193 superuolet,
411 140 569 180 detrahi
586 145 627 179 et
646 142 796 180 cadere
810 141 853 180 ui
871 141 1049 189 quadam
1067 139 1108 179 in
1125 145 1276 180 terram
1293 137 1526 188 ceterisque

96 207 118 241 3
133 200 277 238 auibus
296 197 530 236 laniandum
548 202 698 246 sponte
721 208 797 236 sua
820 196 999 236 obiicere
1016 207 1114 235 sese
1135 200 1176 235 et
1197 196 1365 236 dedere.
1426 196 1527 234 Item

133 255 243 294 aliud
266 255 371 292 ultra
399 254 617 292 humanam
639 252 784 292 fidem:
820 257 943 302 caput
966 257 1007 291 et
1031 253 1181 292 collum
1203 250 1527 292 chamaeleontis

132 311 168 350 si
188 314 330 350 uratur
348 309 478 359 ligno,
502 309 614 358 quod
646 310 876 358 appellatur
898 312 910 331 ³
924 308 1086 355 robur’,
1117 307 1269 347 imbres
1288 312 1329 347 et
1349 306 1526 347 tonitrus

133 366 220 406 fieri
238 366 476 415 derepente,
496 365 621 415 idque
641 364 777 415 ipsum
792 376 871 404 usu
888 364 1043 412 uenire,
1062 364 1096 403 si
1113 364 1226 404 iecur
1242 363 1428 403 eiusdem
1445 362 1527 401 ani-

95 434 116 468 4
134 421 250 461 malis
272 421 311 460 in
330 421 501 460 summis
526 420 673 471 tegulis
699 426 851 460 uratur.
913 422 1013 460 Item
1031 420 1160 468 aliud,
1184 421 1297 470 quod
1321 420 1459 459 hercle
1475 429 1526 457 an

134 489 332 528 ponerem
358 476 559 523 dubitaui,
594 477 648 516 ita
675 481 738 516 est
756 476 1004 516 deridiculae
1027 475 1239 523 uanitatis,
1273 475 1352 515 nisi
1372 474 1526 514 idcirco

129 536 251 584 plane
275 533 418 583 posui,
444 534 557 582 quod
587 533 769 582 oportuit
791 544 868 572 nos
894 533 1052 579 dicere,
1091 532 1190 581 quid
1214 533 1265 570 de
1292 529 1527 571 istiusmodi

131 589 446 629 admirationum
479 589 611 628 fallaci
644 588 852 628 inlecebra
882 588 1129 628 sentiremus
1141 621 1150 636 ,
1177 598 1258 638 qua
1282 589 1527 638 plerumque

132 646 351 696 capiuntur
367 650 407 684 et
424 645 475 683 ad
494 645 716 695 perniciem
741 645 959 684 elabuntur
976 644 1139 693 ingenia
1165 643 1368 683 maximae
1385 644 1526 683 soller-

95 711 115 744 5
132 701 226 749 tiae,
248 713 379 750 eaque
399 701 673 751 potissimum,
700 712 805 749 quae
833 700 1019 740 discendi
1037 700 1251 751 cupidiora
1273 704 1381 740 sunt.
1443 698 1526 739 Sed

133 758 261 797 redeo
297 758 349 795 ad
381 756 489 795 Plin
502 757 512 795 i
524 769 610 796 um.
687 756 907 796 Sinistrum
938 756 1088 806 pedem
1120 756 1175 795 ait
1206 755 1526 795 chamaeleontis

131 815 241 852 ferro
261 824 312 851 ex
328 812 411 861 igni
429 814 627 852 calefacto
651 812 799 852 torreri
817 823 907 851 cum
930 813 1070 860 herba,
1090 823 1195 862 quae
1212 813 1443 862 appellatur
1460 822 1527 850 eo·

131 870 225 908 dem
244 868 411 908 nomine
438 868 773 915 chamaeleontis,
795 874 835 907 et
851 874 1072 918 utrumque
1091 867 1291 908 macerari
1314 871 1526 917 unguento

131 924 364 974 conligique
394 924 434 963 in
463 926 631 965 modum
654 924 806 974 pastilli
837 929 961 974 atque
983 924 1022 963 in
1049 935 1122 964 uas
1153 923 1254 963 mitti
1284 924 1464 973 ligneum
1489 927 1530 962 et

132 993 237 1028 eum,
259 981 328 1030 qui
345 992 419 1020 uas
438 982 551 1028 ferat,
564 980 722 1020 etiamsi
738 980 772 1020 is
791 980 829 1019 in
848 980 982 1020 medio
1002 982 1136 1031 palam
1153 985 1357 1028 uersetur,
1376 991 1400 1018 a
1415 980 1527 1019 nullo

129 1036 262 1077 uideri
287 1048 429 1087 posse.

91 1095 111 1128 6
202 1093 274 1132 His
292 1092 495 1143 portentis
521 1098 645 1142 atque
662 1092 909 1143 praestigiis,
932 1104 956 1131 a
970 1092 1142 1132 Plinio
1167 1092 1334 1132 Secun
1349 1093 1409 1131 do
1432 1090 1528 1131 scri-

60 1181 62 1185 ι
94 1149 114 1183 7
131 1149 225 1200 ptis,
251 1161 333 1189 non
353 1148 520 1198 dignum
541 1159 636 1188 esse
653 1160 884 1198 cognomen
902 1149 932 1188 D
946 1160 968 1188 e
982 1148 1184 1188 mocriti
1202 1153 1325 1198 puto:
1346 1148 1413 1188 uel
1429 1147 1528 1186 illud

132 1207 252 1255 quale
269 1210 344 1252 est,
361 1206 473 1254 quod
490 1204 597 1243 idem
614 1205 810 1244 Plinius
827 1205 867 1244 in
887 1204 1084 1245 decimo
1112 1205 1245 1244 libro
1268 1205 1418 1243 Demo
1433 1202 1528 1242 cri-

129 1267 229 1301 tum
246 1261 468 1310 scripsisse
486 1261 718 1308 adseuerat,
746 1272 846 1300 aues
869 1261 1070 1310 quasdam
1088 1271 1184 1300 esse
1207 1259 1328 1299 certis
1347 1259 1528 1299 uocabu<

130 1317 178 1356 lis
212 1322 252 1355 et
282 1327 422 1355 earum
445 1316 581 1355 auium
601 1317 774 1356 confuso
798 1315 998 1365 sanguine
1018 1315 1130 1365 gigni
1150 1320 1406 1365 serpentem3
1435 1326 1528 1354 eum

132 1372 201 1422 qui
219 1371 367 1418 ederit,
390 1372 550 1420 linguas
568 1371 703 1410 auium
721 1377 761 1410 et
785 1371 1007 1420 conloquia
1028 1371 1403 1421 interpretaturum.

93 1438 116 1473 8
203 1429 331 1466 Multa
353 1432 489 1466 autem
511 1427 703 1466 uidentur
725 1427 774 1466 ab
797 1426 1030 1466 hominibus
1055 1427 1144 1467 istis
1168 1428 1273 1466 male
1289 1426 1527 1467 sollertibus

131 1483 420 1523 huiuscemodi
445 1488 678 1522 commenta
698 1482 737 1521 in
769 1484 800 1522 D
816 1494 922 1522 emo
936 1493 957 1522 c
972 1482 1059 1521 riti
1082 1494 1233 1522 nomen
1256 1483 1363 1530 data,
1386 1482 1528 1522 nobili-

93 1550 114 1584 9
130 1539 225 1579 tatis
244 1539 584 1588 auctoritatisque
608 1539 695 1578 eius
719 1539 907 1588 perfugio
929 1538 1152 1578 utentibus.
1215 1538 1300 1578 Sed
1320 1539 1380 1587 id,
1414 1539 1528 1588 quod

131 1598 164 1635 A
180 1608 199 1634 r
209 1596 265 1634 ch
275 1608 303 1645 y
313 1600 329 1633 t
340 1607 409 1634 am
425 1596 454 1634 P
464 1607 493 1645 y
505 1596 553 1633 th
565 1606 622 1644 ag
634 1607 656 1634 o
670 1595 709 1633 ri
720 1606 740 1634 c
752 1607 827 1634 um
846 1600 1121 1635 commentum
1133 1605 1228 1635 esse
1242 1600 1366 1644 atque
1377 1593 1528 1633 fecisse

130 1651 315 1698 traditur,
336 1662 471 1700 neque
492 1651 625 1690 minus
651 1650 889 1690 admirabile
906 1662 1042 1700 neque
1064 1656 1201 1690 tamen
1219 1662 1371 1690 uanum
1394 1660 1526 1699 aeque

131 1707 263 1746 uideri
277 1707 412 1746 debet.
439 1707 538 1746 Nam
558 1712 597 1746 et
613 1707 799 1756 plerique
816 1706 1012 1746 nobilium
1030 1708 1280 1746 Graecorum
1298 1710 1339 1745 et
1359 1706 1462 1744 F'au
1477 1717 1500 1745 o
1514 1728 1527 1734 -

131 1763 274 1803 rinus
296 1763 584 1812 philosophus,
607 1763 895 1802 memoriarum
920 1768 1105 1802 ueterum
1135 1760 1526 1815 exequentissimus‚

132 1818 452 1858 affirmatissime
473 1818 740 1868 scripserunt,
775 1819 1036 1858 simulacrum
1062 1818 1277 1857 columbae
1297 1829 1319 1856 e
1343 1816 1452 1867 ligno
1475 1818 1526 1855 ab

132 1878 198 1914 Ar
210 1875 363 1924 chyta
393 1874 552 1914 ratione
575 1875 753 1923 quadam
782 1874 1081 1924 disciplinaque
1108 1872 1347 1913 mechanica
1376 1874 1526 1912 sactum

132 1931 314 1977 uolasse,
337 1930 392 1968 ita
416 1935 503 1969 erat
521 1930 677 1970 scilicet
693 1930 944 1970 libramentis
962 1940 1212 1979 suspensum
1234 1934 1275 1968 et
1292 1941 1391 1968 aura
1411 1928 1527 1979 spiri-

79 1991 198 2028 lotus
216 1986 375 2025 inclusa
393 1990 517 2035 atque
536 1987 697 2026 occulta
713 1986 932 2026 concitum.
954 1985 1070 2025 Libet
1086 1986 1224 2024 hercle
1240 1997 1369 2051 super
1384 1996 1429 2024 re
1444 1990 1526 2024 tam

135 2042 371 2081 abhorrenti
387 2053 411 2080 a
428 2042 533 2081 fide
524 2042 654 2106 ipsius
672 2043 733 2081 Fa
744 2055 767 2080 u
778 2054 801 2082 o
813 2041 852 2081 ri
863 2041 910 2081 ni
926 2041 1052 2080 uerba
1072 2052 1250 2106 ponere:
1275 2035 1496 2108 Ἀρχύτα
1507 2054 1528 2088 ς

138 2097 495 2161 Ταραντῖνος,
516 2093 575 2137 τὰ
593 2092 725 2137 ἄλλα
745 2095 833 2137 καὶ
848 2091 1156 2162 μηχανικὸς
1166 2091 1263 2162 ω’ν,
1270 2094 1527 2162 ἐποίησεν

134 2148 464 2218 περιστερὰν
485 2152 710 2218 ξυλίνην
736 2151 1074 2205 πετομένην·
1112 2146 1156 2205 [ἢ
1169 2157 1211 2201 ν]
1244 2147 1414 2199 ὁπότε
1439 2165 1527 2190 κα-

132 2204 868 2260 θίσειεν,οὐκε’τιάνίστατο.
892 2204 1344 2261 (μέχριγὰρτούτου.)
1376 2212 1391 2256 [
1403 2237 1500 2246 .....
1511 2212 1525 2255 ]
