1619 2476
122 40 203 82 168
696 39 748 77 V.
780 49 884 77 vnn.
914 49 957 80 x.

766 150 889 191 V1111.

307 248 470 284 Historia
484 247 532 283 de
550 245 680 283 Croesi
699 245 774 281 filio
799 250 945 293 sumpta
963 257 1008 282 ex
1025 246 1203 290 Herodoti
1220 247 1338 284 libris.

86 353 104 385 1
209 348 334 388 Filius
356 346 499 388 Croesi
515 346 647 396 regis,
675 357 768 385 cum
785 345 865 385 iam
883 345 957 384 sari
975 356 1054 396 per
1070 351 1247 386 aetatem
1267 352 1435 397 posset,
1465 348 1523 386 in-

121 408 212 445 fans
239 410 327 444 erat
351 410 409 451 et,
444 415 534 443 cum
573 403 652 442 iam
681 403 853 442 multum
879 401 1154 451 adoleuisset,
1185 403 1282 442 item
1316 402 1415 443 nihil
1450 403 1524 443 fari

79 465 101 499 2
122 462 275 512 quibat.
336 461 475 500 Mutus
507 460 612 499 adeo
645 464 685 498 et
717 458 890 508 elinguis
927 458 997 497 diu
1025 459 1188 499 habitus
1213 465 1290 499 est.
1356 460 1455 500 Cum
1482 459 1523 499 in

120 524 280 568 patrem
308 517 415 565 eius,
447 517 555 556 bello
589 527 738 565 magno
760 515 915 555 uictum
941 520 980 554 et
1000 516 1104 555 urbe
1125 515 1165 555 in
1186 527 1267 566 qua
1285 520 1373 555 erat
1389 521 1522 566 capta,

120 574 253 614 hostis
271 574 408 623 gladio
434 573 636 620 deducto,
664 583 805 621 regem
825 582 921 612 esse
948 571 1168 621 ignorans,
1202 572 1438 621 inuaderet,
1467 571 1523 611 di—

120 632 238 670 duxit
254 631 503 670 adolescens
528 641 595 676 os,
630 630 807 668 clamare
834 628 989 676 nitens,
1023 639 1160 678 eoque
1184 628 1279 669 nisu
1303 633 1429 678 atque
1451 629 1523 668 im—

119 693 218 737 petu
237 687 404 737 spiritus
422 685 564 725 uitium
588 686 827 734 nodumque
848 685 1012 734 linguae
1035 685 1145 735 rupit
1170 687 1377 736 planeque
1401 690 1443 725 et
1462 696 1522 724 ar-

118 744 286 783 ticulate
305 744 493 782 elocutus
517 747 603 789 est,
629 743 810 781 clamans
828 740 867 780 in
885 741 1069 788 hostem,
1094 753 1146 781 ne
1161 753 1236 781 rex
1251 743 1432 782 Croesus
1455 753 1522 782 oc-

75 803 98 838 3
119 800 339 839 cideretur.
375 800 476 838 Tum
497 804 537 837 et
553 798 686 838 hostis
704 797 884 847 gladium
902 797 1067 837 reduxit
1083 803 1123 837 et
1141 810 1216 838 rex
1239 797 1324 838 uita
1342 798 1521 838 donatus

76 863 99 893 4
118 862 181 896 est
207 862 247 895 et
272 856 521 895 adulescens
551 854 666 904 loqui
691 865 885 904 prorsum
910 854 1109 904 deinceps
1132 854 1298 905 incepit.
1360 855 1522 894 Hero—

119 913 271 952 dotus
309 912 356 951 in
394 911 638 951 historiis
673 910 795 950 huius
825 910 1049 949 memoriae
1080 911 1261 961 scriptor
1292 916 1376 958 est,
1415 911 1521 950 eius-

119 981 200 1018 que
230 969 360 1008 ueiba
391 974 506 1015 sunt,
546 979 651 1017 quae
686 967 819 1017 prima
855 967 1012 1006 dixisse
1040 967 1166 1007 filium
1199 967 1342 1008 Croesi
1374 967 1518 1006 refert:

119 1020 443 1077 “Ἀνθρωπε,
471 1020 537 1076 μὴ
568 1029 745 1063 κτεῖνε
776 1024 1056 1074 Κροῖσον.

77 1086 97 1119 5
195 1082 279 1122 Sed
297 1087 337 1121 et
355 1081 559 1131 quispiam
579 1080 741 1120 Samius
760 1080 931 1126 athleta,
956 1091 1108 1120 nomen
1132 1079 1188 1119 illi
1211 1078 1286 1119 fuit
1299 1074 1519 1131 Έχ[εκ]λέ-

120 1151 220 1190 ους,
254 1149 346 1177 cum
363 1144 457 1177 ante
462 1149 485 1176 a
503 1149 586 1177 non
603 1138 779 1186 loquens
798 1136 962 1184 ruisset,
992 1137 1044 1176 ob
1062 1136 1235 1176 similem
1252 1135 1400 1176 dicitur
1426 1147 1518 1175 cau-

74 1196 95 1233 6
121 1206 207 1234 sam
240 1194 354 1244 loqui
379 1194 585 1244 coepisse.
646 1195 746 1232 Nam
774 1204 867 1232 cum
889 1192 929 1231 in
959 1204 1079 1233 sacro
1109 1192 1331 1233 certamine
1355 1191 1516 1232 sortitio

116 1252 221 1290 inter
238 1251 355 1301 ipsos
384 1256 423 1290 et
441 1249 707 1289 aduersarios
737 1261 820 1289 non
838 1249 949 1288 bona
971 1249 1054 1288 fide
1073 1249 1192 1289 fieret
1208 1254 1248 1288 et
1265 1254 1420 1288 sortem
1444 1260 1516 1288 no-

119 1307 236 1346 minis
255 1308 401 1346 salsam
421 1306 566 1346 subiici
582 1305 965 1351 animaduertisset,
994 1311 1168 1355 repente
1183 1305 1224 1344 in
1242 1315 1354 1352 eum,
1389 1304 1459 1354 qui
1474 1304 1517 1343 id

116 1363 315 1410 faciebat,
354 1363 499 1402 uidere
531 1373 646 1410 sese,
690 1361 787 1410 quid
827 1362 1002 1408 faceret,
1041 1372 1234 1411 magnum
1265 1360 1514 1400 inclamauit.

115 1423 254 1469 Atque
284 1419 338 1465 iS,
372 1418 455 1458 oris
483 1418 619 1457 uinclo
656 1418 837 1464 solutuS,
868 1427 943 1466 per
967 1428 1088 1456 omne
1112 1417 1208 1457 inde
1224 1416 1334 1456 uitae
1349 1422 1515 1468 tempus

117 1487 200 1515 non
231 1474 395 1514 turbide
426 1486 562 1524 neque
594 1474 775 1513 adhaese
804 1475 968 1512 locutus
994 1479 1070 1513 est.

785 1597 835 1636 X.

114 1689 166 1724 De
187 1688 436 1736 argumentis,
469 1698 564 1734 quae
584 1687 727 1723 Graece
745 1677 1052 1736 ἀντιστρέφοντα
1070 1688 1303 1733 appellantur
1318 1716 1326 1731 ,
1362 1698 1383 1722 a
1403 1687 1512 1722 nobis

562 1745 759 1790 reciproca
791 1743 864 1781 dici
892 1747 1065 1791 possunt.

78 1853 98 1886 1
199 1846 309 1884 Inter
328 1843 427 1884 uitia
448 1849 785 1893 argumentorum
803 1845 926 1892 longe
943 1841 1165 1881 maximum
1184 1852 1279 1881 esse
1295 1841 1437 1881 uitium
1454 1842 1512 1881 ui-

77 1909 100 1942 2
117 1901 255 1948 detur,
285 1911 390 1950 quae
409 1904 420 1922 ³
433 1894 808 1951 ἄντιστρέφοντα>
829 1899 972 1939 Graeci
990 1898 1142 1937 dicunt.
1202 1898 1261 1936 Ea
1277 1897 1442 1947 quidam
1459 1909 1512 1937 ex

117 1957 272 1996 nostris
294 1968 378 1997 non
402 1957 542 1995 hercle
566 1956 685 1995 nimis
708 1955 889 1995 absurde
914 1954 1162 2005 ‘reciproca'
1181 1955 1510 2003 appellauerunt.

73 2014 156 2055 ald
180 2018 316 2052 autem
344 2011 488 2052 uitium
518 2012 667 2051 accidit
690 2013 770 2052 hoc
797 2012 944 2051 modo:
977 2022 1069 2050 cum
1100 2015 1387 2059 argumentum
1415 2021 1511 2060 pro-

115 2069 297 2119 positum
334 2068 478 2108 referri
515 2074 659 2108 contra
689 2068 960 2116 conuertique
985 2067 1024 2105 in
1062 2077 1154 2106 eum
1184 2071 1346 2116 potest,
1378 2077 1402 2105 a
1427 2077 1510 2116 quo

117 2124 269 2163 dictum
288 2131 369 2173 est,
392 2130 432 2164 et
445 2124 650 2174 utrimque
667 2124 819 2174 pariter
838 2125 969 2171 ualet3
1005 2123 1124 2172 quale
1141 2127 1207 2161 est
1222 2123 1512 2172 peruolgatum

114 2181 233 2228 illud,
274 2192 355 2230 quo
385 2181 735 2230 Protagoram,
777 2180 1059 2229 sophistarum
1090 2178 1355 2227 acerrimum,
1388 2188 1511 2218 usum

116 2247 211 2276 esse
244 2237 378 2275 serunt
407 2237 610 2276 aduersus
637 2237 927 2283 Euathlum,
955 2234 1202 2285 discipulum
1231 2245 1365 2275 suum.
