1619 2476
139 60 221 102 208
689 63 833 101 XVHI.
861 74 900 101 v.
924 73 980 101 vl.

141 174 284 221 etiam,
317 175 429 223 quod
445 175 617 213 uerbum
640 185 662 212 e
680 174 886 213 uocabulo
905 176 918 196 ²
930 172 1104 223 equitis’
1120 172 1359 214 inclinatum
1376 179 1459 222 est,
1492 181 1532 214 et

140 232 264 270 homo
290 241 397 278 equo
430 235 551 270 utens
575 234 615 268 et
636 241 768 279 equus
799 231 876 269 sub
903 229 1068 269 homine
1093 229 1286 279 gradiens
1303 230 1530 270 dicebatur.

85 285 371 330 10Lucilius
394 287 520 334 adeo,
546 285 609 325 uir
625 286 810 336 adprime
827 286 990 335 linguae
1014 285 1183 325 Latinae
1199 286 1356 336 sciens,
1380 298 1532 337 equum

142 345 154 364 ‘
169 341 374 391 equitare'
404 342 501 381 dicit
525 342 586 382 his
609 342 822 382 uersibus:

197 420 316 469 Quis
351 420 474 458 hinc
509 431 723 459 currere
759 432 945 470 equum
979 432 1070 459 nos
1108 424 1261 469 atque
1296 420 1531 470 equitare

970 476 1225 523 uidemus,

197 532 285 571 His
323 531 525 581 equitat
567 533 867 582 curritque:
916 533 1086 572 oculis
1119 532 1358 581 equitare
1391 532 1531 572 uide-

958 600 1086 637 mus;

197 645 327 693 Ergo
366 644 532 684 oculis
566 644 776 694 equitat.

85 744 127 778 11
142 735 226 775 Sed
249 734 356 774 enim
379 738 630 783 contentus',
662 734 805 784 inquit,
835 738 931 784 ‘ego
953 734 1015 774 his
1034 747 1116 774 non
1136 734 1192 774 sui
1210 739 1261 784 et,
1287 740 1432 775 utnon
1447 740 1530 775 tur-

140 791 260 830 bidae
281 791 377 831 fidei
397 803 473 830 nec
506 791 743 840 ambiguae,
775 792 849 830 sed
871 796 915 830 ut
936 803 1065 841 purae
1097 792 1374 841 liquentisque
1405 796 1529 839 esset,

141 846 339 887 ‘ecus'ne
366 860 417 887 an
443 851 620 897 ‘eques'
654 847 852 896 scriptum
874 848 1068 887 Ennius
1099 848 1355 898 reliquisset,
1384 848 1531 887 librum

141 914 326 944 summae
351 910 475 954 atque
500 904 757 943 reuerendae
785 904 1024 956 uetustatis,
1059 915 1182 953 quem
1206 906 1292 944 fere
1314 905 1532 944 constabat

140 960 505 1010 Lampadionis
538 971 661 999 manu
683 961 962 1008 emendatum,
990 960 1126 999 studio
1152 960 1372 1010 pretioque
1402 961 1529 999 multo

140 1015 262 1054 unius
297 1028 446 1055 uersus
478 1016 723 1066 inspiciendi
760 1016 889 1065 gratia
920 1016 1101 1055 conduxi
1134 1021 1175 1055 et
1206 1019 1407 1065 <eques'‚
1447 1027 1531 1055 non

143 1075 324 1120 eequus'‚
358 1073 555 1122 scriptum
578 1073 615 1112 in
636 1085 684 1112 eo
702 1084 829 1111 uersu
846 1072 996 1111 inueni.

87 1135 154 1169 12.
226 1128 315 1167 Hoc
340 1133 425 1167 tum
451 1129 569 1168 nobis
596 1128 826 1168 Iulianus
859 1134 899 1167 et
927 1130 1053 1168 multa
1075 1128 1152 1167 alia
1178 1128 1313 1167 lucide
1343 1127 1463 1168 simul
1494 1132 1534 1166 et

142 1183 370 1223 adfabiliter
387 1185 499 1223 dixit.
554 1186 636 1224 Sed
657 1185 800 1223 eadem
826 1185 918 1234 ipsa
938 1189 1036 1234 post
1051 1184 1171 1224 etiam
1189 1185 1235 1223 in
1252 1195 1277 1233 p
1291 1185 1533 1233 eruulga-

141 1239 206 1278 tis
245 1241 633 1280 commentariis
673 1240 825 1290 scripta
859 1241 1121 1280 offendimus.

805 1353 873 1391 VI.
911 1397 913 1399 Ι

143 1431 252 1476 Quod
268 1433 397 1468 Aelius
424 1432 598 1467 Melissus
621 1433 658 1467 in
682 1433 796 1476 libro,
823 1432 880 1466 cui
903 1432 1045 1467 titulum
1074 1432 1157 1467 feeit
1178 1431 1224 1467 de
1247 1431 1423 1477 loquendi
1447 1442 1533 1478 pro-

198 1489 366 1534 prietate,
385 1499 516 1534 quem,
544 1499 627 1523 cum
645 1488 791 1532 ederet,
816 1499 970 1523 cornum
995 1499 1080 1523 esse
1104 1488 1234 1534 copiae
1254 1486 1427 1532 dicebat,
1453 1499 1532 1522 rem

200 1545 349 1591 scripsit
368 1555 489 1590 neque
516 1544 617 1579 dictu
637 1556 756 1590 neque
774 1544 903 1579 auditu
922 1544 1072 1590 dignam
1086 1572 1095 1590 ,
1120 1555 1205 1579 cum
1221 1543 1373 1588 differre
1397 1547 1533 1579 malro—

199 1612 283 1636 nam
301 1605 335 1636 et
355 1604 510 1636 matrem
529 1601 689 1636 familias
711 1601 936 1635 existimauit
954 1600 1167 1636 differentia
1184 1601 1295 1646 longe
1314 1600 1532 1636 uanissima.

106 1695 125 1727 1
225 1690 262 1726 Α
274 1687 403 1726 elius
422 1688 461 1725 M
473 1688 518 1724 el
531 1686 573 1726 is
585 1699 671 1726 sus
694 1687 731 1724 in
751 1692 894 1726 nostra
909 1686 1107 1726 memoria
1124 1685 1198 1725 fuit
1212 1687 1369 1726 Romae
1385 1686 1534 1726 summi

145 1743 309 1792 quidem
326 1742 406 1782 loci
422 1742 527 1781 inter
543 1743 832 1791 grammaticos
850 1743 890 1782 id
906 1742 1128 1792 temporis;
1157 1743 1233 1781 sed
1249 1743 1404 1782 maiore
1425 1742 1464 1781 in
1492 1743 1532 1780 li-

105 1805 127 1838 2
143 1799 241 1838 teris
265 1804 352 1837 erat.
379 1798 571 1837 iactantia
597 1804 636 1837 et
660 1799 912 1851 σοφιστείᾳ,
945 1810 1067 1848 quam
1099 1809 1239 1848 opera.
1299 1800 1337 1837 Is
1367 1802 1534 1847 praeter

146 1855 234 1902 alia,
264 1866 369 1904 quae
392 1854 558 1903 scripsit
575 1856 799 1904 complura,
830 1855 976 1894 librum
994 1854 1240 1903 composuit,
1259 1859 1304 1893 ut
1318 1859 1403 1893 tum
1420 1854 1532 1893 uide-

109 1915 131 1949 3
146 1911 282 1958 batur,
316 1922 406 1949 cum
441 1915 504 1949 est
534 1911 687 1958 editus,
721 1911 933 1950 doctrinae
956 1911 1145 1949 inclutae.
1204 1910 1252 1948 Ei
1272 1910 1374 1949 libro
1395 1910 1531 1948 titulus

146 1971 209 2004 est
246 1966 422 2015 ingentis
463 1965 676 2005 cuiusdam
711 1967 942 2005 inlecebrae
975 1967 1027 2005 ad
1064 1967 1304 2015 legendum;
1353 1966 1531 2015 scriptus

148 2021 300 2071 quippe
326 2027 411 2060 est:
445 2022 571 2074 delo
584 2035 609 2071 q
623 2035 646 2060 u
661 2033 718 2061 en
732 2023 778 2060 di
809 2022 984 2072 propri
998 2026 1147 2060 etate.
1211 2021 1308 2069 Quis
1325 2022 1431 2061 adeo
1451 2022 1532 2061 exi-

147 2077 294 2125 stimet,
318 2077 431 2126 loqui
449 2088 494 2116 se
515 2083 627 2116 recte
645 2082 769 2127 atque
788 2078 957 2127 proprie
974 2088 1116 2127 posse,
1134 2077 1211 2116 nisi
1225 2077 1314 2116 illas
1331 2077 1532 2117 Melissi

145 2132 421 2181 proprietates
448 2133 742 2182 perdidicerit?

107 2193 130 2226 4
226 2189 295 2226 Ex
333 2199 390 2227 eo
439 2189 572 2228 libro
620 2190 748 2228 uerba
793 2190 895 2228 haec
938 2193 1054 2227 sunt:
1109 2189 1389 2228 ‘Matrona’
1432 2192 1530 2236 est,

148 2253 279 2289 quae
323 2246 478 2282 semel
511 2245 738 2293 peperit,
794 2256 919 2294 quae
964 2244 1192 2293 saepius,
1234 2248 1420 2284 ‘mater
1460 2245 1531 2283 fa-
