1603 2508
575 77 783 124 V1.(V11.)
800 87 858 116 Χῖ.
877 87 952 116 xn.
1386 75 1469 118 201

59 190 156 231 sed
184 189 392 230 luxuria
423 194 471 229 et
501 189 740 240 nequitia
776 189 1057 240 pecuniam
1089 201 1317 240 magnam
1351 202 1471 231 con-

59 251 366 297 sumpserat.
427 246 481 285 M.
505 248 672 287 Varro
695 246 867 286 inlibris
887 247 947 286 de
974 245 1152 297 lingua
1173 246 1375 287 Latina:
1407 249 1511 288 Vt8

59 316 119 344 ex
145 306 293 344 ‘non'
319 308 368 343 et
393 314 455 343 ex
477 305 664 352 ‘uolo’‚
694 303 845 354 inquit,
875 304 1061 351 enolo’,
1090 303 1163 343 sic
1191 314 1250 344 ex
1276 300 1387 343 ene'
1420 309 1471 343 et

58 360 415 412 ‘quiequam',
448 360 613 399 media
643 360 846 411 syllaba
876 360 1087 408 extrita,
1121 360 1469 411 compositum

58 423 139 457 est
185 420 479 466 ‘nequam'.
540 417 894 457 P.Afrieanus
918 429 1010 467 pro
1038 428 1091 457 se
1111 422 1300 457 eontra
1325 418 1514 458 Tibe-9·

56 474 186 515 rium
213 473 524 522 Asell(i)um
568 475 626 513 de
675 475 837 514 multa
874 475 934 513 ad
975 475 1244 524 populum:
1292 473 1471 514 Omnia

56 533 210 582 mala,
240 531 456 582 probra,
489 530 719 581 flagitia,
753 530 1141 581 quaehomines
1170 531 1388 579 faciunt,
1419 531 1469 570 in

56 589 256 629 duabus
283 589 435 628 rebus
463 594 600 637 sunt,
625 587 819 627 malitia
846 593 1000 637 atque
1019 587 1268 638 nequitia.
1291 589 1469 627 Vtrum

57 645 320 693 defendit,
369 645 620 685 malitiam
661 656 720 684 an
770 644 1058 694 nequitiam
1102 656 1163 684 an
1190 649 1469 695 utrumque

56 702 235 743 simul?
264 701 316 742 Si
340 701 625 751 nequitiam
651 702 941 742 defendere
969 701 1068 750 uis,
1101 702 1248 749 lieet;
1282 702 1324 741 si
1349 701 1471 741 tuin

55 771 156 799 uno
198 763 384 800 scorto
416 758 665 799 maiorem
696 758 970 809 pecuniam
1009 757 1469 809 ab(in)sumpsisti‚

57 827 209 866 quam
236 815 414 866 quanti
439 827 585 856 omne
608 815 1013 855 instrumentum
1038 815 1192 855 fundi
1213 814 1393 855 Sabini
1421 814 1470 854 in

56 885 264 914 censum
296 872 646 921 dedicauisti,
675 872 715 912 si
743 873 838 912 hoe
870 872 938 911 ita
970 877 1078 912 est:
1121 871 1209 923 qui
1242 872 1470 922 spondet

54 930 193 969 mille
230 930 510 970 nummum?
541 930 584 969 si
614 935 666 969 tu
695 930 813 979 plus
848 929 1006 968 tertia
1032 934 1182 979 parte
1210 928 1467 979 pecuniae

53 992 312 1038 paternae
344 985 635 1036 perdidisti
668 991 823 1036 atque
852 985 1203 1036 absumpsisti
1233 985 1282 1024 in
1313 985 1467 1035 flagi-

54 1043 166 1091 tiis,
199 1043 241 1083 si
276 1043 376 1083 hoc
405 1042 473 1082 ita
507 1048 606 1082 est:
640 1042 725 1093 qui
764 1043 993 1093 spondet
1024 1042 1160 1082 mille
1186 1043 1468 1082 nummum?

53 1101 157 1140 Non
177 1099 262 1140 uis
289 1099 597 1148 nequitiam.
659 1102 766 1149 Age
797 1099 1044 1138 malitiam
1074 1101 1261 1139 saltem
1292 1099 1465 1138 defen-

56 1157 160 1196 des.
225 1156 359 1196 Situ
386 1155 564 1196 uerbis
589 1156 870 1206 conceptis
899 1155 1253 1196 coniurauisti
1291 1155 1469 1195 sciens

55 1212 261 1253 sciente
292 1213 458 1252 animo
489 1217 603 1262 tuo,
647 1212 689 1253 si
728 1213 824 1252 hoe
861 1212 931 1252 ita
965 1217 1068 1253 est:
1119 1212 1200 1263 qui
1236 1212 1465 1262 spondet

56 1270 193 1310 mille
218 1270 494 1309 nummum?

721 1371 808 1411 XII.

53 1454 107 1490 De
135 1454 268 1490 tunicis
299 1452 518 1499 chiridotis3
553 1453 655 1500 quod
683 1463 810 1489 earum
842 1450 983 1501 [usum]
1006 1453 1045 1490 P.
1066 1452 1267 1489 Africanus
1297 1452 1464 1501 Sulpicio

624 1511 728 1547 Gallo
759 1511 908 1547 oblecit.

137 1609 304 1651 Tunieis
320 1611 380 1651 uti
395 1611 531 1652 uirum
547 1610 721 1662 prolixis
737 1612 845 1651 ultra
861 1609 1029 1649 brachia
1047 1616 1086 1649 et
1102 1621 1238 1659 usque
1255 1610 1295 1649 in
1314 1610 1462 1660 primo·
1482 1618 1501 1651 1

54 1678 123 1707 res
141 1678 290 1708 manus
313 1679 360 1708 ac
380 1680 514 1719 prope
538 1668 579 1708 in
598 1667 770 1718 digitos,
800 1668 958 1707 Romae
990 1671 1116 1715 atque
1141 1666 1181 1705 in
1215 1667 1327 1706 omni
1346 1667 1462 1707 Latio

54 1723 302 1764 indecorum
334 1725 422 1765 fuit.
482 1727 565 1765 Eas
588 1724 751 1764 tunicas
770 1725 929 1763 Graeco
948 1723 1156 1762 uocabulo
1173 1723 1306 1763 nostri
1331 1723 1463 1763 <ehiri-
1480 1730 1505 1763 2

56 1781 194 1820 dotas’
213 1782 531 1832 appellauerunt
568 1781 816 1831 feminisque
842 1779 942 1820 solis
967 1784 1129 1819 uestem
1156 1781 1279 1830 longe
1296 1781 1462 1830 lateque

56 1837 254 1877 diffusam
283 1837 480 1879 indecere
507 1838 850 1879 existimauerunt
872 1838 923 1876 ad
946 1837 1064 1876 ulnas
1091 1847 1297 1886 cruraque
1317 1837 1462 1877 aduer-

56 1905 129 1936 sus
153 1895 299 1935 oeulos
332 1896 606 1946 protegenda.
668 1895 757 1934 Viri
784 1900 921 1934 autem
945 1892 1121 1933 Romani
1142 1892 1275 1943 primo
1296 1892 1462 1943 quidem
1480 1899 1503 1934 3

57 1950 146 1991 sine
162 1950 314 1992 tunicis
345 1957 446 2003 toga
477 1954 569 1993 sola
590 1952 725 1992 amicti
747 1954 938 1998 fuerunt3
970 1955 1121 2000 postea
1142 1949 1390 1990 substrictas
1423 1955 1462 1990 et

54 2008 207 2048 breues
232 2008 393 2049 tunicas
414 2009 515 2048 eitra
530 2010 748 2049 humerum
767 2007 995 2048 desinentis
1014 2007 1233 2055 habebant,
1264 2007 1377 2056 quod
1394 2018 1462 2057 ge·

56 2075 135 2104 nus
168 2064 314 2104 Graeci
346 2066 488 2106 dieunt
516 2063 793 2118 (ἐξωμίὸαςῆ
856 2066 943 2104 Hae
982 2063 1224 2113 antiquitate
1263 2063 1458 2103 inductus
1478 2070 1501 2103 4

54 2120 98 2159 P.
116 2121 152 2159 A
164 2121 367 2162 fricanu
379 2134 418 2169 s,
451 2123 564 2162 Pauli
581 2123 703 2171 filius,
732 2122 796 2162 uir
813 2121 1004 2162 omnibus
1022 2120 1144 2160 bonis
1162 2119 1318 2160 artibus
1336 2125 1461 2170 atque

57 2176 169 2216 omni
198 2177 350 2218 uirtute
371 2179 607 2229 praeditus,
636 2181 680 2219 P.
708 2179 891 2229 Sulpicio
920 2179 1057 2224 Gallo,
1088 2176 1244 2217 homini
1270 2177 1460 2225 delicato,

55 2232 162 2272 inter
191 2235 392 2285 pleraque
417 2235 514 2284 alia,
548 2248 654 2286 quae
673 2236 928 2283 oblectabat,
958 2234 1000 2273 id
1019 2245 1189 2284 quoque
1212 2235 1369 2284 probro
1393 2235 1460 2272 de-

57 2286 135 2338 dit,
164 2291 278 2340 quod
301 2291 451 2332 tunicis
474 2297 659 2332 uteretur
675 2304 822 2332 manus
840 2298 950 2332 totas
972 2290 1269 2341 operientibus.

0 2363 20 2458 ΞΪ
