1603 2508
30 2187 85 2261 {2³

627 91 693 129 VI.
713 91 839 138 (VII.)
860 101 917 128 w.
938 99 1011 127 vn.
1432 87 1512 129 195

107 210 179 246 aut
200 215 326 245 caeca
347 208 492 243 natura
515 203 738 254 gignuntur
759 207 829 242 aut
849 203 1026 242 modora
1046 200 1298 241 inauditaue.
1351 203 1513 242 Nullum
1529 207 1551 240 2

108 267 245 302 autem
265 262 394 301 ullum
417 259 530 310 gigni
551 259 701 300 animal
722 259 1052 300 Aristoteles
1078 258 1193 307 dicit,
1218 259 1331 308 quod
1351 265 1421 299 aut
1441 271 1513 309 gu-

106 323 196 360 stus
217 329 347 358 sensu
368 323 518 365 careat,
542 322 612 357 aut
631 322 780 357 tactus.

187 375 328 415 Verba
357 385 409 415 ex
437 374 542 415 libro
565 373 674 421 eius,
707 385 831 438 quem
860 370 985 424 περὶ
1014 368 1230 439 μνήμης
1260 373 1509 423 composuit,
1527 376 1550 411 3

106 433 210 472 haec
245 437 360 472 sunt:
410 427 520 484 Τὴν
560 425 618 471 δε
655 424 803 482 ἁφὴν
846 426 936 470 καὶ
973 427 1072 482 τὴν
1103 429 1306 481 γεῦσιν
1338 427 1512 471 πάντα

108 487 243 542 ἔχει,
276 481 419 541 πλὴν
452 489 575 528 εἴτι
605 487 711 528 τῶν
741 483 891 536 ζώων
920 480 1122 535 ἀτελές.

768 601 855 642 VII.

104 686 165 724 An
193 685 353 731 affatim,
384 687 491 733 quasi
513 685 738 730 admodum,
762 687 881 733 prima
904 690 1014 723 acuta
1034 686 1353 734 pronuntiandum
1379 687 1444 731 sit;
1477 691 1511 721 et

163 742 350 791 quaedam
379 742 507 780 itidem
537 754 611 779 non
643 743 832 780 incuriose
862 747 1016 779 tractata
1048 755 1161 790 super
1192 744 1350 779 aliarum
1374 754 1508 780 uocum

165 801 393 837 accentibus.

185 876 451 917 Annianus
480 882 608 928 poeta
639 883 806 927 praeter
833 877 984 927 ingenii
1006 878 1276 918 amoenitates
1301 878 1508 917 literarum
1529 890 1548 923 l

105 944 274 984 quoque
302 939 491 974 ueterum
520 939 559 974 et
585 934 790 974 rationum
810 934 850 973 in
876 933 1001 974 literis
1025 935 1179 985 oppido
1207 946 1329 985 quam
1352 934 1508 985 peritus

103 989 177 1030 fuit
212 995 253 1030 et
280 990 638 1031 sermocinabatur
670 990 771 1031 mira
796 992 973 1041 quadam
998 997 1037 1031 et
1067 991 1169 1032 scita
1190 991 1407 1031 suauitate.
1468 992 1506 1030 Is
1525 1003 1547 1036 2

105 1045 320 1095 ‘affatim'‚
343 1052 389 1087 ut
412 1048 701 1096 ‘admodumz
732 1047 862 1098 prima
879 1053 1012 1097 acuta,
1042 1061 1124 1089 non
1151 1048 1297 1096 media,
1327 1059 1507 1099 pronun-

102 1101 229 1142 tiabat
251 1108 376 1153 atque
392 1102 448 1144 ita
468 1109 635 1144 ueteres
658 1105 821 1145 locutos
839 1106 1048 1145 censebat.
1090 1107 1234 1155 Itaque
1252 1117 1298 1145 se
1317 1105 1510 1145 audiente
1527 1115 1550 1149 3

102 1159 321 1200 Probum
343 1159 656 1210 grammaticum
678 1161 757 1202 hos
780 1173 930 1202 uersus
948 1161 987 1202 in
1009 1162 1179 1202 Plauti
1202 1161 1282 1202 Cis
1297 1161 1511 1201 tellaria

102 1214 256 1266 legisse
278 1215 395 1256 dicit:

157 1281 340 1324 Potine
362 1288 413 1323 tu
436 1285 586 1324 homo
611 1283 815 1325 facinus
840 1286 1019 1324 facere
1043 1284 1340 1324 strenuum?
1369 1283 1508 1324 Alio-

936 1353 1043 1380 rum
1069 1340 1270 1380 afsatim
1295 1347 1373 1381 est

159 1393 249 1446 Qui
273 1395 489 1436 faciant:
523 1408 649 1437 sane
672 1395 765 1447 ego
788 1409 861 1437 me
882 1399 1004 1437 nolo
1030 1396 1218 1437 sortem
1240 1395 1510 1448 perhiberi

937 1466 1121 1502 uirum,

101 1543 356 1583 causamque
385 1543 481 1573 esse
509 1531 604 1572 huie
635 1531 823 1572 accentui
847 1531 1022 1580 dicebat,
1056 1533 1169 1582 quod
1193 1532 1396 1572 ‘affatim'
1423 1544 1507 1574 non
1525 1520 1548 1555 4

37 1595 42 1599 “
101 1594 245 1630 essent
270 1589 377 1629 duae
399 1594 540 1640 partes
565 1589 777 1637 orationis,
808 1589 884 1629 sed
905 1594 1083 1639 utraque
1107 1600 1204 1639 pars
1224 1588 1264 1628 in
1286 1601 1410 1629 unam
1436 1601 1508 1629 uo-

101 1656 190 1685 cem
221 1644 464 1694 coaluisset,
508 1644 628 1686 sicuti
653 1645 693 1686 in
725 1657 774 1686 eo
807 1656 995 1695 quoque,
1037 1646 1150 1695 quod
1179 1645 1505 1686 ‘exaduersum’

101 1700 289 1752 dicimus,
318 1703 546 1743 secundam
572 1703 774 1754 syllabam
800 1702 953 1741 debere
976 1701 1067 1741 aeui
1089 1701 1371 1749 existimabat,
1407 1713 1507 1752 quo-

99 1757 208 1799 niam
231 1770 324 1808 una,
346 1770 431 1799 non
453 1759 561 1800 duae
581 1765 723 1800 essent
747 1765 886 1809 partes
911 1757 1110 1798 orationis
1123 1772 1133 1806 ;
1163 1763 1289 1808 atque
1309 1758 1365 1798 ita
1386 1770 1506 1808 opor-

101 1819 188 1856 tere
213 1816 326 1867 apud
345 1815 641 1857 Terentium
662 1815 742 1867 legi
766 1815 929 1855 dicebat
947 1814 987 1854 in
1007 1814 1071 1854 his
1096 1814 1311 1855 uersibus:

155 1885 210 1924 In
252 1895 349 1934 quo
387 1883 517 1924 haec
549 1884 792 1925 discebat
827 1882 966 1930 ludo,
1009 1879 1356 1922 exaduersum
1388 1883 1504 1923 loco

156 1937 404 1981 Tostrina
429 1947 541 1981 erat
571 1941 838 1992 quaedam.

98 2018 294 2060 Addebat
316 2018 457 2067 etiam,
487 2021 601 2070 quod
627 2021 728 2059 ead’
757 2018 1046 2070 praeuerbium
1071 2024 1157 2058 tum
1184 2020 1312 2058 ferme
1341 2029 1507 2058 acuere·
1524 2025 1547 2061 5

37 2081 58 2135 ’1
98 2079 178 2124 tur,
203 2086 295 2116 cum
316 2075 570 2126 significaret
591 2073 807 2126 ἐπίτασιν,
833 2087 955 2125 quam
983 2075 1285 2115 eintentionem'
1308 2086 1388 2115 nos
1411 2075 1507 2114 diei-

0 2147 1 2151 *
100 2141 206 2180 mus,
227 2131 336 2173 sicut
355 2135 367 2155 ²
383 2133 578 2174 adfabre'
604 2139 644 2173 et
669 2132 942 2172 ‘admodum’
967 2138 1006 2171 et
1031 2132 1270 2182 ‘adprobe'
1298 2131 1503 2172 dicuntur.

185 2188 331 2228 Cetera
351 2188 519 2240 quidem
541 2189 642 2230 satis
666 2189 885 2230 commode
910 2187 1193 2228 Annianus.
1237 2188 1322 2228 Sed
1344 2187 1379 2228 si
1398 2189 1504 2228 hanc
1522 2195 1544 2230 6

26 2263 64 2286 ·-,
100 2242 343 2293 particulam
366 2257 545 2296 semper,
577 2257 670 2286 cum
689 2244 959 2285 intentionem
983 2244 1249 2296 significaret,
1273 2244 1365 2284 acui
1388 2251 1504 2294 puta-

28 2293 74 2343 ’ζ
99 2297 173 2347 uit,
197 2311 282 2340 non
296 2300 344 2340 id
369 2307 614 2352 perpetuum
633 2301 817 2342 uidetur:
849 2312 942 2340 nam
966 2307 1007 2341 et
1036 2301 1266 2351 ‘adpotus’
1292 2313 1384 2341 cum
1406 2300 1501 2341 dici·
1521 2305 1543 2342 7

1147 2356 1228 2397 13*
