1619 2476
178 42 258 83 110
781 42 904 80 ΧΙΙΙΙ.
935 52 962 81 1.

177 155 289 193 dicra
309 159 350 192 et
369 153 541 191 ridenda
565 153 768 202 quaedam
783 157 1178 202 neurospasta-esse
1198 152 1430 200 uideantur,
1455 153 1491 192 si
1510 153 1565 192 ni-

175 210 228 248 hil
260 220 335 248 sua
359 214 534 259 sponte,
567 209 663 247 nihil
685 208 881 247 arbitratu
903 220 979 248 suo
1008 208 1182 260 faciunt,
1213 209 1289 248 sed
1319 209 1566 248 ducentibus

119 268 163 301 24
174 265 301 304 stellis
324 269 364 303 et
383 264 679 314 aurigantibus.
741 267 820 303 <Ac
837 264 903 315 si',
929 264 1072 313 inquit,
1102 264 1362 313 ‘potuissem
1382 265 1565 314 praedici
1616 259 1617 265 ’

173 321 409 367 adfirmant,
441 321 680 371 Pyrrhusne
697 331 770 359 rex
791 331 843 359 an
859 319 1019 359 Manius
1039 320 1184 360 Curius
1201 319 1360 369 proelio
1381 320 1564 360 uicturus

173 382 307 423 esset,
341 387 413 415 cur
439 377 605 415 tandem
627 388 709 416 non
735 377 786 415 de
804 377 894 415 alea
920 387 1087 425 quoque
1108 386 1156 414 ac
1179 377 1230 415 de
1257 377 1424 416 calculis
1450 382 1490 416 et
1510 379 1565 416 al-

171 434 293 472 ueolo
319 433 472 471 audent
493 433 642 480 dicere,
672 432 860 481 quisnam
876 431 929 470 ibi
950 431 1175 471 ludentium
1190 432 1354 471 uincat?
1384 444 1436 471 an
1455 432 1566 472 uide-

172 489 266 527 licet
282 499 430 537 magna
446 489 600 536 sciunt,
634 499 765 538 parua
789 487 998 535 nesciunt,
1030 493 1072 526 et
1092 487 1252 527 minora
1267 488 1491 528 maioribus
1508 488 1565 527 in-

116 552 159 585 25
170 543 435 594 perceptiora
459 546 582 584 sunt?
617 544 701 584 Sed
723 544 758 583 si
782 544 1084 593 magnitudines
1105 555 1242 583 rerum
1261 543 1338 584 sibi
1355 544 1566 584 uindicant

172 600 388 649 magisque
414 611 509 640 esse
531 600 776 650 perspicuas
804 605 843 639 et
863 600 1019 639 facilius
1039 599 1336 650 comprehendi
1358 611 1488 649 posse
1509 600 1565 639 di-

173 662 289 702 cunt,
321 657 457 703 uolo',
489 656 638 705 inquit,
669 656 790 695 ‘mihi
823 657 1125 706 respondeant,
1153 655 1251 705 quid
1272 656 1312 695 in
1332 657 1408 695 hac
1439 656 1564 697 totius

172 711 313 751 mundi
333 712 694 761 contemplatione,
725 711 973 762 praestantis
990 717 1162 752 naturae
1185 712 1396 764 operibus,
1427 712 1466 751 in
1482 717 1565 752 tam

170 767 309 817 paruis
328 772 450 816 atque
467 768 662 808 breuibus
681 768 857 817 negotiis
868 768 1127 818 fortunisque
1144 767 1354 808 hominum
1371 779 1565 817 magnum

113 837 156 870 26
171 824 345 873 putent?
374 829 500 872 atque
527 823 568 863 id
590 823 713 863 uelim
737 824 894 871 etiam',
925 824 1077 874 inquit,
1109 828 1178 864 ‘ut
1199 825 1503 874 respondeant:
1531 823 1565 864 si

171 885 253 918 tam
270 890 444 928 paruum
460 886 584 930 atque
604 879 793 930 rapidum
810 885 874 919 est
898 885 1150 920 momentum
1166 880 1365 930 temporis
1378 913 1387 928 ,
1418 880 1458 919 in
1481 892 1562 930 quo

170 935 294 975 homo
316 947 494 976 nascens
515 938 640 975 fatum
659 936 819 986 accipit,
850 941 894 975 ut
910 936 950 975 in
969 938 1116 976 eodem
1136 937 1204 976 illo
1221 942 1376 987 puncto
1396 938 1473 977 sub
1498 948 1568 976 eo-.

171 992 264 1029 dem
299 991 451 1031 circulo
488 992 588 1031 caeli
626 994 766 1042 plures
799 992 918 1032 simul
955 993 1008 1031 ad
1037 994 1210 1032 eandem
1247 993 1563 1043 competentiam

169 1047 285 1086 nasci
314 1059 396 1087 non
422 1053 596 1100 queant,
628 1054 667 1087 et
695 1049 729 1088 si
755 1048 909 1088 idcirco
945 1049 1094 1099 gemini
1126 1060 1294 1099 quoque
1313 1060 1396 1089 non
1419 1050 1565 1088 eadem

169 1103 277 1142 uitae
303 1109 416 1143 sorte
442 1109 559 1151 sunt,
594 1105 787 1154 quoniam
805 1116 888 1144 non
909 1105 1057 1145 eodem
1076 1105 1273 1155 temporis
1291 1110 1445 1155 puncto
1468 1104 1565 1145 editi

170 1164 283 1206 sunt,
312 1163 458 1208 peto’‚
491 1160 641 1209 inquit,
675 1162 1002 1212 ‘respondeant‚
1036 1171 1202 1201 cursum
1231 1161 1342 1200 illum
1363 1160 1563 1211 temporis

168 1216 488 1263 transuolantis‚
522 1216 591 1265 qui
612 1216 681 1255 uix
700 1217 948 1266 cogitatione
971 1217 1094 1256 animi
1110 1217 1393 1266 conprehendi
1406 1220 1563 1266 potest,

171 1281 351 1318 quonam
382 1276 505 1320 pacto
538 1278 608 1311 aut
641 1274 831 1312 consulto
866 1273 1041 1322 adsequi
1075 1277 1228 1322 queant
1261 1276 1332 1311 aut
1365 1271 1445 1322 ipsi
1473 1283 1563 1322 per-

171 1325 334 1374 spicere
371 1332 411 1365 et
447 1329 778 1378 reprehendere,
825 1338 916 1367 cum
952 1327 992 1366 in
1032 1333 1114 1366 tam
1154 1327 1371 1378 praecipiti
1403 1328 1563 1368 dierum

170 1381 435 1430 noctiumque
464 1383 664 1431 uertigine
692 1382 857 1422 minima
886 1388 1095 1423 momenta
1118 1383 1307 1433 ingentes
1339 1384 1476 1423 facere
1507 1384 1563 1423 di-

112 1442 155 1478 27
169 1442 263 1476 cant
299 1438 597 1478 inutationes?'
652 1439 719 1478 Ad
756 1444 1014 1488 postremum
1051 1445 1186 1479 autem
1226 1445 1267 1478 et
1302 1440 1401 1489 quid
1435 1444 1560 1488 esset,
1617 1471 1619 1478 Α

171 1494 285 1542 quod
307 1494 531 1534 aduersum
556 1495 635 1535 hoc
654 1494 732 1533 dici
757 1500 928 1544 posset,
958 1495 1210 1545 requirebat,
1243 1497 1356 1545 quod
1371 1495 1560 1536 homines

166 1549 384 1598 utriusque
406 1562 533 1589 sexus
553 1551 733 1590 omnium
751 1555 941 1598 aetatum,
960 1550 1135 1591 diuersis
1153 1553 1364 1592 stellarum
1379 1551 1560 1592 motibus
1614 1550 1616 1576 s

166 1605 206 1643 in
223 1604 349 1644 uitam
370 1606 484 1653 editi,
517 1606 776 1655 regionibus,
807 1607 884 1646 sub
903 1607 1051 1656 quibus
1068 1607 1192 1657 geniti
1217 1613 1332 1656 sunt,
1363 1609 1487 1657 longe
1504 1607 1560 1645 di-
1612 1606 1619 1651 ζ

169 1661 387 1708 stantibus,
405 1667 542 1701 tamen
559 1662 638 1710 isti,
656 1668 726 1702 aut
742 1663 947 1702 hiantibus
966 1663 1086 1702 terris
1103 1668 1172 1703 aut
1188 1663 1420 1704 labentibus
1439 1663 1559 1702 tectis
1610 1664 1619 1714 g

168 1722 238 1755 aut
259 1717 509 1766 oppidorum
532 1718 906 1768 expugnationibus
926 1723 995 1758 aut
1011 1720 1155 1759 eadem
1171 1719 1211 1759 in
1227 1720 1324 1759 naui
1344 1720 1472 1759 fluctu
1490 1719 1560 1758 ob·
1588 1745 1589 1749 =
1612 1720 1615 1722 ’

168 1772 260 1819 ruti,
293 1773 442 1812 eodem
462 1785 616 1823 genere
639 1775 782 1814 mortis
806 1776 1038 1824 eodemque
1059 1774 1143 1814 ictu
1161 1775 1359 1826 temporis
1375 1775 1559 1815 uniuersi
1607 1809 1613 1814 ,

111 1827 288 1867 28simul
308 1829 532 1869 interirent.
594 1831 740 1879 ‘Quod
757 1831 951 1878 scilicet'‚
980 1830 1132 1880 inquit,
1162 1833 1403 1882 ‘numquam
1423 1830 1559 1870 eueni·
1607 1831 1617 1869 ᾗ

166 1890 249 1931 ret,
281 1884 316 1923 si
332 1890 540 1924 momenta
558 1887 757 1926 nascendi
780 1886 950 1936 singulis
975 1887 1181 1927 adtributa
1201 1899 1300 1927 suas
1317 1886 1559 1936 unumquic-

108 1944 153 1979 29
168 1950 249 1988 que
266 1941 380 1990 leges
396 1942 609 1981 haberent.
643 1943 761 1991 Quod
785 1943 820 1982 si
841 1942 1074 1992 quaedam',
1099 1943 1242 1994 inquit,
1275 1943 1331 1982 ‘in
1347 1941 1558 1983 hominum

166 2000 300 2034 morte
328 2002 453 2046 atque
482 1997 566 2036 uita
600 1999 720 2037 etiam
752 1998 926 2037 diuersis
955 1999 1211 2048 temporibus
1249 1999 1453 2040 editorum
1484 2009 1583 2047 per¹
1610 2009 1617 2014 '·

167 2052 378 2090 stellarum
400 2063 523 2101 pares
549 2055 754 2102 quosdam
777 2059 924 2103 postea
950 2059 1183 2095 conuentus
1213 2055 1330 2105 paria
1359 2054 1558 2094 nonnulla
1617 2067 1619 2070 ·

166 2111 208 2145 et
239 2107 468 2146 consimilia
503 2120 631 2158 posse
673 2109 815 2148 dicunt
854 2109 1088 2159 optingere,
1123 2122 1196 2150 cur
1222 2122 1305 2151 non
1334 2109 1556 2159 aliquando

168 2162 331 2210 possint
348 2163 484 2203 omnia
495 2175 663 2214 quoque
679 2165 793 2214 paria
810 2176 888 2204 usu
903 2165 1057 2213 uenire,
1076 2172 1120 2206 ut
1135 2166 1314 2206 existant
1330 2176 1406 2216 per
1419 2164 1549 2217 huius-

167 2218 327 2256 cemodi
357 2221 565 2258 stellarum
594 2221 891 2261 concursiones
915 2226 955 2259 et
982 2221 1266 2262 similitudines
1284 2222 1482 2261 Socratae
1504 2221 1554 2266 si-
