1603 2508
487 521 544 581 Α.
628 517 669 578 G
713 518 752 579 E
797 519 833 580 L
877 518 913 580 L
957 519 976 581 1
1021 518 1040 579 ι

111 676 406 754 NOCTIVM
446 677 834 754 ATTIGARVM
875 679 1073 755 LIBER
1116 676 1420 753 DECIMVS.

753 972 780 1010 Ι.

55 1063 273 1100 Tertiumne
301 1064 435 1100 consul
465 1074 513 1099 an
542 1066 648 1100 tertio
672 1065 746 1101 dici
781 1069 972 1111 oporteat;
1005 1067 1041 1100 et
1067 1074 1229 1111 quonam
1262 1062 1375 1099 modo
1403 1062 1468 1099 Cn.

112 1120 341 1167 Pompeius,
374 1131 459 1156 cum
497 1120 534 1155 in
558 1120 727 1165 theatro,
757 1120 859 1167 quod
884 1125 963 1156 erat
1001 1120 1267 1163 dedicaturus,
1303 1119 1470 1156 honores

113 1187 206 1213 suos
233 1175 434 1221 scriberet,
461 1179 719 1223 quaestionem
746 1178 948 1225 ancipitem
977 1178 1084 1214 istius
1106 1177 1211 1213 uerbi
1243 1176 1288 1212 de
1311 1177 1470 1213 consilio

115 1232 312 1270 Ciceronis
329 1234 519 1270 uitauerit.

143 1331 354 1394 Familiari
383 1365 476 1394 meo
510 1353 686 1404 cuipiam
711 1354 850 1394 literas
868 1353 1044 1394 Athenis
1063 1355 1237 1394 Romam
1259 1353 1364 1393 misi.
1413 1355 1456 1394 In
1468 1362 1529 1396 1.2

55 1408 119 1449 his
138 1409 338 1460 scriptum
355 1410 451 1458 suit,
475 1422 540 1450 me
557 1411 612 1450 illi
629 1411 709 1450 iam
726 1411 926 1451 ‘tertium’
945 1410 1181 1451 scribsisse.
1245 1412 1283 1450 Is
1318 1411 1370 1450 ad
1404 1423 1469 1451 me
1486 1419 1509 1454 3

38 1466 272 1507 ,rescribsit
295 1467 549 1517 petiuitque,
573 1473 619 1508 ut
635 1468 838 1508 rationem
857 1469 1058 1515 dicerem,
1085 1479 1158 1507 cur
1176 1467 1395 1507 ‘tertium’
1421 1479 1470 1507 ac

56 1533 139 1562 non
163 1523 318 1563 ‘tertio'
338 1523 617 1564 scribsissem.
656 1525 700 1563 Id
719 1525 840 1564 etiarn
859 1525 1094 1573 adscribsit‚
1119 1529 1164 1564 ut
1181 1524 1340 1572 eadem,
1369 1524 1469 1574 quid

33 1591 35 1593 ’
56 1590 185 1629 super
200 1579 268 1619 illo
289 1592 459 1630 quoque
480 1580 576 1620 mihi
592 1581 815 1629 uideretur,
849 1582 1028 1621 facerem
1047 1593 1093 1621 se
1112 1581 1345 1627 certiorem,
1373 1584 1469 1620 ‘ter-

55 1635 230 1676 tium’ne
248 1638 430 1676 ‘consul'
452 1641 750 1687 et<quartum’‚
778 1649 829 1676 an
858 1638 1015 1678 ‘tertio’
1051 1643 1092 1677 et
1111 1640 1295 1687 ‘quarto’
1331 1638 1468 1677 dicen-

57 1692 156 1731 dum
187 1697 322 1741 esset,
348 1694 545 1743 quoniam
562 1695 719 1733 Romae
748 1695 918 1734 doctum
952 1695 1086 1734 uirum
1113 1695 1253 1733 dicere
1280 1694 1470 1734 audisset

57 1748 215 1789 ‘tertio’
235 1754 275 1789 et
291 1753 457 1799 ‘quarto
487 1752 665 1798 consul'‚
688 1762 771 1790 non
796 1750 978 1790 ‘tertium
998 1754 1314 1801 quartum’que3
1340 1751 1468 1801 idque

37 1804 97 1844 'in
121 1804 324 1856 principio
347 1806 439 1845 libri
463 1807 699 1847 Coelium
733 1807 956 1847 scribsisse
989 1813 1029 1847 et
1056 1808 1295 1857 Quintum
1323 1809 1468 1848 Clau-

57 1860 196 1901 diurn
239 1862 279 1901 in
329 1862 462 1903 libro
519 1864 920 1903 undeuicesimo
976 1865 1016 1904 C.
1063 1865 1238 1904 Marium
1282 1870 1467 1904 creatum

58 1917 273 1968 ‘septimo’
297 1921 513 1960 consulem
532 1920 703 1960 dixisse.

140 1975 209 2014 Ad
225 1975 329 2015 haec
347 1987 424 2025 ego
443 1977 640 2017 rescribsi
657 1977 754 2016 nihil
772 1977 961 2027 amplius,
986 1989 1109 2027 quam
1127 1979 1256 2018 uerba
1272 1979 1324 2017 Μ.
1341 1980 1379 2017 V
1392 1989 1468 2018 ar·
1486 1986 1506 2018 4

0 2073 5 2089 ‚
57 2042 111 2071 ro
125 2031 225 2079 nis,
252 2031 443 2081 hominis,
463 2033 625 2083 opinor,
646 2045 769 2084 quam
796 2034 870 2073 suit
893 2035 1138 2075 Claudius
1168 2047 1259 2074 cum
1285 2035 1465 2075 Coelio

57 2087 276 2140 doctioris,
298 2089 448 2138 quibus
470 2090 611 2130 uerbis
629 2096 863 2140 utrumque,
891 2090 943 2130 de
963 2103 1044 2141 quo
1063 2093 1115 2130 ad
1140 2103 1204 2131 me
1223 2091 1464 2139 scribserat,

34 2162 39 2190 ς
57 2143 343 2184 decideretur:
368 2156 463 2184 nam
480 2151 521 2186 et
536 2148 700 2187 Varro
720 2147 820 2187 satis
840 2152 995 2197 aperte,
1017 2149 1115 2198 quid
1138 2148 1217 2187 dici
1237 2154 1463 2198 oporteret,
1484 2156 1506 2188 5

35 2237 40 2260 ἒ
57 2199 228 2241 edocuit
243 2205 284 2240 et
300 2212 378 2251 ego
397 2202 602 2243 aduersus
620 2215 725 2252 eum,
740 2204 807 2253 qui
826 2204 974 2244 doctus
994 2217 1090 2245 esse
1109 2205 1334 2252 dicebatur,
1355 2205 1465 2245 litem

34 2262 37 2300 j
59 2267 192 2296 meam
219 2258 356 2309 facere
373 2258 525 2299 absens
550 2260 676 2300 nolui.

27 2319 38 2359 ,ἓ

118 2315 273 2352 GELuvs
289 2316 333 2353 Π.
1220 2318 1241 2358 l

0 2431 44 2508 iss'l
61 2504 63 2508 ,
