1619 2476
198 68 279 108 142
759 67 840 104 IllI.
863 77 923 103 111.
945 76 1022 103 1111.

199 180 557 225 desiderabantur,
591 176 711 216 nullis
734 176 953 215 etiamtunc
972 175 1238 216 matrimoniis
1263 176 1573 217 diuertentibus.

159 235 411 279 2Seruius
442 244 608 282 quoque
635 232 900 281 Sulpicius
929 231 975 270 in
1008 231 1162 279 libro,
1194 243 1316 282 quem
1341 233 1575 283 composuit

198 291 256 330 de
289 290 524 336 dotibus,
557 294 642 327 tum
667 288 842 337 primum
864 287 1074 326 cautiones
1102 287 1162 325 rei
1190 287 1358 327 uxoriae
1381 299 1572 328 necessa-

196 347 277 385 rias
303 356 397 384 esse
421 345 534 384 uisas
566 343 751 395 scripsit,
786 355 877 382 cum
907 343 1080 392 Spurius
1112 342 1329 391 Caruilius,
1362 344 1426 383 cui
1456 345 1573 393 Ruga

198 406 513 450 cognomentum
536 400 626 447 suit,
655 399 717 438 uir
746 398 913 445 nobilis,
946 397 1164 437 diuortium
1196 409 1287 437 cum
1313 410 1445 438 uxore
1465 399 1571 446 fecit,

198 457 292 506 quia
311 457 425 495 liberi
449 467 500 495 ex
523 467 571 495 ea
594 455 779 504 corporis
801 454 897 494 uitio
920 466 1002 493 non
1026 454 1308 503 gignerentur,
1330 465 1437 495 anno
1457 455 1572 494 urbis

198 512 389 552 conditae
415 511 745 561 quingentesimo
767 510 963 549 uicesimo
988 509 1106 549 tertio
1133 511 1202 557 (M.
1229 509 1367 557 Atilio,
1387 510 1430 549 P.
1451 511 1571 549 Vale-

195 569 254 608 rio
279 568 547 614 consulibus).
604 570 741 615 Atque
762 566 796 605 is
821 565 1017 605 Caruilius
1039 565 1212 604 traditur
1229 577 1424 613 uxorem,
1451 577 1572 615 quam

196 623 364 670 dimisit,
393 623 556 672 egregie
578 622 772 661 dilexisse
795 621 1129 670 carissimamque
1152 632 1312 660 morum
1332 621 1419 661 eius
1442 621 1571 670 gratia

193 679 408 725 habuisse,
447 684 510 718 set
543 677 802 717 iurisiurandi
837 676 1073 727 religionem
1109 677 1243 716 animo
1283 681 1407 726 atque
1441 676 1572 716 amori

193 734 491 785 praeuertisse,
527 734 638 783 quod
669 733 803 772 iurare
837 744 861 771 a
883 733 1123 773 censoribus
1146 738 1314 772 coactus
1337 738 1441 780 erat,
1470 744 1570 772 uxo-

193 802 278 830 rem
303 801 348 829 se
367 790 537 828 liberum
561 790 844 838 quaerundum
871 788 1000 837 gratia
1021 789 1265 827 habiturum.

155 854 177 889 3
281 845 502 884 ‘Felicem’
542 850 676 884 autem
712 845 980 894 appellatam,
1017 845 1347 894 probrosamque
1380 843 1570 891 habitam,

195 913 300 951 quae
322 901 458 940 iuncta
483 905 765 949 consuetaque
787 905 899 940 esset
915 900 1006 938 cum
1024 912 1091 947 eo,
1117 899 1157 938 in
1181 899 1297 939 cuius
1319 911 1440 938 manu
1462 910 1570 938 man-

194 958 383 1007 cipioque
405 956 480 995 alia
504 956 747 995 matrimonii
772 966 896 995 causa
914 957 1038 1002 foret,
1061 956 1137 995 hac
1154 955 1435 1004 antiquissima
1456 956 1571 1003 lege

194 1013 440 1059 ostenditur,
465 1024 584 1062 quam
606 1013 789 1050 Numae
820 1011 960 1059 regis
984 1011 1112 1050 fuisse
1136 1011 1390 1060 accepimus:
1411 1011 1441 1049 P
1456 1011 1571 1049 elex

192 1080 327 1107 aram
348 1070 436 1107 Iun
452 1068 564 1107 onis
587 1079 646 1106 ne
667 1067 890 1116 tangit0;
920 1067 962 1106 si
982 1066 1167 1116 tangit,
1198 1065 1385 1106 Iunoni
1415 1065 1570 1105 crini-

191 1125 286 1164 bus
314 1123 561 1163 demissis
585 1135 765 1172 agnum
795 1123 1030 1162 feminam
1056 1122 1278 1162 caedito.

277 1181 446 1219 ‘Pelex'
485 1185 619 1218 autem
657 1177 774 1228 quasi
802 1174 990 1226 πάλλαξ,
1024 1178 1066 1216 id
1099 1183 1162 1217 est
1193 1177 1311 1227 quasi
1345 1174 1568 1222 παλλακίς.

191 1237 247 1274 Vt
264 1237 461 1285 pleraque
483 1235 580 1280 alia,
608 1235 663 1273 ita
686 1235 765 1273 hoc
789 1245 955 1283 quoque
977 1234 1225 1273 uocabulum
1246 1234 1297 1272 de
1319 1233 1475 1272 Gracco
1500 1231 1553 1269 sse

191 1303 288 1330 xum
311 1296 386 1330 est.

840 1399 922 1437 1111.

192 1480 289 1524 Quid
311 1478 465 1516 Seruius
484 1478 672 1524 Sulpicius
696 1478 732 1512 in
754 1478 845 1512 libro
862 1506 870 1519 ,
893 1478 954 1522 qui
976 1481 1031 1512 est
1054 1476 1098 1511 de
1121 1476 1287 1520 dotibus,
1311 1477 1503 1522 scripserit
1522 1477 1569 1513 dc

465 1535 543 1569 iure
567 1538 675 1579 atque
696 1544 798 1568 more
825 1538 988 1568 ueterum
1010 1533 1302 1578 sponsaliorum.

154 1632 172 1665 1
276 1620 494 1670 Sponsalia
525 1620 564 1658 in
596 1631 645 1659 ea
676 1625 793 1669 parte
819 1618 974 1665 Italiae,
1005 1629 1110 1667 quac
1139 1618 1295 1657 Latium
1327 1619 1567 1667 appellatur,

190 1678 269 1716 hoc
291 1688 406 1716 more
429 1682 551 1725 atque
571 1676 658 1714 iure
682 1674 802 1714 solita
825 1674 932 1720 fieri,
963 1673 1129 1723 scripsit
1157 1673 1372 1712 Seruius
1403 1673 1569 1723 Sulpi-

151 1742 173 1775 2
192 1733 300 1772 cius
322 1733 370 1771 in
395 1733 544 1779 libro,
571 1742 692 1781 quem
709 1730 874 1780 scripsit
895 1730 952 1768 de
975 1729 1199 1769 dotibus:
1228 1727 1315 1777 Qui
1334 1739 1568 1777 uxorem,

189 1789 337 1838 inquit,
368 1789 617 1827 ducturus
648 1791 777 1833 erat,
816 1786 873 1824 ab
908 1796 984 1832 eo,
1022 1785 1153 1824 unde
1181 1784 1568 1832 ducenda-erat,

191 1845 563 1893 stipulabatur,
589 1854 693 1882 eam
718 1842 765 1880 in
791 1840 1166 1880 matrimonium
1189 1840 1440 1887 daturumg
1464 1840 1569 1886 [du-

191 1904 336 1947 ctum]
366 1900 450 1947 iri,
490 1898 573 1948 qui
607 1900 854 1937 ducturus
887 1902 1012 1944 erat,
1055 1895 1231 1935 itidem
1261 1895 1566 1944 spondebat.

188 1956 235 1994 Is
260 1961 561 1994 contractus
594 1953 990 2004 stipulationum
1020 1950 1464 2002 sponsionumque
1498 1949 1568 1988 di-
1606 1979 1611 1982 .

192 2012 408 2050 cebatur
440 2011 769 2060 ‘sponsalia'.
826 2010 959 2054 Tum,
991 2017 1117 2056 quae
1147 2006 1406 2056 promissa
1439 2009 1568 2053 erat,
1611 2039 1615 2056 -.

193 2069 436 2116 ‘'ponsa''
469 2067 854 2115 appellabatur,
892 2063 974 2112 qui
1007 2062 1363 2112 spoponderat
1392 2061 1570 2099 ductu·
1608 2063 1614 2069 ⁴

191 2132 316 2168 rum,
363 2124 651 2171 ‘sponsus'.
714 2121 814 2161 Sed
851 2119 892 2158 si
929 2124 1045 2167 post
1083 2129 1168 2157 eas
1208 2115 1569 2166 stipulationis

190 2187 317 2215 uxor
339 2189 436 2215 non
463 2177 678 2215 dabatur
700 2181 784 2215 aut
805 2187 902 2215 non
927 2174 1230 2220 ducebatur,
1255 2171 1339 2222 qui
1359 2171 1570 2221 stipula-
1613 2184 1619 2190 ·

192 2231 357 2279 batur,
382 2243 440 2271 ex
462 2243 661 2282 sponsu
683 2232 879 2281 agebat.
940 2229 1143 2268 Iudices
1169 2227 1569 2278 cognoscebant.
1606 2266 1615 2273 ⁴

1580 2312 1619 2476 l
