1619 2476
149 37 229 78 198
723 37 849 75 XVII.
879 47 971 76 ¹xx1.

149 150 267 200 quasi
284 148 323 188 in
342 148 594 194 andronitin‚
626 149 897 189 Macedonem
923 149 975 188 ad
990 149 1162 197 PersaS,
1193 148 1314 200 quasi
1332 149 1371 189 in
1392 160 1548 201 gynae—

89 215 135 250 34
148 206 313 246 conitin.
375 206 525 244 Postea
546 205 720 244 Macedo
741 206 981 245 Alexander
1001 206 1201 256 pleraque
1224 210 1342 255 parte
1359 206 1544 246 orientali
1610 214 1612 218 ’

147 263 336 309 subacta,
362 272 454 301 cum
472 272 604 301 annos
622 261 814 301 undecim
833 262 1115 312 regnauisset,
1143 261 1243 302 obiit
1258 262 1402 303 mortis
1422 263 1543 303 dlem.

90 320 287 368 35Neque
311 319 410 357 haut
434 319 557 367 longe
590 323 687 368 post
717 318 1050 358 Aristoteles
1079 317 1354 370 philosophus
1379 325 1421 359 et
1448 326 1546 370 post
1611 321 1614 325 '

89 383 133 418 36
146 375 355 423 aliquanto
383 375 414 414 D
430 386 451 413 e
463 386 501 413 in
514 386 536 414 o
552 387 571 414 s
585 375 633 414 th
644 386 665 414 e
676 387 700 414 n
713 386 734 414 e
746 387 765 415 s
793 376 877 415 uita
903 375 1029 415 functi
1055 380 1153 415 sunt
1173 375 1392 426 isdemque
1416 377 1545 417 ferme

147 431 464 481 tempestatibus
490 432 670 481 populus
685 433 899 472 Romanus
920 431 1037 482 graui
1062 443 1110 471 ac
1127 431 1284 473 diutino
1303 432 1544 474 Samnitium
1611 430 1613 434 ’

145 489 252 528 bello
266 488 526 528 conflictatus
546 494 610 528 est
621 491 901 539 consulesque
911 489 1098 528 Tiberius
1108 489 1304 529 Veturius
1319 489 1543 541 etSpurius

143 544 400 592 Postumius,
431 545 471 583 in
499 545 600 584 locis
626 544 774 595 iniquis
798 547 908 596 apud
931 546 1127 586 Caudium
1149 557 1173 584 a
1190 545 1441 588 Samnitibus
1472 547 1545 586 cir-

146 601 379 640 cumuallati
397 611 444 639 ac
461 603 538 640 sub
552 601 647 651 iugo
666 602 792 651 missi,
805 603 913 653 turpi
933 603 1101 642 foedere
1121 603 1227 642 sacto
1248 603 1543 651 discesserunt,

145 658 196 695 ob
221 668 394 707 eamque
413 669 600 706 causam,
632 659 774 709 populi
792 659 910 699 iussu
935 659 1186 699 Samnitibus
1203 670 1280 710 per
1300 660 1457 701 fetiales
1476 661 1544 700 de-

144 713 233 762 diti,
262 715 418 764 recepti
437 727 516 753 non
543 720 651 754 sunt.

88 777 132 813 37
227 771 328 809 Post
361 782 511 809 annum
542 771 692 811 deinde
725 772 838 812 urbis
871 772 1062 813 conditae
1093 773 1544 823 quadringentesimum

146 828 230 866 sere
249 831 289 865 et
304 828 658 877 septuagesimum
676 830 827 869 bellum
846 841 937 869 cum
956 841 1055 880 rege
1064 830 1222 881 Pyrrho
1237 835 1448 880 sumptum
1466 838 1542 870 est.

87 891 133 926 38
145 884 203 922 'Ea
219 887 466 933 tempestate
482 884 740 934 Epicurus
759 886 1026 926 Atheniensis
1043 891 1083 926 et
1101 887 1198 926 Zen
1210 898 1233 927 o
1249 886 1436 926 Citiensis
1458 886 1544 936 phi-

87 939 308 989 39losophi
328 941 513 981 celebres
529 947 645 981 erant
661 943 895 992 eodemque
911 948 1100 994 tempore
1119 944 1160 983 C.
1178 943 1388 984 Fabricius
1406 942 1545 983 Lusci-

144 1008 222 1036 nus
249 1002 288 1035 et
307 997 350 1046 Q.
368 997 566 1038 Aemilius
589 999 726 1048 Papus
751 1010 948 1039 censores
967 1001 1125 1040 Romae
1149 1001 1315 1040 fuerunt
1332 1004 1372 1040 et
1386 1000 1429 1040 P.
1449 1000 1544 1040 Cor-

144 1053 293 1092 nelium
310 1053 517 1103 Rufinum,
537 1055 684 1104 quibis
709 1057 855 1096 consul
877 1061 917 1096 et
938 1056 1114 1096 dictator
1135 1058 1279 1106 suerat,
1296 1061 1444 1097 senatu
1460 1067 1545 1095 mo-

143 1115 313 1156 uerunt;
344 1121 512 1150 causam
530 1111 595 1151 isti
614 1118 736 1152 notae
754 1113 1115 1162 subscripserunt,
1135 1113 1249 1163 quod
1266 1124 1359 1153 eum
1381 1123 1545 1162 compe-

143 1166 297 1205 rissent
319 1168 477 1216 argenti
495 1169 589 1207 facti
611 1180 738 1208 cenae
755 1169 886 1219 gratia
904 1171 1048 1210 decem
1072 1171 1214 1220 pondo
1235 1169 1360 1210 libras
1377 1169 1542 1209 habere.

87 1229 133 1263 40
226 1225 348 1262 Anno
381 1223 530 1263 deinde
567 1231 664 1275 post
687 1227 860 1266 Romam
894 1226 1101 1266 conditam
1136 1224 1544 1276 quadringentesimo

145 1279 274 1318 ferme
298 1284 337 1318 et
355 1281 639 1330 nonagesimo,
673 1282 912 1322 consulibus
936 1283 1074 1332 Appio
1095 1282 1276 1330 Claudio,
1309 1282 1374 1322 cui
1393 1291 1546 1332 cogno-
1574 1319 1576 1321 ,

144 1340 326 1374 mentum
346 1337 512 1375 Caudex
529 1338 614 1384 fuit,
646 1338 772 1387 Appii
788 1338 894 1377 illius
913 1338 1034 1377 Caeci
1056 1339 1192 1386 fratre,
1224 1343 1265 1378 et
1278 1339 1420 1378 Marco
1445 1337 1547 1376 Ful-

144 1391 212 1430 uio
237 1391 407 1440 Flacco,
441 1393 592 1432 bellum
619 1394 842 1433 aduersum
859 1395 1024 1434 Poenos
1048 1394 1224 1444 primum
1251 1399 1447 1444 coeptum
1469 1398 1544 1441 est,

87 1453 131 1488 41
144 1458 280 1496 neque
303 1448 371 1487 diu
392 1454 490 1497 post
508 1450 883 1498 Callimachus,
910 1455 1035 1500 poeta
1064 1451 1334 1502 Cyrenensi-s,
1366 1451 1545 1490 Alexan-

146 1503 258 1543 driae
276 1505 386 1554 apud
403 1506 682 1545 Ptolemaeum
701 1518 839 1556 regem
857 1508 1088 1547 celebratus
1110 1513 1189 1548 est.

88 1567 134 1601 42
229 1559 361 1601 Annis
386 1562 536 1601 deinde
559 1568 708 1612 postea
733 1565 857 1612 paulo
880 1563 1067 1613 pluribus
1097 1575 1220 1614 quam
1243 1563 1409 1614 uiginti,
1440 1574 1546 1614 pace

143 1616 294 1657 Poenis
316 1618 442 1666 facta,
476 1619 716 1659 consulibus
735 1620 902 1660 Claudio
923 1622 1124 1668 Centone,
1156 1620 1281 1671 Appii
1306 1620 1424 1661 Caeci
1445 1620 1545 1668 filio,

145 1678 185 1712 et
201 1674 254 1712 M.
279 1673 527 1724 Sempronio
547 1675 762 1724 Tuditano,
781 1676 938 1726 primus
957 1678 1138 1717 omnium
1155 1678 1199 1716 L.
1216 1677 1396 1717 Liuius
1420 1681 1548 1727 poeta
1606 1727 1607 1731 Ἰ

146 1730 304 1769 fabulas
332 1731 485 1771 docere
510 1733 666 1772 Romae
691 1732 827 1783 coepit
848 1739 947 1783 post
974 1733 1253 1783 Sophoclis
1277 1738 1318 1773 et
1340 1733 1546 1784 Euripi·

147 1786 224 1826 dis
249 1791 424 1826 mortem
451 1788 570 1828 annis
592 1790 686 1838 plus
709 1790 793 1828 sere
811 1795 975 1829 centum
1006 1795 1046 1829 et
1068 1790 1304 1839 sexaginta,
1334 1791 1548 1840 postMe-
1571 1807 1574 1810 ·
1594 1796 1605 1837 ζ

89 1846 166 1881 43n
179 1854 238 1881 an
251 1843 326 1882 dri
352 1844 469 1884 annis
488 1844 649 1884 circiter
669 1845 965 1895 quinquaginta
983 1847 1161 1886 duobus.
1190 1847 1401 1886 Claudium
1419 1851 1461 1886 et
1470 1847 1546 1885 Tu·
1590 1875 1599 1906 ;

148 1898 333 1939 ditanum
347 1903 542 1941 consules
563 1906 761 1941 secuntur
774 1902 1022 1951 Q.Valerius
1040 1908 1080 1942 et
1097 1903 1138 1942 C.
1156 1902 1372 1950 Mamilius,
1397 1902 1545 1952 quibus
1592 1902 1608 1950 ,ἒ

147 1961 285 1994 natum
307 1967 403 1996 esse
426 1958 471 2006 Q.
499 1957 718 1997 Ennium
749 1964 916 2008 poetam
941 1960 994 1998 M.
1017 1960 1179 1998 Varro
1217 1958 1258 1997 in
1292 1958 1454 2009 primo
1487 1959 1546 1998 de
1607 1974 1609 1976 ·

149 2023 172 2059 p
186 2023 208 2050 o
224 2011 321 2051 etis
342 2012 412 2051 lib
426 2025 446 2052 r
459 2025 482 2053 o
504 2014 670 2064 scripsit
687 2026 887 2066 eumque,
920 2026 1013 2054 cum
1038 2014 1260 2065 septimum
1281 2019 1323 2055 et
1336 2013 1547 2065 sexagesi-

148 2078 256 2107 mum
274 2079 426 2107 annum
443 2070 629 2121 haberet,
662 2072 687 2109 d
697 2083 722 2110 u
737 2083 759 2111 o
773 2072 798 2110 d
810 2082 832 2110 e
845 2082 866 2110 c
877 2071 888 2110 i
899 2083 937 2110 m
948 2084 975 2110 u
986 2083 1025 2110 m
1052 2083 1076 2110 a
1087 2083 1111 2110 n
1126 2083 1150 2110 n
1163 2082 1186 2110 a
1198 2073 1242 2110 le
1252 2083 1292 2111 m
1302 2070 1545 2122 scripsisse,
1579 2092 1583 2095 -

148 2121 271 2172 idque
290 2124 425 2173 ipsum
446 2126 659 2166 Ennium
682 2126 731 2166 in
759 2128 938 2167 eodem
957 2127 1022 2166 lib
1037 2139 1089 2167 ro
1113 2127 1252 2168 dicere

90 2183 136 2216 44
228 2181 349 2219 Anno
371 2181 519 2221 deinde
534 2187 633 2232 post
648 2184 821 2222 Romam
841 2183 1048 2223 conditam
1067 2183 1397 2234 quingentesimo
1419 2184 1546 2223 unde·

147 2233 344 2275 uicesimo
366 2236 437 2285 Sp.
449 2238 648 2278 Caruilius
666 2240 782 2288 Ruga
798 2239 954 2289 primus
966 2241 1124 2280 Romae
1142 2240 1195 2281 de
1211 2239 1438 2281 amicorum
1455 2249 1546 2278 sen-

1577 2007 1613 2372 Ξ

1618 2376 1619 2385 l

1616 2463 1619 2473 4
