1635 2492
741 64 828 103 XII.
859 76 900 103 v.
1468 62 1525 104 59

97 182 254 223 uellere
277 180 328 220 ab
345 179 475 230 stirpe
499 183 624 229 atque
645 178 889 228 extinguere
913 176 984 218 uix
1003 182 1157 228 potest.
1203 178 1365 228 Pugnat
1386 183 1523 218 autem

99 249 194 278 cum
215 236 280 277 his
312 247 480 287 semper
505 240 545 275 et
567 236 788 276 exultantis
818 245 890 274 eas
913 235 1109 285 opprimit
1129 234 1365 285 opteritque
1387 241 1428 275 et
1453 247 1524 286 pa-

98 305 192 335 rere
212 293 291 334 sibi
311 298 436 344 atque
465 291 666 333 oboedire
691 291 816 342 cogit.
861 293 1005 342 Itaque
1027 291 1191 331 uidistis
1211 291 1523 343 philosophum,
1541 298 1564 333 9

96 351 259 392 ratione
286 350 445 390 decreti
474 349 539 390 sui
568 349 727 397 nixum,
756 360 849 388 cum
871 349 1101 399 petulantia
1123 348 1258 388 morbi
1277 349 1523 399 dolorisque

94 407 327 459 exultantia
360 408 686 454 conluctantem,
721 405 818 445 nihil
841 406 1076 453 cedentem,
1119 405 1218 445 nihil
1240 406 1522 453 confitentem,

96 476 234 515 neque
263 469 308 505 ut
335 463 524 515 plerique
548 464 738 503 dolentes
773 464 913 503 solent
942 463 1165 502 eiulantem
1206 468 1332 513 atque
1372 464 1524 503 lamen-

98 527 256 562 tantem
284 532 333 561 ac
354 520 552 561 miserum
574 531 670 560 sese
690 525 732 560 et
752 519 958 559 infelicem
981 521 1282 570 appellantem,
1306 521 1383 560 sed
1404 531 1523 560 acres

98 583 256 618 tantum
273 578 457 618 anhelitu
474 583 515 617 et
537 578 736 618 robustos
756 577 933 628 gemitus
952 578 1158 625 edentem,
1184 578 1303 628 signa
1323 583 1447 628 atque
1470 579 1526 618 in-

97 635 204 675 dicia
221 647 306 675 non
327 634 426 676 uicti
443 646 520 675 nec
539 634 734 685 oppressi
755 646 779 674 a
804 635 968 682 dolore,
994 635 1070 674 sed
1091 634 1261 685 uincere
1283 646 1378 675 eum
1401 641 1526 686 atque

98 693 337 743 opprimere
358 691 565 732 enitentis.

182 749 268 790 Sed
301 751 402 790 haut
430 749 557 796 scio’‚
597 748 747 799 inquit,
785 752 861 788 ‘an
887 749 997 788 dicat
1029 748 1201 798 aliquis,
1241 748 1379 798 ipsum
1408 749 1584 792 illudio

97 807 212 858 quod
232 811 413 857 pugnat,
439 807 553 857 quod
573 805 718 856 gemit,
754 805 790 845 si
812 807 963 846 malum
987 807 1110 845 dolor
1135 817 1219 846 non
1242 810 1326 854 est,
1364 818 1438 846 cur
1459 819 1526 846 ne·

97 875 221 904 cesse
245 868 311 904 est
332 875 500 914 gemere
525 868 565 902 et
586 863 802 912 pugnare?
863 863 965 912 Quia
988 863 1095 902 enim
1119 862 1280 911 omnia,
1311 874 1417 913 quae
1442 875 1526 904 non

95 925 193 961 sunt
217 921 343 968 mala,
366 919 560 960 molestia
584 931 753 970 quoque
778 920 890 959 onmi
915 931 998 960 non
1024 925 1186 967 carent,
1224 920 1301 959 sed
1324 925 1421 960 suut
1442 922 1526 969 ple-

95 989 227 1029 raque
247 988 360 1018 noxa
379 976 548 1027 quidem
564 987 714 1026 magna
737 983 776 1016 ct
801 977 982 1026 pernicie
1004 977 1178 1026 priuata,
1203 976 1300 1028 quia
1322 989 1407 1017 non
1429 983 1527 1017 sunt

96 1035 252 1086 turpia,
292 1039 439 1074 contra
467 1039 640 1074 naturae
671 1039 808 1073 tamen
842 1034 1205 1074 mansuetudinem
1229 1034 1525 1084 lenitatemque

96 1091 295 1142 opposita
317 1096 416 1131 sunt
436 1096 476 1131 et
503 1091 653 1131 infesta
676 1102 752 1140 per
781 1090 1004 1130 obscuram
1036 1092 1244 1140 quandam
1271 1096 1311 1130 et
1331 1102 1526 1130 necessa-

96 1148 199 1189 riam
218 1147 352 1198 ipsius
373 1153 546 1188 naturae
574 1147 933 1198 consequentiam.
995 1148 1108 1187 Haec
1136 1159 1236 1197 ergo
1269 1148 1333 1187 uir
1356 1147 1525 1198 sapiens

96 1207 277 1246 tolerare
294 1209 336 1244 et
357 1203 542 1244 cunctari
558 1209 720 1255 potest,
751 1216 834 1244 non
859 1204 1077 1244 admittere
1101 1204 1269 1244 omnino
1293 1204 1333 1243 in
1353 1215 1525 1244 sensum

97 1261 163 1303 sui
192 1273 277 1302 non
307 1266 467 1311 potest:
508 1255 759 1312 ἆναλγησία
789 1261 897 1300 enim
932 1267 1057 1311 atque
1091 1255 1292 1301 ἀπάθεια
1322 1272 1408 1301 non
1430 1273 1524 1301 meo

94 1321 294 1367 tantum’,
331 1318 483 1369 inquit,
521 1318 624 1358 <sed
655 1319 918 1368 quorundam
945 1318 1068 1357 ctiam
1093 1329 1146 1358 ex
1178 1318 1325 1358 eadem
1360 1318 1527 1368 porticu

95 1374 415 1427 prudentiorum
435 1374 673 1423 hominum,
697 1375 818 1415 sicuti
843 1375 994 1415 iudicio
1018 1375 1274 1423 Panaetii,
1304 1375 1446 1425 grauis
1470 1381 1526 1415 at-

97 1444 178 1484 que
204 1431 318 1473 docti
338 1431 436 1481 uiri,
458 1432 693 1483 improbata
716 1432 962 1482 abiectaque
985 1437 1062 1472 est.

181 1489 267 1530 Sed
298 1501 372 1529 cur
402 1494 549 1531 contra
571 1490 831 1530 uoluntatem
858 1502 977 1530 suam
999 1489 1176 1540 gemitus
1201 1491 1339 1529 facere
1364 1490 1528 1540 cogitur
1542 1494 1583 1530 11

94 1546 373 1598 philosophus
405 1546 596 1594 Stoicus,
637 1558 760 1596 quem
785 1547 880 1588 nihil
912 1547 1005 1597 cogi
1028 1558 1159 1598 posse
1193 1547 1362 1586 dicunt?
1421 1547 1526 1586 Nihil

95 1614 200 1645 sane
222 1608 365 1654 potest
386 1603 481 1654 cogi
502 1603 566 1643 uir
591 1603 780 1652 sapiens,
814 1615 908 1644 cum
932 1609 996 1643 est
1019 1604 1168 1644 rationi
1191 1603 1444 1654 optinendae
1469 1605 1526 1644 lo-

95 1671 197 1708 cus;
227 1671 322 1700 cum
344 1671 447 1700 uero
470 1665 617 1700 natura
640 1660 770 1709 cogit,
800 1660 903 1700 ratio
930 1672 1099 1710 quoque
1123 1672 1146 1699 a
1167 1666 1315 1700 natura
1336 1660 1434 1700 data
1459 1671 1527 1701 co·

95 1717 219 1768 gitur.
281 1717 443 1767 Quaere
465 1717 610 1764 etiam,
636 1716 671 1755 si
701 1717 883 1764 uidetur,
908 1728 982 1757 cur
1003 1728 1125 1757 manu
1151 1716 1327 1756 alicuius
1351 1717 1404 1758 ob
1429 1729 1526 1757 ocu-v

95 1776 160 1815 los
179 1785 282 1815 suos
306 1779 481 1825 repente
504 1773 657 1824 agitata
677 1773 832 1813 inuitus
858 1773 1071 1820 coniueat‚
1097 1785 1171 1813 cur
1200 1774 1384 1823 fulgente
1407 1776 1525 1815 caelo

96 1842 121 1870 a
145 1830 311 1872 luminis
336 1831 448 1871 iactu
481 1843 565 1871 non
597 1841 673 1870 sua
707 1835 859 1881 sponte
883 1836 923 1870 et
951 1836 1076 1881 caput
1096 1836 1137 1870 et
1157 1831 1304 1870 oculos
1334 1830 1526 1878 declinet,

95 1899 171 1928 cur
193 1887 350 1930 tonitru
375 1887 609 1928 uementius
638 1888 747 1927 sacto
768 1887 926 1927 sensim
943 1893 1156 1937 pauescat,
1175 1899 1249 1927 cur
1267 1892 1526 1928 sternumen-

96 1944 148 1985 tis
167 1944 397 1996 quatiatur,
420 1956 494 1985 cur
514 1950 585 1985 aut
601 1944 640 1985 in
663 1944 885 1985 ardoribus
908 1944 1010 1985 solis
1028 1950 1192 1984 aestuet
1211 1949 1282 1984 aut
1303 1944 1342 1983 in
1364 1944 1524 1995 pruinis

95 2001 334 2042 inmanibus
357 2001 606 2052 obrigescat.
670 2003 784 2042 Haec
815 2001 923 2041 enim
955 2007 995 2041 et
1019 2003 1222 2052 pleraque
1243 2000 1322 2040 alia
1343 2013 1427 2041 non
1451 2013 1523 2043 uo·
1539 2008 1584 2044 12

97 2059 234 2098 luntas
256 2070 334 2099 nec
353 2059 572 2100 consilium
593 2069 671 2098 nec
693 2059 796 2098 ratio
819 2058 1074 2107 moderatur,
1101 2063 1165 2098 set
1183 2064 1356 2098 naturae
1377 2069 1524 2098 neces-

97 2113 316 2166 sitatisque
339 2115 509 2156 decreta
530 2120 639 2155 sunt.

178 2171 396 2214 Fortitudo
419 2177 559 2213 autem
580 2184 664 2212 non
688 2177 797 2220 east,
832 2183 938 2222 quae
963 2177 1109 2212 contra
1132 2176 1322 2211 naturam
1348 2172 1524 2213 monstri
1540 2177 1584 2214 13

97 2226 232 2269 uicem
266 2229 406 2269 nititur
442 2231 634 2280 ultraque
671 2230 840 2269 modum
881 2228 970 2269 eius
1005 2228 1218 2279 egreditur
1244 2234 1315 2268 aut
1350 2234 1524 2279 stupore

99 2283 223 2324 animi
239 2290 310 2326 aut
329 2285 568 2325 inmanitate
586 2291 655 2326 aut
675 2286 854 2336 quadam
876 2285 1029 2326 misera
1050 2291 1090 2326 et
1111 2285 1353 2325 necessaria
1369 2283 1410 2325 in
1434 2297 1525 2336 per-
