1619 2476
115 60 173 105 58
761 63 789 102 1.
819 74 890 103 xv.

777 174 867 216 XV.

117 258 236 303 Quam
270 259 509 304 inportunum
542 257 671 292 uitium
708 258 936 304 plenumque
975 257 1053 294 odii
1087 258 1134 294 sit
1164 257 1294 294 futtilis
1331 258 1531 306 inanisque

174 315 384 361 loquacitas
409 319 445 349 οι
469 324 581 362 quam
609 314 734 350 inultis
761 314 795 349 in
822 315 915 350 loeis
942 326 963 350 a
985 314 1219 362 principibus
1245 314 1439 362 utriusque
1462 316 1530 352 lin-

173 384 270 419 guae
290 372 379 408 uiris
399 371 646 407 detestatione
667 371 764 406 iusta
780 372 930 418 culpata
956 372 1016 407 sit.

78 474 97 508 1
208 459 283 508 Qui
304 464 401 498 sunt
424 460 539 498 leues
573 464 613 497 et
645 458 796 498 futtiles
819 464 859 498 et
886 458 1111 509 importuni
1134 459 1347 499 locutores
1374 459 1530 510 quique

119 518 234 557 nullo
257 527 396 555 rerum
413 517 602 566 pondere
621 515 746 554 innixi
765 516 905 556 uerbis
932 515 1071 555 uuidis
1100 520 1142 555 et
1167 515 1426 566 lapsantibus
1457 516 1529 556 dif—

114 574 268 620 fluunt,
303 584 447 612 eorum
476 572 706 612 orationem
733 573 841 612 bene
868 572 1145 612 existimatum
1163 576 1228 612 est
1246 572 1287 613 in
1306 583 1379 613 ore
1395 573 1525 621 nasci,

114 642 197 670 non
224 630 263 668 in
290 634 483 679 peet01·e;
517 629 696 678 linguam
732 635 870 669 autem
903 630 1058 669 debere
1092 629 1206 670 aiunt
1238 641 1321 670 non
1354 640 1450 670 esse
1485 629 1528 669 li—

115 688 256 727 beram
279 698 355 725 nee
374 697 542 735 uagam,
576 687 652 725 sed
685 686 831 725 uinclis
865 687 917 726 (le
943 691 1115 736 pectore
1138 685 1219 727 imo
1246 697 1294 727 ac
1321 687 1374 726 de
1398 687 1528 727 corde

74 751 100 785 2
117 744 225 794 aptis
246 743 406 782 moueri
424 748 463 781 et
482 743 599 792 quasi
618 743 854 792 gubernari.
917 743 1003 783 Sed
1028 743 1136 782 enim
1153 742 1300 784 uideas
1320 743 1526 793 quosdam

114 807 279 840 scatere
298 799 438 839 uerbis
458 800 547 838 sine
569 801 651 839 ullo
673 800 812 839 iudicii
839 800 1007 849 negotio
1028 811 1121 840 cum
1148 799 1370 840 securitate
1400 801 1528 840 multa

113 863 154 896 et
171 857 400 907 profunda,
436 858 717 905 utloquentes
756 858 1002 907 plerumque
1034 857 1257 897 uideantur
1287 856 1403 907 loqui
1429 867 1527 897 sese

70 915 290 957 3nesei1·e.
350 914 497 952 Vlixen
534 919 678 952 contra
709 915 989 961 Homerus,
1027 913 1160 952 uirum
1183 913 1361 964 sapienti
1386 914 1525 953 facun-

114 971 181 1010 dia
200 970 452 1020 praeditum,
473 982 621 1009 uocem
641 971 802 1009 mittere
821 970 875 1009 ait
893 982 976 1009 non
998 981 1049 1009 ex
1067 981 1153 1017 ore,
1173 971 1250 1010 sed
1269 981 1321 1010 ex
1337 975 1525 1021 pectore,

113 1028 227 1077 quod
242 1027 399 1066 seilicet
416 1038 496 1065 non
511 1028 562 1065 ad
581 1038 731 1066 sonum
749 1026 880 1076 magis
898 1026 1166 1076 habitumque
1185 1027 1319 1076 uocis,
1333 1037 1456 1076 quam
1473 1026 1525 1066 ad

113 1084 413 1123 sententiarum
457 1084 622 1133 penitus
663 1089 964 1134 conceptarum
997 1083 1253 1123 altitudinem
1282 1083 1520 1134 pertineret,

113 1140 452 1191 petulantiaeque
470 1141 695 1179 uerborum
714 1141 975 1181 coercendae
992 1141 1146 1180 uallum
1165 1151 1262 1180 esse
1283 1139 1526 1190 oppositum

112 1197 297 1236 dentium
324 1198 531 1236 luculente
558 1198 681 1244 dixit,
717 1203 760 1236 ut
793 1196 990 1246 loquendi
1020 1197 1233 1237 temeritas
1265 1207 1349 1237 non
1383 1195 1522 1236 cordis

111 1260 270 1293 tantum
289 1253 480 1293 custodia
498 1259 622 1303 atque
639 1253 777 1302 uigilia
806 1253 1049 1293 cohibeatur
1063 1286 1072 1302 ,
1105 1254 1182 1293 sed
1201 1258 1243 1292 et
1275 1252 1525 1303 quibusdam

113 1310 232 1360 quasi
250 1310 437 1350 excubiis
455 1310 493 1348 in
514 1322 586 1350 ore
603 1310 751 1360 positis
770 1310 993 1360 saepiatur.

75 1401 98 1436 4
200 1387 501 1435 Homerica,
535 1388 585 1426 de
607 1389 756 1438 quibus
775 1401 902 1440 supra
919 1388 1021 1437 dixi,
1054 1389 1157 1428 haec
1182 1393 1298 1429 sunt:

165 1450 298 1497 Ἀλλ’
333 1449 422 1495 ὅτε
455 1449 517 1507 δὴ
546 1449 650 1494 ὅπα
684 1469 738 1496 τε
769 1454 1018 1509 μεγάλην
1052 1454 1110 1497 ἐκ
1141 1453 1384 1509 στήθεος
1415 1453 1523 1510 εἵη,

111 1517 172 1552 et:

395 1563 572 1609 Ποῖόν
603 1577 666 1608 σε
697 1567 825 1617 ἔπος
856 1565 1037 1622 φύγεν
1066 1566 1229 1622 ἕρκος
1256 1563 1522 1610 ὀδόντων.

77 1648 276 1689 5Marei
323 1648 472 1688 Tullii
520 1660 688 1699 quoque
734 1649 864 1688 uerba
904 1649 1050 1700 posui,
1098 1648 1248 1700 quibus
1280 1650 1448 1690 stultam
1484 1654 1525 1688 et

74 1711 98 1745 6
116 1706 278 1746 inanem
296 1705 459 1744 dicendi
477 1705 640 1755 copiam
663 1705 846 1755 grauiter
866 1711 1016 1745 etuere
1028 1706 1258 1746 detestatus
1275 1710 1360 1746 est:
1379 1706 1523 1746 Dum-

111 1763 282 1810 modo,
307 1761 459 1811 inquit,
492 1761 587 1801 hoe
615 1767 853 1811 constet,
885 1773 1055 1812 neque
1087 1762 1361 1802 infantiam
1389 1762 1521 1807 eius,

112 1819 200 1868 qui
232 1829 356 1857 rem-
380 1818 547 1866 norit,
596 1820 686 1858 sed
719 1830 824 1858 eam
857 1819 1127 1869 explicare
1159 1819 1387 1859 dicendo
1420 1830 1521 1859 non

112 1880 294 1925 queat,
343 1886 512 1925 neque
559 1875 895 1915 inscientiam
941 1876 1116 1924 illius,
1163 1875 1246 1916 eui
1290 1886 1378 1915 res.
1419 1886 1520 1915 non

111 1936 390 1982 suppetat,
419 1932 582 1971 uerba
617 1943 715 1972 non
761 1932 965 1980 desint,
1007 1943 1131 1972 esse
1178 1931 1518 1972 laudandam:

112 1999 326 2037 quorum
357 1987 407 2027 si
438 1989 660 2027 alterum
701 1988 768 2028 sit
800 1989 1115 2039 optandum,
1162 1987 1332 2028 malim
1365 1987 1520 2037 equi·
1573 2000 1619 2039 gy*

111 2045 222 2083 dem
253 2044 568 2084 indisertam
602 2045 962 2095 prudentiam,
1010 2056 1159 2096 quam
1190 2045 1405 2084 stultam
1435 2045 1483 2084 lo
1506 2067 1519 2073 -
1551 2044 1605 2096 f.

67 2101 443 2150 vquaeitatem.
490 2102 591 2140 Item
615 2101 662 2140 in
694 2101 833 2142 libro
858 2103 918 2141 de
951 2106 1166 2142 oratore
1196 2099 1362 2151 primo
1387 2095 1571 2144 uerba(v
1602 2096 1607 2114 ⁴·

111 2157 214 2195 haec
251 2156 411 2206 posuit:
468 2157 597 2206 Quid
639 2158 770 2197 enim
804 2163 882 2197 est
912 2162 1011 2197 tani
1044 2157 1324 2204 furiosum,
1367 2167 1518 2207 quam
1617 2190 1619 2194 Α

110 2212 390 2252 uerborum
419 2215 494 2252 uel
528 2214 841 2263 optimorum
871 2219 1027 2263 atque
1053 2211 1569 2254 ornatissimorum

111 2268 319 2309 sonitus
370 2269 570 2317 inanis,
617 2271 764 2309 nulla
813 2270 1061 2310 subiecta
1110 2268 1377 2310 sententia
1422 2280 1517 2309 nec
1560 2275 1567 2318 ξ.
