1619 2476
90 92 172 132 166
615 91 665 127 V.
697 100 752 127 vr.
783 101 854 127 vii.
879 100 969 128 viu.

31 211 76 247 27
166 202 515 243 Praetereundum
535 213 618 241 non
639 205 714 248 est,
738 201 851 250 quod
871 201 922 239 ad
942 201 1159 242 ouationes
1178 202 1340 250 attinet,
1358 213 1487 252 super

90 272 172 310 quo
203 259 455 298 dissensisse
505 263 712 298 ueteres
763 257 1057 307 scriptores
1093 258 1267 309 accipio.
1335 257 1483 298 Partim

90 317 195 357 enim
222 316 502 366 scripserunt,
530 315 599 364 qui
624 319 785 360 ouaret,
811 313 981 353 introire
1009 314 1174 355 solitum
1201 326 1309 364 equo
1335 314 1485 353 uehen-

88 378 195 419 tem;
230 377 270 411 at
304 372 525 412 Sabinus
552 370 811 411 Masurius
844 370 1019 420 pedibus
1039 370 1199 421 ingredi
1225 375 1400 411 ouantes
1430 369 1485 408 di-

90 430 164 477 cit,
197 429 468 478 sequentibus
501 440 574 469 eos
607 439 689 467 non
721 426 969 475 mili[ti]bus‚
1003 428 1076 467 sed
1101 427 1298 468 uniuerso
1324 431 1483 467 senatu.

742 540 828 580 VII.

86 626 276 661 Personae
303 622 526 657 uocabulum
548 631 656 667 quain
686 620 808 667 lepide
837 621 1097 667 interpretatus
1124 621 1169 656 sit
1188 630 1371 667 quamque
1397 629 1483 653 csse

340 678 445 713 uocis
464 678 543 712 eius
563 677 748 723 originem
765 677 901 712 dixerit
922 676 1060 713 Gauius
1078 677 1235 713 Bassus.

49 773 66 806 1
167 761 322 812 Lepide
353 760 611 799 mehercules
639 764 679 798 et
709 758 810 798 scite
844 758 1033 799 Gauius
1064 760 1259 799 Bassus
1286 758 1325 798 in
1358 758 1484 807 libris,

91 830 197 870 quos
237 818 296 856 de
335 816 538 865 origine
577 816 955 855 uocabulorum
993 816 1246 867 composuit,
1275 815 1386 855 unde
1416 827 1486 866 ap-

89 877 240 926 pellata
264 876 494 923 ‘persona’
530 872 595 919 sit,
629 872 942 922 interpretatum
970 884 994 911 a
1028 873 1345 922 ‘personando’
1379 872 1484 912 enim

46 933 127 975 2id
164 931 414 971 uocabulum
446 930 598 968 factum
637 940 732 968 esse
770 928 987 968 coniectat.
1055 930 1176 968 Nam:
1218 933 1390 979 caput,
1428 929 1486 967 in-

91 988 197 1039 quit,
235 992 282 1026 et
320 997 374 1025 os
411 985 763 1035 coperimento
802 996 1062 1034 personae
1108 990 1296 1025 tectum
1339 985 1486 1024 undi-

91 1056 187 1095 que
226 1054 439 1092 unaque
479 1046 672 1081 tantum
709 1041 854 1081 uocis
902 1042 1219 1081 emittendae
1258 1041 1340 1081 uia
1373 1053 1486 1092 per-

88 1101 245 1147 uium,
295 1099 534 1148 quoniam
583 1110 681 1138 non
731 1109 861 1148 uaga
910 1109 1078 1149 neque
1121 1097 1395 1146 diffusast,
1439 1098 1486 1137 in

88 1168 242 1197 unum
280 1156 633 1194 tantummodo
671 1154 868 1194 exitum
909 1157 1185 1195 collectam
1233 1158 1486 1194 coactam-

91 1226 188 1263 que
232 1222 417 1251 uocem
456 1211 555 1251 ciet
598 1215 690 1259 [et]
730 1211 892 1260 magis
931 1213 1106 1252 claros
1148 1222 1484 1260 canorosque

91 1269 293 1310 sonitus
320 1267 458 1307 facit.
521 1267 765 1316 Quoniam
796 1267 958 1316 igitur
979 1268 1327 1308 indumentum
1357 1266 1486 1306 illud

91 1325 198 1365 oris
227 1326 529 1363 clarescere
557 1328 603 1362 et
626 1334 1091 1364 resonareuocem
1118 1323 1266 1371 facit,
1296 1324 1355 1363 ob
1383 1333 1485 1362 eam

90 1391 302 1421 causam
327 1383 607 1430 tpersona'
633 1378 774 1418 dicta
802 1384 900 1426 est,
933 1391 955 1419 o
990 1380 1140 1419 litera
1161 1384 1484 1430 propteruo-

90 1436 259 1478 cabuli
291 1437 496 1476 sormam
518 1435 872 1486 productiore.

735 1558 838 1598 VIII.

89 1652 275 1688 Defensus
294 1662 396 1686 error
420 1662 441 1687 a
458 1651 617 1697 Vergilii
649 1651 832 1694 uersibus,
864 1660 956 1696 quos
979 1655 1154 1697 arguerat
1173 1652 1287 1688 Iulius
1310 1653 1481 1700 Hyginus

148 1708 436 1754 grammaticus:
469 1710 504 1742 et
534 1707 692 1751 ibidem,
730 1706 820 1752 quid
851 1707 897 1742 sit
926 1707 1061 1750 lituus;
1096 1707 1216 1755 deque
1252 1703 1483 1760 ἐτυμολογίᾳ

148 1775 253 1799 uocrs
286 1775 380 1799 eius.

48 1875 69 1908 1
173 1864 291 1912 Ipse
319 1862 571 1912 Quirinali
598 1863 723 1904 lituo
757 1875 1021 1914 paruaque
1049 1863 1272 1903 sedebat
1416 1897 1418 1899 .

178 1920 488 1960 Subcinctus
515 1921 701 1959 trabea
733 1921 984 1970 laeuaque
1005 1920 1172 1959 ancile
1199 1922 1428 1969 gerebat.

90 2000 135 2037 In
172 1997 234 2036 his
273 1997 464 2036 uersibus
506 2009 669 2037 errasse
707 1998 936 2047 Hyginus
976 1996 1262 2046 Vergilium
1304 1998 1481 2048 scripsit,

91 2058 301 2103 tamquam
331 2065 414 2093 non
445 2053 779 2093 animaduerterit
810 2055 960 2093 deesse
990 2052 1142 2103 aliquid
1177 2052 1291 2093 hisce
1320 2054 1479 2094 uerbis:

171 2129 286 2177 Ipse
318 2127 570 2176 Quirinali
598 2129 741 2169 lituo.

52 2215 221 2259 2Nam,
259 2213 299 2251 si
326 2214 474 2261 nihil,
516 2215 665 2264 inquit,
705 2215 892 2254 deesse
929 2214 1481 2262 aniinaduerterimus,

92 2270 307 2309 uidetur
338 2269 408 2308 ita
440 2271 644 2318 dictum,
673 2276 727 2310 ut
758 2270 872 2309 siat:
908 2270 1061 2310 elituo
1091 2276 1141 2310 et
1164 2271 1340 2311 trabea
1366 2271 1482 2311 sub·

1585 2308 1601 2327 5.

1548 2327 1551 2330 ’
1597 2330 1601 2366 Ξ

1546 2437 1560 2449 Ἴ,
