1603 2508
23 66 49 86 ’ὦ

44 172 133 214 tica
147 177 202 221 et,
221 168 316 212 cum
333 171 475 212 dicere
490 173 617 211 uellet
632 172 842 212 hominem
858 173 1031 213 auaritia
1049 173 1278 224 corrumpi,
1300 185 1455 225 corpus

49 234 93 270 et
106 228 288 269 animum
310 227 488 276 dixisse,
515 239 622 278 quae
642 229 749 269 duae
772 241 840 269 res
858 230 1069 270 hominem
1095 230 1453 279 demonstrarent3

48 297 231 336 namque
246 286 372 326 homo
391 296 444 325 ex
460 284 595 324 anima
613 290 653 324 et
671 297 850 336 corpore
869 289 972 327 est'.
1009 291 1020 309 ³
1035 288 1306 337 Numquam',
1325 287 1458 338 inquit
1474 295 1496 331 6

49 341 368 391 Fauorinus,
401 342 542 392 ‘quod
565 342 758 392 equidem
784 343 892 391 scio,
926 349 1010 383 tam
1035 343 1272 394 importuna
1288 350 1457 395 tamque

31 398 200 440 *audaci
229 399 390 449 argutia
419 398 494 438 fuit
524 403 670 438 noster
699 400 918 448 Probus,
950 405 995 439 ut
1029 400 1356 449 Sallustium,
1391 404 1458 442 uel

50 455 364 497 subtilissimum
388 455 603 496 breuitatis
629 455 849 504 artificem,
876 456 1133 507 periphrasis
1158 463 1378 507 poetarum
1403 459 1458 498 fa-

52 525 150 553 cere
168 512 364 552 diceret’.

136 571 236 610 Erat
259 575 346 610 tum
371 569 590 610 nobiscum
612 569 652 608 in
679 570 829 609 eodem
846 570 1084 609 ambulacro
1104 570 1228 610 homo
1249 571 1455 622 quispiam
1478 579 1496 614 7

51 638 154 668 sane
172 628 336 667 doctus,
381 628 420 666 Is
438 638 607 676 quoque
625 637 648 665 a
665 626 695 665 F
707 637 766 666 au
779 638 801 666 0
814 627 889 666 rin
904 639 926 667 0
952 631 1144 677 rogatus,
1165 628 1316 677 ecquid
1333 629 1456 668 habe·
1473 637 1495 672 3

50 689 115 724 ret
138 695 266 735 super
290 695 340 723 ea
356 695 401 723 re
419 683 578 732 dicere,
606 683 896 724 huiuscemodi
911 685 1051 724 uerbis
1069 695 1172 724 usus
1193 690 1277 724 est:
1327 689 1338 707 ἵ
1352 686 1459 734 Quo·
1476 694 1498 728 9

50 744 189 789 rum'‚
221 740 371 791 inquit,
404 740 602 781 eauaritia
637 740 846 789 [anima]m
871 741 1001 788 tenuit
1029 747 1069 780 et
1093 742 1278 792 corrupit
1304 742 1459 793 quique

50 809 149 839 sese
174 798 475 848 quaer-undam]
506 797 692 847 undique
717 797 953 848 pecunia[e]
982 798 1248 846 dediderunt,
1276 811 1351 839 eos
1377 802 1460 850 ple-

50 866 210 905 rosque
227 855 296 894 tali
311 866 465 905 genere
481 854 590 894 uitae
610 860 839 905 occupatos
858 855 1070 902 uidemus;
1098 860 1162 903 ut,
1184 855 1306 896 sicuti
1324 856 1402 895 alia
1418 857 1459 896 in

50 911 115 952 his
133 911 271 952 omnia
286 923 387 962 prae
403 911 595 962 pecunia,
607 911 663 951 ita
679 912 797 951 labor
817 923 985 962 quoque
1002 911 1130 951 uirilis
1150 914 1459 964 exercendique

53 968 244 1019 corporis
276 968 460 1009 studium
490 968 651 1009 relictui
677 968 742 1008 sit.
789 969 974 1018 Negotiis
1001 969 1109 1008 enim
1137 980 1183 1008 se
1209 971 1457 1020 plerumque
1475 981 1519 1014 10

49 1025 290 1066 umbraticis
309 1030 351 1065 et
367 1025 584 1066 sellulariis
604 1025 845 1075 quaestibus
862 1026 1045 1065 intentos
1063 1026 1229 1074 habent,
1249 1027 1289 1066 in
1308 1027 1457 1076 quibus

53 1082 188 1123 omnis
215 1093 359 1123 eorum
384 1082 506 1132 uigor
527 1082 651 1121 animi
677 1083 954 1132 corporisque
979 1083 1237 1132 elanguescit
1255 1089 1314 1131 et,
1343 1085 1457 1134 quod

53 1138 340 1179 Sallustius
365 1139 435 1186 ait,
459 1139 781 1179 ‘effeminatum

137 1197 241 1236 Tum
257 1195 547 1236 Fauorinus
566 1195 646 1245 legi
663 1196 799 1236 denuo
820 1196 948 1236 uerba
969 1197 1114 1236 eadem
1133 1196 1160 1236 S
1175 1197 1382 1237 allustii
1401 1197 1458 1238 iu·
1476 1208 1518 1241 11

52 1252 124 1293 bet
154 1257 298 1303 atque,
332 1253 402 1292 ubi
427 1254 534 1292 lecta
563 1257 678 1292 sunt:
715 1253 839 1302 ‘quid
862 1253 1023 1303 igitur'‚
1057 1253 1206 1304 inquit,
1244 1254 1458 1302 ‘dicimus

54 1310 169 1360 quod
193 1311 346 1349 multos
371 1309 515 1349 uidere
538 1314 603 1350 est
625 1310 829 1360 pecuniae
857 1310 1034 1360 cupidos
1065 1316 1105 1350 et
1130 1311 1304 1351 eosdem
1320 1316 1460 1352 tamen

53 1377 233 1417 corpore
264 1377 360 1406 esse
390 1372 543 1417 uegeto
575 1378 623 1406 ac
656 1366 860 1406 ualenti?'
909 1368 1011 1406 Tum
1036 1366 1103 1406 ille
1134 1367 1190 1406 ita
1219 1369 1458 1419 respondit:
1477 1379 1520 1413 12

53 1423 328 1474 ‘Respondes
346 1435 430 1464 non
447 1424 587 1463 hercle
610 1423 771 1464 inscite.
821 1424 1057 1474 Quisquis',
1092 1424 1244 1475 inquit,
1278 1429 1368 1466 ‘est
1390 1437 1461 1476 pe-

53 1479 201 1519 cuniae
225 1479 399 1531 cupiens
424 1485 465 1520 et
482 1491 661 1530 corpore
678 1486 816 1520 tamen
835 1486 899 1521 est
921 1481 1028 1521 bene
1047 1482 1184 1521 habito
1204 1493 1252 1522 ac
1271 1488 1459 1529 strenuo,

51 1535 225 1578 aliarum
255 1549 425 1588 quoque
456 1549 595 1578 rerum
626 1539 694 1577 uel
725 1538 863 1578 studio
888 1540 956 1578 uel
983 1538 1180 1578 exercitio
1209 1551 1303 1579 eum
1326 1539 1462 1579 teneri

0 1610 3 1615 ’
53 1604 277 1635 necessum
294 1599 360 1634 est
384 1599 511 1644 atque
528 1594 568 1634 in
587 1606 685 1634 sese
703 1595 880 1635 colendo
900 1607 984 1635 non
1002 1606 1135 1645 aeque
1155 1607 1251 1636 esse
1269 1607 1457 1647 parcum.

51 1650 154 1690 Nam
177 1650 214 1691 si
241 1651 414 1692 auaritia
439 1653 531 1692 sola
556 1663 717 1692 summa
743 1663 888 1692 omnes
914 1652 1090 1692 hominis
1109 1659 1250 1702 parles
1273 1653 1461 1693 affectio·
1476 1663 1520 1698 13

52 1718 216 1758 nesque
240 1713 421 1759 occupet
444 1713 485 1748 et
509 1708 544 1748 si
563 1709 616 1748 ad
638 1708 840 1749 incuriam
857 1720 993 1759 usque
1020 1720 1093 1749 001
1095 1721 1210 1760 pons
1230 1719 1459 1759 grassetur,

39 1768 98 1813 „ut
113 1776 190 1815 per
205 1764 315 1805 illam
333 1777 459 1805 unam
481 1777 620 1816 neque
643 1765 808 1807 uirtutis
833 1778 970 1816 neque
988 1765 1138 1805 uirium
1156 1777 1295 1816 neque
1312 1778 1461 1818 corpo-

43 1819 110 1861 ·ris
126 1832 265 1872 neque
289 1821 413 1862 animi
440 1833 540 1862 cura
562 1823 688 1871 adsit,
723 1829 809 1864 tum
835 1823 1015 1873 denique
1039 1822 1079 1863 id
1104 1834 1203 1862 uere
1222 1822 1304 1863 dici
1319 1829 1463 1874 potest

0 1903 3 1905 -
48 1877 333 1921 effeminando
362 1890 459 1919 esse
476 1884 517 1919 et
533 1879 670 1920 animo
690 1887 729 1920 et
749 1881 936 1931 corpori,
966 1879 1036 1930 qui
1053 1891 1190 1930 neque
1209 1892 1305 1920 sese
1323 1891 1461 1931 neque

0 1942 10 1967 ·'
52 1933 164 1974 aliud
179 1940 343 1984 curent,
361 1935 442 1976 nisi
457 1936 718 1986 pecuniam’.
767 1939 870 1978 Tum
887 1936 1149 1977 Fauorinu
1163 1948 1204 1976 s:
1225 1941 1237 1960 ‘
1250 1942 1321 1977 aut
1336 1938 1444 1978 hoc'
1451 1970 1460 1985 ‚
1478 1949 1522 1985 14

6 2001 11 2026 1
51 1988 203 2041 inquit,
235 1993 377 2043 ‘quod
400 1992 560 2042 dixisti,
595 1994 810 2044 probabile
835 2000 916 2042 est,
950 1999 1020 2033 aut
1044 1993 1334 2034 Sallustius
1362 1993 1460 2035 odio

51 2046 251 2089 auaritiae
268 2050 383 2100 plus,
402 2060 525 2100 quam
541 2050 696 2101 potuit,
718 2063 808 2092 eam
827 2050 1067 2092 criminatus
1087 2053 1191 2090 est’.

698 61 765 99 ΙΙΙ.
784 71 811 100 1.
1372 60 1454 102 113

110 2330 275 2368 Gmrvs.
1156 2338 1182 2378 8
