1619 2476
169 40 250 82 126
784 40 873 79 XV.
906 51 950 78 11.

130 159 154 193 4
253 154 335 193 Sed
370 153 476 192 enim
498 154 646 192 Plato
668 151 707 190 in
731 150 892 200 primo
922 156 963 189 et
993 152 1222 192 secundo
1263 152 1322 191 de
1355 151 1559 202 legibus

167 223 271 261 non,
302 215 347 248 ut
383 209 448 247 ille
472 209 623 247 nebulo
656 207 921 257 opinabatur,
955 207 1193 246 ebrietatem
1220 207 1339 248 istam
1372 208 1560 258 turpissi-

165 278 294 312 mam,
333 276 437 314 quae
459 264 690 303 labefacere
726 268 766 302 et
800 263 1027 302 inminuere
1057 263 1269 304 hominum
1299 269 1459 304 mentes
1493 276 1560 305 so-

166 324 239 368 let,
282 320 484 368 laudauit,
532 320 608 359 sed
633 320 739 358 hanc
773 318 991 368 largiorem
1027 320 1152 369 paulo
1187 319 1560 370 iucundioremque

165 378 247 416 uini
282 376 584 424 inuitationem,
618 387 724 425 quae
759 375 877 414 fieret
917 375 993 414 sub
1028 374 1274 425 quibusdam
1306 376 1424 426 quasi
1455 376 1560 416 arbi-

127 439 146 471 5
165 434 238 473 tris
263 439 301 472 ot
323 433 527 482 magistris
556 431 841 472 conuiuiorum
862 431 1033 479 sobriis,
1065 443 1148 471 non
1170 432 1418 482 inprobauit.
1458 434 1560 472 Nam

166 496 205 529 et
234 489 409 530 modicis
433 488 706 538 honestisque
733 488 839 526 inter
860 487 1083 527 bibendum
1102 487 1416 528 remissionibus
1442 488 1558 528 refici

164 545 443 595 integrarique
475 544 635 584 animos
671 545 723 583 ad
753 544 1020 583 instauranda
1059 544 1293 584 sobrietatis
1324 544 1461 584 officia
1491 555 1559 584 ex-

163 602 373 641 istumauit
403 602 604 650 reddique
636 612 708 640 eos
751 600 905 639 sensim
946 599 1140 640 laetiores
1180 605 1306 651 atque
1347 601 1400 640 ad
1429 600 1559 641 inten-

164 658 298 697 tiones
329 669 492 697 rursum
529 657 751 707 capiendas
786 656 875 695 fieri
906 656 1148 704 habiliores,
1177 661 1217 696 et
1250 657 1390 705 simul,
1428 657 1463 696 si
1490 656 1559 706 qui

165 714 327 764 penitus
345 713 384 752 in
411 714 472 753 his
494 713 772 753 adfectionum
796 712 1147 763 cupiditatumque
1172 724 1335 753 errores
1360 713 1558 760 inessent,

165 782 271 820 quos
311 770 457 819 aliquis
497 771 634 820 pudor
674 780 873 808 reuerens
922 770 1178 818 concelaret,
1217 780 1266 809 ea
1302 769 1438 809 omnia
1468 769 1560 809 sine

163 827 278 876 graui
307 826 513 876 periculo,
542 826 728 865 libertate
758 837 833 875 per
852 825 990 864 uinum
1019 825 1134 873 data,
1168 825 1305 876 detegi
1331 830 1372 865 et
1395 825 1447 864 ad
1470 836 1558 864 cor-

163 883 379 932 rigendum
400 883 732 931 medendumque
754 881 839 920 fieri
865 881 1148 931 oportuniora.

124 956 145 990 6
241 952 380 999 Atque
413 950 493 989 hoc
535 949 655 988 etiam
685 950 829 988 Plato
853 948 1003 988 ibidem
1027 947 1144 996 dicit,
1180 959 1262 988 non
1286 948 1556 998 defugiendas

164 1017 259 1045 esse
300 1016 436 1055 neque
464 1006 724 1055 respuendas
755 1004 1043 1044 huiuscemodi
1073 1004 1391 1045 exercitationes
1413 1004 1555 1044 aduer-

165 1074 255 1101 sum
286 1062 612 1111 propulsandam
646 1061 727 1100 uini
765 1060 1002 1101 uiolentiam
1034 1071 1171 1110 neque
1203 1062 1331 1100 ullum
1358 1072 1554 1110 umquam

165 1118 445 1158 continentem
479 1129 672 1168 prorsum
695 1128 743 1156 ac
766 1122 1064 1167 temperantem
1087 1115 1187 1156 satis
1217 1117 1393 1156 fideliter
1421 1116 1557 1157 uisum

166 1186 281 1222 esse,
330 1174 446 1213 cuius
478 1173 564 1212 uita
599 1174 819 1223 uictusque
849 1184 932 1212 non
969 1173 1076 1212 inter
1104 1172 1197 1222 ipsa
1232 1184 1419 1213 errorum
1451 1173 1557 1223 peri-

128 1235 146 1271 7
167 1232 258 1269 cula
279 1236 319 1269 et
345 1230 385 1269 in
419 1230 566 1269 mediis
588 1231 848 1280 uoluptatum
867 1229 1086 1268 inlecebris
1108 1230 1323 1279 explorata
1340 1229 1405 1268 sit.
1456 1229 1557 1267 Nam

167 1286 233 1325 cui
258 1286 450 1325 libentiae
475 1286 715 1335 gratiaeque
741 1297 886 1325 omnes
909 1284 1196 1325 conuiuiorum
1216 1284 1452 1333 incognitae
1476 1283 1558 1323 sint

167 1342 320 1391 quique
360 1342 521 1380 illarum
555 1342 721 1381 omnino
762 1352 913 1390 expers
950 1340 1021 1386 sit,
1057 1339 1091 1378 si
1127 1350 1218 1378 eum
1245 1340 1350 1379 forte
1385 1339 1438 1378 ad
1466 1350 1557 1390 par-

164 1397 394 1448 ticipandas
430 1396 635 1436 eiusmodi
656 1397 892 1445 uoluptates
918 1400 987 1434 aut
1016 1396 1209 1434 uoluntas
1244 1395 1380 1435 tulerit
1401 1400 1471 1434 aut
1493 1406 1557 1435 ca-

166 1465 237 1493 sus
269 1452 477 1493 induxerit
512 1457 582 1491 aut
612 1452 842 1492 necessitas
875 1450 1137 1501 compulerit,
1171 1451 1342 1490 deleniri
1378 1452 1556 1501 plerum-

166 1521 246 1560 que
277 1515 317 1548 et
352 1509 462 1558 capi,
494 1520 631 1558 neque
661 1513 841 1548 mentem
887 1507 1149 1556 animumque
1184 1507 1272 1547 eius
1311 1507 1556 1554 consistere,

127 1566 240 1606 8sed
276 1566 318 1604 ui
360 1565 539 1614 quadam
580 1575 691 1605 noua
731 1565 856 1604 ictum
892 1564 1119 1603 labascere.
1197 1563 1556 1613 Congrediendum

163 1622 285 1672 igitur
307 1620 466 1660 censuit
483 1626 542 1669 et,
574 1627 780 1671 tamquam
802 1621 842 1660 in
860 1621 947 1660 acie
969 1619 1166 1670 quadam,
1198 1630 1291 1659 cum
1309 1619 1556 1669 uoluptariis

163 1679 289 1718 rebus
325 1688 501 1727 cumque
536 1678 617 1718 ista
651 1677 735 1717 uini
767 1676 930 1716 licentia
970 1675 1200 1716 comminus
1233 1675 1555 1722 decernendum,

163 1741 208 1774 ut
239 1735 460 1774 aduersum
495 1745 567 1774 eas
610 1745 692 1774 non
723 1735 820 1783 fuga
856 1733 984 1772 simus
1023 1731 1098 1770 tuti
1136 1742 1212 1771 nec
1242 1730 1447 1779 absentia,
1479 1731 1556 1770 sed

163 1791 308 1841 uigore
330 1790 452 1829 animi
473 1795 513 1829 et
532 1790 737 1830 constanti
768 1787 1003 1839 praesentia
1033 1787 1332 1836 moderatoque
1352 1797 1435 1831 usu
1456 1792 1556 1826 tem·

164 1847 392 1897 perantiam
410 1846 788 1895 continentiamque
808 1851 998 1885 tueamur
1019 1848 1080 1891 et,
1120 1843 1319 1882 calefacto
1341 1843 1461 1882 simul
1492 1853 1555 1881 re-

164 1905 335 1952 fotoque
355 1903 505 1949 animo,
533 1903 567 1943 si
585 1903 681 1952 quid
702 1902 741 1941 in
765 1912 813 1942 eo
832 1903 897 1941 uel
915 1899 1086 1949 frigidae
1101 1897 1286 1938 tristitiae
1305 1899 1371 1938 uel
1387 1903 1555 1948 torpen-

164 1960 214 1999 tis
231 1958 506 1998 uerecundiae
530 1958 670 2006 suerit,
700 1958 928 1997 deluamus.
