1619 2476
135 59 215 100 192
682 20 754 99 =VI.
778 61 902 108 (Vll.)
920 73 981 100 111.

74 172 397 216 47inhonestum
433 183 515 211 non
549 177 625 212 est.
687 175 827 223 Atque
862 183 933 212 eas
967 184 1035 213 res
1074 173 1247 214 contulit
1277 173 1434 214 sensim
1465 174 1538 214 mi-

134 229 323 277 scuitque
343 240 435 268 cum
456 239 518 276 eo,
538 230 651 278 quod
671 241 806 280 neque
825 231 963 268 facere
981 240 1118 280 neque
1134 231 1243 270 uelle
1258 240 1335 280 per
1351 241 1449 270 sese
1464 231 1537 270 ho-

133 292 297 324 nestum
317 290 402 331 est;
435 289 522 324 tum
541 286 711 333 deinde,
744 298 795 326 ne
820 285 1069 335 disparilitas
1093 285 1339 326 conlationis
1362 286 1536 326 euidens

133 342 263 389 fieret,
287 341 473 391 pluribus
491 341 532 380 id
547 343 874 393 propugnaculis
893 343 1095 390 defensat,
1115 353 1253 393 neque
1268 347 1415 383 tenues
1433 343 1535 383 istas

133 403 174 437 01
205 399 442 437 enucleatas
475 399 735 439 uoluntatum
761 399 801 438 in
834 399 959 438 rebus
989 398 1138 439 illicitis
1170 398 1534 449 reprehensiones,

133 453 268 504 qualia
284 453 323 494 111
341 454 687 505 philosophorum
706 456 788 496 otio
813 456 1089 506 disputantur,
1108 455 1245 505 magni
1262 455 1379 503 facit,
1403 456 1480 495 sed
1496 455 1538 494 id

132 512 267 551 solum
285 522 337 550 ex
354 522 515 550 summa
533 523 614 562 ope
633 512 791 560 nititur,
809 518 854 552 ut
873 523 999 551 causa
1018 511 1337 559 Rhodiensium,
1357 524 1536 562 quorum

131 567 350 606 amicitiam
385 568 552 607 retineri
579 580 630 608 ex
649 569 862 619 republica
897 568 989 616 suit,
1025 574 1095 608 aut
1117 579 1252 619 aequa
1281 567 1536 608 iudicaretur

131 629 202 663 aut
222 624 386 673 quidem
406 630 515 663 certe
542 624 812 674 ignoscenda.
873 627 1012 675 Atque
1031 625 1192 665 interim
1220 635 1357 674 neque
1382 625 1535 665 secisse

130 681 393 720 Rhodienses
419 681 569 720 bellum
597 693 733 732 neque
762 684 898 721 facere
923 682 1109 722 uoluisse
1136 681 1254 727 dicit,
1280 681 1442 721 interim
1467 693 1534 721 au-

132 742 212 776 tem
236 738 343 776 faeta
360 739 449 776 sola
476 739 687 777 censenda
704 738 800 778 dicit
814 743 938 788 atque
956 738 995 777 in
1012 738 1206 778 iudicium
1228 739 1434 786 uocanda,
1460 738 1536 778 sed
1600 788 1603 790 q

129 795 366 833 uoluntates
384 794 518 834 nudas
537 794 766 845 inanesque
790 806 926 844 neque
944 795 1104 844 legibus
1123 805 1259 845 neque
1276 794 1425 845 poenis
1445 795 1535 834 fieri

131 850 358 897 obnoxias3
392 850 599 890 interdum
630 857 767 891 tamen
780 884 789 899 ‚
823 851 942 901 quasi
960 851 1187 901 deliquisse
1212 862 1287 892 eos
1315 852 1531 900 concedat,

129 906 290 956 ignosci
308 908 492 956 postulat
509 913 549 947 et
564 908 846 957 ignoscentias
863 907 983 947 utiles
1003 919 1099 948 esse
1118 908 1243 948 rebus
1261 908 1450 947 humanis
1462 908 1533 948 do-

130 968 195 1002 cet
213 974 273 1010 ac,
292 963 369 1002 nisi
386 963 614 1012 ignoscant,
633 970 766 1004 metus
786 965 824 1004 111
842 964 1055 1014 republica
1072 976 1209 1004 rerum
1227 975 1429 1004 nouarum
1449 976 1533 1004 mo-

128 1025 220 1066 uet;
240 1019 316 1058 sed
333 1020 441 1059 enim
459 1026 623 1068 contra,
644 1021 678 1060 si
695 1022 955 1070 ignoscatur,
975 1026 1270 1061 conseruatum
1287 1020 1334 1060 iri
1352 1021 1534 1061 ostendit

128 1076 273 1126 populi
290 1076 465 1116 Romani
482 1078 819 1127 magnitudinem.

72 1157 119 1192 48
214 1156 443 1205 Superbiae
469 1169 637 1207 quoque
663 1157 835 1206 crimen,
871 1158 985 1207 quod
1002 1162 1099 1197 tunc
1123 1162 1290 1208 praeter
1322 1162 1462 1197 cetera
1492 1158 1531 1198 in

130 1218 279 1252 senatu
296 1213 605 1254 Rhodiensibus
625 1215 832 1254 obiectum
848 1219 954 1262 erat,
986 1213 1159 1253 mirifica
1183 1218 1223 1254 et
1240 1225 1374 1265 prope
1393 1214 1533 1254 diuina

71 1269 116 1305 49
128 1269 416 1319 responsionis
435 1270 569 1319 figura
590 1271 711 1311 elusit
736 1276 776 1310 et
793 1269 902 1310 eluit.
934 1271 1074 1310 Verba
1090 1271 1196 1311 adeo
1221 1269 1313 1320 ipsa
1326 1282 1531 1321 ponemus

71 1326 366 1373 50Catonis,
413 1326 609 1375 quoniam
639 1327 757 1366 Tiro
801 1338 849 1366 ea
878 1326 1174 1376 praetermisit:
1214 1327 1531 1367 Rhodiensis

129 1382 386 1431 superbos
421 1393 541 1422 esse
574 1383 735 1430 aiunt,
769 1383 825 1422 id
860 1382 1213 1430 obiectantes,
1248 1384 1380 1432 quod
1415 1383 1534 1423 mihi

129 1443 184 1477 et
219 1438 399 1477 liberis
432 1439 561 1478 meis
591 1439 790 1479 minime
820 1439 920 1478 dici
948 1439 1112 1478 uelim.
1176 1439 1288 1479 Sint
1311 1451 1435 1480 sane
1452 1452 1533 1480 su-

128 1494 289 1544 perbi.
354 1495 480 1544 Quid
511 1495 567 1534 id
598 1508 622 1534 a
640 1497 665 1534 d
696 1507 788 1536 uos
820 1495 1039 1535 attinet?
1070 1496 1193 1535 Idne
1225 1495 1531 1545 irascimini,

70 1551 176 1590 5lsi
223 1551 340 1600 quis
383 1552 663 1601 superbior
702 1558 805 1600 est,
855 1564 1000 1602 quam
1037 1554 1165 1592 uos?
1215 1552 1318 1592 Nihil
1356 1564 1532 1604 prorsus

127 1608 204 1646 hac
227 1608 545 1658 compellatione
563 1608 642 1647 dici
664 1614 805 1659 potest
829 1620 965 1658 neque
982 1609 1152 1658 grauius
1177 1620 1314 1659 neque
1337 1609 1531 1649 munitius

127 1665 332 1704 aduersus
350 1664 539 1704 homines
557 1666 882 1715 superbissimos
894 1666 1014 1713 facta,
1033 1665 1103 1714 qui
1119 1665 1358 1716 superbiam
1374 1665 1416 1705 in
1433 1677 1530 1706 sese

128 1726 332 1768 amarent,
358 1721 397 1760 in
415 1721 503 1761 aliis
523 1723 891 1772 reprehenderent.

71 1810 116 1845 52
210 1814 431 1852 Praeterea
448 1813 779 1854 animaduertere
804 1820 886 1863 est,
918 1814 957 1853 in
984 1819 1072 1854 tota
1094 1813 1174 1853 ista
1200 1813 1408 1866 Catonis
1441 1825 1531 1855 ora-

125 1869 239 1909 tione
259 1869 396 1909 omnia
421 1869 730 1920 disciplinarum
752 1871 1051 1912 rhetoricarum
1070 1881 1183 1910 arma
1200 1876 1324 1920 atque
1345 1870 1532 1911 subsidia

127 1931 239 1965 mota
262 1937 377 1973 esse;
411 1927 488 1966 sed
510 1939 594 1967 non
617 1927 793 1977 proinde
812 1928 912 1968 utin
930 1927 1176 1967 decursibus
1200 1927 1369 1967 ludicris
1393 1933 1464 1967 aut
1479 1927 1531 1968 si-

126 1982 320 2022 mulacris
336 1982 591 2032 proeliorum
608 1984 854 2034 uoluptariis
872 1984 961 2024 fieri
974 1984 1185 2031 uidemus,
1219 1995 1322 2031 non,
1346 1983 1529 2034 inquam,
1577 2034 1580 2038 ι

127 2038 320 2078 distincte
330 2039 450 2079 nimis
468 2045 593 2089 atque
612 2046 776 2091 compte
793 2047 918 2091 atque
935 2041 1146 2081 modulate
1163 2051 1232 2080 res
1250 2046 1343 2080 acta
1359 2046 1435 2088 est,
1452 2040 1530 2080 sed

129 2095 248 2143 quasi
272 2095 311 2134 in
329 2095 496 2145 ancipiti
513 2097 756 2145 certamine,
790 2109 882 2137 cum
903 2109 1053 2148 sparsa
1069 2097 1180 2137 acies
1199 2102 1282 2145 est,
1314 2096 1454 2137 multis
1472 2097 1530 2137 lo·

128 2150 186 2189 cis
202 2152 332 2191 Marte
356 2152 472 2192 uario
498 2158 726 2202 pugnatur:
761 2154 820 2193 sic
846 2154 886 2193 in
909 2154 992 2194 ista
1007 2159 1092 2194 tum
1111 2164 1239 2193 causa
1257 2155 1402 2201 Cato,
1436 2164 1528 2192 cum

126 2207 324 2256 superbia
351 2208 420 2248 illa
448 2209 747 2249 Rhodiensium
782 2210 1060 2251 famosissima
1090 2211 1314 2250 multorum
1345 2209 1442 2250 odio
1471 2213 1530 2249 at-
1580 2252 1586 2259 ,

128 2273 208 2312 que
229 2263 382 2303 inuidia
404 2264 618 2314 flagraret,
651 2267 842 2307 omnibus
875 2266 1085 2318 promisce
1113 2266 1258 2307 tuendi
1278 2270 1405 2317 atque
1434 2276 1530 2317 pro-
