1635 2492
0 0 55 231 f
131 81 133 84 ⁴
739 45 807 86 XI.
845 58 886 86 x.
1471 38 1528 80 39

23 166 27 167 ⁷
237 246 243 251 ,
436 172 439 175 “
790 192 841 232 x.

0 285 19 298 U

2 1406 35 1675 ,>··÷*‘-z÷·5.⁴ffi‡eziw÷—.z=

14 2000 18 2003 ”
6 1960 36 1990 ’ξέ-
5 1749 42 1954 ’ΦῨᾞΨ
10 1701 41 1740 Τῇ
20 1685 41 1693 5

103 291 219 338 Quod
246 289 286 328 C.
304 289 500 327 Gracchus
530 290 567 325 in
589 288 760 324 oratione
785 297 855 323 sua
876 286 1076 323 historiam
1106 295 1223 332 supra
1253 283 1435 331 scriptam
1457 280 1529 319 De-

164 347 267 385 madi
308 347 471 391 rhetori,
503 356 578 382 non
609 344 876 388 Demostheni,
925 343 1125 386 adtribuit;
1171 342 1364 388 uerbaque
1404 341 1528 388 ipsius

164 405 206 443 C.
223 404 384 442 Gracchi
420 404 549 440 relata.

191 503 313 553 Quod
347 501 386 542 in
425 501 560 552 capite
590 499 809 551 superiore
845 510 868 538 a
909 497 1148 539 Critolao
1187 497 1389 547 scriptum
1426 504 1563 537 essel

104 561 286 601 diximus
308 570 438 610 super
466 558 848 603 Demosthene,
892 556 931 594 id
964 556 1005 595 C.
1032 554 1296 594 Gracchus
1329 554 1368 593 in
1407 565 1527 593 ora-

95 615 270 665 tione,
319 627 417 667 qua
474 617 636 666 legem
684 613 926 654 Aufeiam
979 610 1272 659 dissuasit,
1330 611 1385 650 in
1428 613 1527 651 De-

105 675 290 715 maden
322 673 496 714 contulit
525 672 666 713 uerbis
696 671 832 712 hisce:
873 671 989 709 Nam
1017 681 1132 716 uOS,
1166 667 1432 718 Quirites,
1475 670 1563 709 si2

103 730 290 773 uelitis
328 729 603 781 sapientia
644 734 799 779 atque
839 729 1039 768 uirtute
1074 726 1174 773 uti,
1228 725 1327 765 etsi
1366 737 1529 776 quae-

103 789 250 837 ritis,
297 788 556 828 neminem
593 792 834 826 nostrum
873 784 1155 824 inuenietis
1188 783 1302 823 sine
1348 784 1528 834 pretio

104 848 204 887 huc
263 845 496 895 prodire.
569 844 750 884 Omnes
802 855 915 890 nos,
965 842 1049 892 qui
1090 841 1252 881 uerba
1282 841 1528 890 facimus,

105 902 309 954 aliquid
362 902 613 953 petimus,
666 912 832 951 neque
872 900 1034 940 ullius
1077 898 1150 938 rei
1192 909 1349 938 causa
1387 898 1529 948 quis-

103 972 258 1012 quam
295 960 356 999 ad
394 971 491 1000 uos
539 958 741 1009 prodit,
791 957 897 997 nisi
951 963 1003 996 ut
1054 956 1256 1005 aliquid
1307 956 1528 996 auferat.

105 1019 210 1068 Ego
249 1016 384 1068 ipse,
419 1016 505 1067 qui
549 1021 672 1066 aput
702 1027 798 1055 uos
835 1015 994 1054 uerba
1036 1013 1194 1061 facio,
1247 1012 1321 1052 uti
1361 1013 1570 1053 necti-3

103 1074 244 1125 galia
279 1079 464 1114 uestra
494 1073 759 1122 augeatis,
794 1084 891 1122 quo
930 1071 1141 1111 facilius
1175 1076 1357 1110 uestra
1396 1081 1532 1110 com-

105 1132 254 1172 moda
281 1136 332 1170 et
359 1127 1529 1180 rempublicamadministrarepossitis,non

106 1187 275 1239 gratis
311 1188 543 1238 prodeo;
586 1198 763 1227 uerum
805 1192 925 1236 peto
969 1198 993 1225 a
1024 1185 1177 1225 uobis
1223 1196 1326 1224 non
1373 1195 1531 1235 pecu-

103 1245 256 1293 niam,
305 1245 398 1285 sed
451 1244 634 1284 bonam
676 1243 1127 1284 existimationem
1168 1248 1324 1292 atque
1360 1242 1531 1281 hono-

104 1313 224 1342 rem.
287 1301 377 1351 Qui
420 1302 684 1351 prodeunt
725 1300 1053 1347 dissuasuri,
1102 1311 1160 1338 ne
1193 1299 1327 1338 lianc
1364 1301 1571 1349 legem4

107 1358 418 1410 accipiatis,
451 1363 638 1408 petunt
670 1370 768 1398 non
801 1358 1056 1398 honorem
1087 1368 1109 1396 a
1145 1356 1323 1402 uobis,
1350 1367 1531 1396 uerum

103 1427 130 1455 a
166 1416 444 1456 Nicomede
489 1415 784 1465 pecuniam.
864 1415 953 1464 Qui
1004 1414 1251 1460 suadent,
1300 1419 1351 1452 ut
1395 1413 1532 1453 acci-

105 1473 298 1524 piatis,
345 1472 393 1512 hi
435 1484 641 1522 quoque
691 1477 880 1522 petunt
930 1484 1026 1512 non
1070 1483 1093 1510 a
1135 1470 1287 1511 uobis
1346 1471 1530 1511 bonam

103 1529 580 1577 existimationem,
624 1542 802 1569 uerum
849 1542 873 1568 a
911 1529 1214 1569 Mithridate
1261 1528 1336 1567 rei
1382 1527 1531 1566 salni-

106 1586 256 1627 liaris
305 1597 428 1626 suae
467 1586 697 1636 pretium
738 1591 788 1625 et
841 1586 1142 1636 praemium.
1223 1585 1318 1634 Qui
1358 1591 1530 1624 autem

103 1655 169 1684 ex
222 1645 406 1684 eodem
456 1643 577 1682 loco
629 1648 783 1692 atque
834 1643 1020 1682 ordine
1065 1648 1279 1688 tacent,
1348 1641 1399 1680 hi
1450 1643 1531 1681 uel

107 1701 355 1741 acerrimi
404 1704 553 1746 sunt,
610 1712 720 1739 nam
765 1700 827 1739 ab
876 1700 1117 1738 omnibus
1170 1699 1397 1749 pretium
1446 1710 1531 1738 ae-

105 1757 314 1808 cipiunt
359 1762 409 1797 et
456 1768 634 1797 omnes
683 1758 889 1796 fallunt.
965 1758 1100 1806 Vos,
1162 1768 1268 1795 cum
1311 1755 1574 1806 putatis,5

105 1825 200 1855 eos
240 1815 307 1854 ab
349 1814 426 1854 his
461 1814 620 1854 rebus
660 1819 897 1853 remotos
932 1824 1078 1859 esse,
1118 1812 1394 1863 inpertitis
1438 1813 1532 1853 bo-

108 1883 221 1911 nam
263 1871 714 1912 existimationem
737 1884 753 1917 ;-
784 1870 1095 1919 legationes
1129 1875 1298 1910 autem
1330 1882 1353 1909 a
1391 1870 1574 1920 regi-6

106 1929 225 1977 bus,
259 1939 367 1969 cum
391 1933 577 1978 putant
599 1940 690 1968 eos
713 1939 805 1967 sua
828 1938 985 1967 causa
1012 1927 1261 1974 reticere,
1291 1932 1534 1977 sumptus

106 1989 264 2036 atque
295 1985 560 2036 pecunias
586 1985 837 2024 maximas
870 1984 1152 2034 praebent,
1200 1984 1321 2023 item
1362 1984 1435 2023 uti
1476 1984 1533 2023 in

107 2046 252 2082 terra
284 2042 536 2090 Graecia,
577 2054 674 2092 quo
706 2042 755 2081 in
789 2048 1022 2091 tempore
1049 2042 1285 2081 Graecus
1320 2046 1534 2091 tragoe-

109 2099 203 2140 dus
232 2099 436 2149 gloriae
467 2098 569 2139 sibi
609 2099 854 2145 ducebat,
896 2100 1154 2138 talentum
1199 2109 1431 2148 magnum
1469 2099 1533 2138 ob

109 2166 251 2196 unam
286 2156 516 2196 fabulam
552 2156 726 2196 datum
759 2167 898 2203 esse,
943 2156 1095 2196 homo
1141 2154 1533 2205 eloquentissi-

110 2223 218 2253 mus
250 2212 491 2253 ciuitatis
522 2224 651 2253 suae
689 2213 946 2253 Demades
987 2212 1033 2251 ei
1070 2211 1426 2263 respondisse
1456 2211 1534 2251 di-

111 2267 268 2309 citur:
315 2269 521 2310 ‘Mirum
564 2270 659 2309 tibi
693 2268 928 2316 uidetur,
976 2269 1019 2309 si
1055 2275 1105 2309 tu
1142 2269 1408 2320 loquendo
1447 2274 1535 2309 ta-
