1619 2476
122 56 205 98 242
693 59 814 97 V1111.
840 70 934 97 v1111

87 171 227 211 7Illud
259 181 426 220 quoque
457 169 534 209 alio
570 169 609 208 in
640 171 732 209 loco
767 170 1131 212 animaduertimus
1163 179 1282 214 caute
1304 174 1515 226 omissum,

125 227 235 276 quod
256 232 319 266 est
339 226 379 264 in
401 226 558 266 Giaeco
576 236 703 266 uersu
722 226 1023 267 dulcissimum:

183 276 369 334 Τίτυρ’
375 312 387 334 ‚
411 279 533 333 ἐμὶν
557 277 613 321 τὸ
641 278 810 323 καλὸν
836 281 1202 352 πεφιλαμένε,
1232 282 1402 338 βόσκε
1425 283 1517 337 τὰς

953 353 1005 378 αι
1051 353 1078 379 α

177 391 277 434 Και
321 393 446 434 ποτι
486 389 582 435 τὰν
627 391 837 448 κράναν
879 353 1262 463 a'yejl'Ttgvvpe·
1303 396 1389 438 καὶ
1419 394 1516 440 τὸν

942 465 1181 504 ενορχαν

181 503 288 547 Τὸν
316 502 567 560 Λιβυκὸν
596 502 852 547 κνάκωνα
885 505 1192 628 φυλάξσσεο,
1223 505 1290 562 μή
1323 522 1385 550 τυ
1419 524 1513 551 κο-

949 577 1013 616 Θυ
1053 578 1080 617 ῃ

83 620 211 669 SQuo
231 618 338 658 enim
355 625 479 669 pacto
498 620 672 660 diceret:
696 615 751 658 τὸ
785 614 955 659 καλὸν
986 620 1352 675 πεφιλαμένε,
1384 623 1513 662 uerba

120 676 258 715 hercle
284 686 367 715 non
398 676 669 723 translaticia,
712 676 787 715 sed
818 675 1032 715 cuiusdam
1064 678 1227 717 natiuae
1257 679 1512 719 dulcedinis?

82 739 104 774 9
120 732 210 772 Ηοο
235 731 358 781 igitur
376 732 540 783 reliquit
557 738 598 771 et
617 737 754 771 cetera
768 732 989 772 uertitnon
1012 732 1275 782 infestiuiter‚
1303 734 1382 774 nisi
1400 736 1511 784 quod

120 791 324 838 ‘caprum’
342 788 454 837 dixit,
474 800 596 838 quem
614 790 644 827 T
655 789 681 827 h
693 799 715 827 e
730 799 753 828 0
766 799 786 827 c
796 788 835 827 ri
845 793 861 826 t
871 800 897 827 u
909 800 928 827 s
961 785 1018 828 ἐν
1030 785 1054 828 ό
1066 802 1090 840 ρ
1100 802 1161 840 χα
1171 803 1198 828 ν
1216 791 1437 840 appellauit
1456 814 1511 819 —

62 852 107 886 10
120 849 289 884 auctore
314 844 420 883 enim
437 846 491 884 Μ.
510 847 674 884 Varro
686 856 711 883 n
723 855 745 884 e
765 844 800 884 is
819 845 982 884 demum
999 844 1141 885 Latine
1159 849 1171 868 ‘
1184 851 1330 896 caper’
1351 846 1509 894 dicitur,

120 900 189 950 qui
211 906 469 941 excastratus
489 906 552 941 est
578 914 652 939 -—-:

61 964 104 998 ll
175 957 364 1008 Tityre,
385 958 493 997 dum
512 958 688 1005 redeo,
705 956 877 997 breuis
898 962 964 997 est
984 957 1087 1006 uia,
1104 968 1259 1008 pasce
1284 959 1509 1009 capellas

174 1014 232 1052 Et
255 1019 433 1063 potum
458 1018 641 1064 pastas
663 1024 773 1063 age,
805 1013 1000 1064 Tityre,
1032 1018 1080 1053 et
1100 1013 1236 1054 inter
1258 1014 1509 1064 agendum

175 1070 469 1110 Occursare
489 1081 663 1120 capro,
697 1081 855 1110 cornu
880 1069 1002 1109 ferit
1023 1070 1131 1118 ille,
1160 1076 1356 1110 caueto.

59 1133 104 1166 12
199 1126 251 1165 Et
273 1126 468 1176 quoniam
485 1127 536 1166 de
552 1125 851 1166 transferendis
867 1127 1036 1175 loquor,
1064 1125 1228 1166 memini
1253 1125 1421 1166 audisse
1445 1138 1509 1166 me

117 1193 168 1221 ex
184 1182 388 1222 Valerii
408 1182 563 1222 Probi
588 1182 819 1233 discipulis,
852 1181 963 1222 docti
984 1181 1160 1222 hominis
1190 1187 1231 1222 et
1257 1182 1297 1222 in
1323 1182 1509 1232 legendis

115 1238 461 1289 pensitandisque
494 1238 704 1279 ueteribus
727 1238 890 1289 scriptis
919 1238 1026 1278 bene
1049 1238 1202 1287 callidi,
1231 1238 1396 1279 solitum
1415 1249 1508 1277 eum

116 1294 276 1343 dicere,
301 1294 400 1334 nihil
419 1295 639 1344 quicquam
660 1301 744 1334 tam
760 1295 1008 1345 inprospere
1023 1294 1313 1343 Vergilium
1339 1304 1390 1333 ex
1411 1294 1508 1334 Ho-

115 1362 252 1390 mero
270 1351 461 1398 uertisse,
475 1362 596 1400 quam
612 1361 760 1390 uersus
777 1351 855 1389 hos
874 1348 1201 1399 amoenissimos,
1220 1360 1326 1399 quos
1339 1350 1392 1389 de
1405 1350 1508 1389 Nau·

116 1406 229 1447 sicaa
248 1407 495 1447 Homerus
517 1406 633 1446 feeit:

172 1460 271 1528 Οἴη
297 1457 337 1502 ὸ’
354 1457 603 1529 ’Ἀρτεμις
630 1456 736 1502 εἶσι
760 1455 873 1501 κατ’
896 1455 1116 1526 οὔρεος
1117 1459 1406 1528 ἰοχέαιρα,

159 1511 224 1558 'H
242 1514 376 1558 κατὰ
399 1514 679 1586 Τηΰγετον
704 1513 1075 1587 περιμήκετον
1096 1510 1124 1569 ἢ
1137 1512 1485 1582 Ἐρύμανθον

175 1572 498 1642 Τερπομένη
524 1570 791 1639 κάπροισι
815 1571 906 1613 καὶ
933 1568 1150 1639 ωκείῃς
1163 1569 1477 1625 ἐλάφοισιν·

167 1631 246 1697 Τῇ
274 1627 334 1670 δέ
351 1625 403 1671 θ’
434 1625 544 1683 ἅμα
567 1627 804 1684 νύμφαι,
835 1624 1180 1682 κουραιΔιὸς
1203 1626 1504 1681 αἰγιόχοιο,

167 1682 495 1741 Ἀγρονόμοι
545 1687 826 1736 παίζουσι·
880 1684 1089 1750 γέγηθε
1128 1682 1188 1725 δέ
1231 1697 1288 1724 τε
1330 1683 1506 1737 φρένα

937 1735 1110 1793 Λητώ·

170 1796 407 1839 Πασάων
433 1794 474 1840 δ’
501 1794 639 1864 ὕπερ
665 1794 695 1851 ἥ
721 1795 935 1852 γεκάρη
960 1797 1072 1849 ἔχει
1094 1792 1187 1850 ἠδε
1209 1795 1446 1850 μέτωπα,

166 1850 645 1908 Ῥεῖαιῗᾶριγνώτη
668 1853 912 1908 πέλεται,
933 1851 1485 1902 καλαὶδέτεπᾶσαι,-

59 1919 104 1955 13
171 1911 376 1961 Qualis
366 1925 415 1951 in
437 1913 660 1952 Eurotae
681 1911 810 1962 ripis
833 1915 918 1951 aut
942 1922 1032 1961 per
1065 1909 1184 1959 iuga
1212 1909 1392 1960 Cynthi

171 1969 395 2008 Exercet
417 1968 579 2008 Diana
603 1968 813 2016 choros,
844 1978 985 2017 quam
1009 1967 1148 2005 mille
1179 1970 1391 2005 secutae

109 2026 116 2030 “
170 2024 295 2064 Hinc
321 2029 475 2074 atque
498 2024 614 2063 hinc
638 2025 988 2073 glomerantur
1007 2021 1236 2061 Oriades.
1268 2021 1364 2060 Illa
1385 2022 1500 2071 pha-

937 2082 1130 2117 retram

172 2134 291 2174 Fert
328 2136 540 2176 humero
587 2135 946 2185 gradiensque
990 2134 1112 2197 deas
1149 2132 1502 2183 supereminet

942 2201 1118 2230 omnis.

172 2246 399 2286 Latonae
426 2247 633 2288 tacitum
658 2251 1013 2298 pertemptant
1037 2245 1222 2297 gaudia
1251 2249 1445 2297 pectus.
