1603 2508
605 56 659 94 V.
690 65 782 94 xm.
814 65 924 93 x1111.
1393 51 1476 95 173

139 168 406 210 Masurius
436 173 576 208 autem
608 168 834 209 Sabinus
878 168 927 207 in
960 166 1095 208 libro
1136 167 1269 208 iuris
1299 167 1522 210 ciuilis5

49 224 217 266 tertio
265 225 544 277 antiquiorem
589 227 728 266 locum
772 225 929 277 hospiti
972 224 1112 264 tribuit
1154 237 1277 275 quam
1325 225 1475 265 clienti.

0 283 1 313 i
51 283 195 323 Verba
225 294 279 323 ex
309 295 359 324 eo
397 284 501 323 libro
535 283 640 323 haec
668 287 785 324 sunt:
832 285 886 322 In
919 281 1123 322 officiis
1154 283 1288 333 apud
1318 283 1478 323 maio-

0 366 1 376 ,
50 351 137 380 res
169 339 241 380 ita
271 341 613 381 obseruatum
647 345 747 388 est,
779 340 998 389 primum
1032 341 1253 388 tutelae,
1287 340 1477 380 deinde

49 397 276 448 hospiti,
330 397 521 437 deinde
566 397 775 445 clienti,
830 402 933 436 tum
980 402 1231 446 cognato,
1293 403 1479 446 postea

49 454 230 495 adfini.
305 456 371 495 De
423 467 520 505 qua
574 466 732 495 causa
783 453 1005 493 feminae
1057 453 1186 494 uiris
1236 454 1476 505 potiores

50 511 261 552 habitae
315 511 706 563 pupillarisque
759 513 924 551 tutela
979 510 1182 551 mulieri
1228 513 1475 562 praelata.

50 569 214 609 Etiam
245 570 504 610 aduersus
540 581 685 620 quem
716 568 1035 615 adfuissent,
1083 568 1194 608 eius
1235 568 1364 608 filiis
1401 574 1476 608 tu-

0 637 1 643 *
51 631 196 666 tores
226 625 418 675 relicti,
450 627 497 666 in
530 627 709 667 eadem
744 637 904 666 causa
937 625 1134 675 pupillo
1168 627 1401 666 aderant.

0 682 1 704 ³
136 683 319 724 Firmum
336 688 462 734 atqu-e
482 685 639 724 clarum
663 683 731 723 isti
748 684 807 724 rei
826 682 1109 723 testimonium
1126 683 1318 733 perhibet
1335 689 1477 723 aueto-
1497 691 1518 726 6

50 740 151 780 ritas
188 742 230 781 C.
268 741 529 789 Caesaris,
558 740 770 791 pontificis
807 740 993 787 maximi,
1028 740 1098 790 qui
1131 740 1176 779 in
1210 740 1473 786 oratione,

51 809 198 848 quam
231 809 325 849 pro
359 798 598 849 Bithynis
632 798 782 846 dixit,
819 799 898 837 hoc
918 797 1120 848 principio
1144 809 1248 838 usus
1267 804 1349 838 est:
1382 799 1474 836 Vel

49 866 148 905 pro
175 855 411 906 hospitio
443 855 583 905 regis
612 854 909 896 Nicomedis
942 856 1025 894 uel
1059 866 1149 904 pro
1180 855 1361 895 horum
1391 865 1474 894 ne-

50 911 331 961 cessitate,
378 924 596 962 quorum
626 914 716 961 [de]
759 924 810 952 re
846 911 1042 962 agitur,
1091 913 1330 962 refugere
1376 912 1473 952 hoc

49 980 254 1018 munus,
293 970 348 1010 M.
380 971 554 1017 Iunce,
592 981 690 1010 non
730 969 892 1021 potui.
955 970 1069 1009 Nam
1107 980 1275 1020 neque
1314 969 1473 1009 homi-

50 1038 167 1066 num
197 1031 362 1066 morte
395 1026 640 1067 memoria
673 1027 841 1066 deleri
875 1026 1048 1075 debet,
1089 1026 1210 1077 quin
1244 1038 1268 1065 a
1299 1026 1474 1077 proxi-

50 1083 142 1123 mis
174 1082 492 1132 retineatur,
523 1095 692 1134 neque
728 1084 951 1123 clientes
984 1083 1094 1123 sine
1129 1094 1319 1124 summa
1345 1083 1474 1123 infa-

50 1139 145 1179 mia
180 1140 358 1180 deseri
397 1147 644 1191 possunt;
693 1140 880 1191 quibus
921 1140 1074 1180 etiam
1106 1152 1129 1180 a
1160 1140 1472 1191 propinquis

49 1196 252 1237 nostris
282 1208 431 1248 opem
466 1199 608 1238 ferre
639 1198 987 1238 instituimus.

691 1312 816 1352 X1111.

51 1394 163 1441 Quod
179 1395 326 1442 Apion,
357 1394 491 1431 doctus
508 1395 621 1431 home
636 1424 644 1439 ,
671 1397 733 1442 qui
753 1396 978 1432 Plistonices
997 1396 1210 1443 appellatus
1228 1398 1304 1439 est,
1325 1394 1470 1431 uidisse

29 1455 33 1458 ’
108 1463 150 1488 se
167 1451 312 1489 Romae
338 1452 491 1500 scripsit
517 1453 819 1500 recognitionem
842 1454 936 1489 inter
963 1464 1052 1489 sese
1079 1457 1248 1489 mutuam
1275 1463 1323 1488 ex
1343 1457 1470 1489 uetere

109 1510 241 1546 nolitia
261 1508 428 1546 hominis
446 1513 481 1546 et
498 1510 637 1546 leonis.

30 1651 32 1653 -
137 1597 328 1648 Apion,
360 1597 431 1647 qui
465 1597 762 1638 ‘Plistonices'
796 1600 1030 1649 appellatus
1064 1604 1146 1646 est,
1179 1597 1308 1638 literis
1344 1597 1470 1637 homo
1490 1605 1509 1638 1

33 1663 35 1666 ⁴
58 1653 190 1695 'nultis
219 1653 433 1705 praeditus
466 1666 690 1705 rerumque
718 1656 970 1695 Graecarum
998 1655 1175 1706 plurima
1206 1660 1331 1704 atque
1356 1654 1472 1693 uaria

19 1711 229 1753 ·÷.scientia
251 1711 336 1752 fuit.
396 1711 496 1752 Eius
515 1712 606 1751 libri
624 1724 707 1752 non
725 1711 957 1752 incelebres
975 1713 1181 1760 feruntur,
1216 1711 1368 1761 quibus
1388 1722 1471 1750 om-
1487 1718 1508 1751 *2

35 1766 166 1808 nium
183 1770 325 1817 ferme,
345 1780 453 1819 quae
475 1769 648 1809 mirifica
664 1769 704 1809 in
723 1771 919 1821 Aegypto
937 1769 1131 1809 uisuntur
1147 1768 1470 1818 audiunturque,

41 1823 229 1865 ,historia
247 1826 632 1876 comprehenditur.
696 1826 781 1866 Sed
802 1827 841 1866 in
862 1827 946 1873 his,
981 1838 1089 1876 quae
1115 1827 1183 1866 uel
1211 1825 1382 1865 audisse
1407 1827 1474 1864 uel
1491 1830 1513 1865 3

53 1881 210 1932 legisse
243 1893 341 1923 sese
364 1883 481 1931 dicit,
513 1885 750 1924 fortassean
781 1884 880 1924 uitio
917 1883 1142 1933 studioque
1179 1881 1470 1923 ostentationis

55 1937 110 1978 sit
137 1939 376 1990 loquacior:
410 1946 474 1981 est
500 1940 608 1980 enim
636 1952 738 1980 sane
757 1953 881 1991 quam
899 1940 937 1980 in
958 1939 1252 1991 praedicandis
1270 1938 1470 1980 doctrinis

47 1994 144 2035 ‘suis
182 1997 442 2045 uenditator3
483 1999 563 2038 hoc
594 2003 752 2046 autem,
793 1999 908 2048 quod
944 1998 992 2036 in
1026 1997 1158 2037 libro
1188 1996 1509 2048 Aegyptia-4

56 2061 234 2093 corum
280 2053 466 2104 quinto
513 2055 703 2105 scripsit,
751 2067 888 2105 neque
929 2054 1099 2094 audisse
1132 2065 1270 2104 neque
1300 2052 1468 2103 legisse,

54 2108 134 2148 sed
149 2108 287 2159 ipsum
303 2121 399 2151 sese
415 2111 456 2151 in
473 2113 576 2152 urbe
594 2113 726 2153 Roma
743 2112 902 2153 uidisse
922 2111 1054 2152 oculis
1073 2110 1161 2151 suis
1180 2111 1412 2152 confirmat.

35 2197 42 2213 „-
72 2195 76 2198 -
142 2166 205 2206 ‘In
223 2166 334 2208 circo
351 2169 565 2218 maximo’,
582 2168 734 2218 inquit,
762 2168 1017 2209 <uenationis
1036 2168 1317 2219 amplissimae
1334 2179 1476 2218 pugna
1493 2176 1514 2208 5

2 2219 6 2227 “
55 2223 214 2272 populo
232 2223 420 2265 dabatur.
482 2225 581 2266 Eius
601 2226 681 2273 rei,
709 2228 867 2266 Romae
886 2237 980 2265 cum
998 2226 1105 2265 forte
1124 2236 1284 2274 essem,
1313 2230 1476 2276 specta·
1491 2231 1512 2267 6

34 2330 42 2338 ,Ὺ
57 2279 164 2327 tor’‚
185 2277 336 2330 inquit,
354 2282 449 2322 ‘fui
510 2283 664 2324 Multae
680 2283 734 2323 ibi
751 2283 990 2324 saeuientes
1010 2283 1142 2331 ferae,
1167 2283 1474 2334 magnitudines
1492 2287 1512 2323 7
