1603 2508
624 74 749 113 VIIII.
786 85 865 113 1111.
1368 75 1450 116 237

0 87 200 253 {eosque
220 187 355 230 omnis
373 187 535 227 duabus
558 187 762 237 proximis
785 188 979 229 noctibus
999 188 1155 230 cursim
1175 194 1370 237 transe03
1395 195 1453 229 at-

0 252 16 302 ξ
35 257 174 298 quein
190 245 371 295 legendo
390 243 530 294 carpsi
554 243 705 284 exinde
724 246 930 294 quaedam
955 251 996 285 et
1019 245 1163 287 notaui
1187 246 1387 286 mirabilia
1413 253 1454 286 et

0 302 311 366 scriptoribus
329 302 416 340 sere
433 301 589 340 nostris
613 301 858 352 intemptata
886 314 1020 352 eaque
1048 302 1111 342 his
1138 303 1450 344 commentariis

7 376 9 378 ·
33 358 216 410 aspersi,
247 362 294 398 ut
311 358 382 408 qui
406 368 481 398 cos
499 358 700 398 lectitabit
716 370 768 398 ne
786 360 902 400 rudis
921 359 1090 401 omnino
1110 366 1150 399 et
1174 354 1370 412 ἀνήκοος
1395 360 1452 399 in-

31 421 97 457 ter
117 415 355 457 istiusmodi
372 426 510 454 rerum
533 414 768 456 auditiones
788 416 1063 466 repperiatur.

112 474 242 513 Erant
271 472 396 522 igitur
430 471 471 510 in
502 471 581 511 illis
606 472 721 512 libris
750 473 904 523 scripta
930 473 1244 514 huiuscemodi:
1271 473 1452 524 Scythas
1470 476 1492 512 6

31 531 125 571 illos
139 528 436 580 penitissimos‚
451 528 521 578 qui
538 529 638 568 suh'
629 529 733 579 ipsis
752 530 1110 593 septentrionibus
1122 536 1299 570 aetatem
1313 536 1452 580 agunt,

33 587 283 638 corporibus
322 585 536 627 hominum
568 586 686 626 uesci
726 587 900 651 eiusque
932 587 1069 627 uictus
1101 588 1294 627 alimento
1325 587 1454 626 uitam

35 646 193 684 ducere
217 648 259 682 et
277 637 731 695 (ἀνθρωποφάγους’
758 644 982 692 nominari;
1011 645 1110 684 item
1143 655 1239 684 esse
1259 644 1453 684 homines

33 702 111 743 sub
152 701 299 740 eadem
334 699 506 750 regione
547 700 650 740 caeli
677 712 806 740 unuin
847 703 1014 742 oculum
1050 702 1091 740 in
1128 701 1275 742 frontis
1314 701 1451 742 medio

30 759 257 806 habentes,
292 757 361 807 qui
379 758 643 807 appellantur
669 757 901 808 Arimaspi,
928 769 1009 808 qua
1027 758 1158 798 fuisse
1178 758 1284 797 facie
1305 759 1453 809 Cyclo-

30 827 109 867 pas
146 819 299 866 poetae
329 815 485 862 serunt3
521 814 625 854 alios
656 815 754 853 item
781 825 876 854 esse
899 815 1091 855 homines
1125 815 1240 865 apud
1274 815 1453 854 eandem

32 872 136 913 caeli
156 873 322 923 plagam
340 870 590 920 singulariae
608 871 856 919 uelocitatis,
876 871 1055 921 uestigia
1072 873 1227 921 pedum
1248 871 1452 911 habentes

31 934 144 970 retro
166 933 383 979 porrecta,
410 939 512 976 non,
542 933 588 968 ut
607 933 842 968 ceterorum
863 929 1090 976 hominum,
1126 929 1453 979 pros(profi)um

30 985 249 1037 pet[entia]
275 990 316 1025 et
338 984 684 1035 antispectantia3
709 990 929 1035 praeterea
950 985 1148 1025 traditum
1176 996 1274 1025 esse
1296 996 1452 1026 memo—

31 1047 274 1092 ratumque,
300 1041 342 1081 in
379 1041 522 1081 ultima
558 1043 739 1091 quadam
774 1046 905 1090 terra,
939 1053 1046 1092 quae
1074 1042 1254 1082 Albania
1290 1042 1451 1090 dicitur,

31 1099 146 1150 gigni
181 1098 372 1138 homines
392 1131 400 1146 ‚
453 1098 523 1147 qui
564 1099 605 1137 in
652 1099 830 1148 pueritia
873 1104 1099 1138 canescant
1144 1105 1185 1138 et
1228 1101 1324 1149 plus
1367 1110 1452 1138 cer-

32 1160 133 1196 nant
155 1155 289 1196 oculis
321 1166 398 1206 per
420 1160 609 1202 noctem,
644 1167 767 1204 quam
789 1155 896 1195 inter
914 1155 1043 1204 diem;
1084 1155 1181 1195 item
1210 1167 1307 1195 esse
1332 1167 1451 1197 com-

31 1217 198 1263 pertum
233 1217 274 1252 et
311 1212 538 1259 creditum,
584 1212 878 1261 Sauromatas,
919 1212 989 1262 qui
1017 1213 1124 1252 ultra
1155 1213 1453 1263 Borysthenen

33 1269 208 1310 fluuium
232 1270 357 1319 longe
381 1269 542 1317 colunt,
577 1269 712 1308 cibum
747 1280 898 1320 capere
932 1281 1100 1320 semper
1123 1269 1270 1309 diebus
1305 1269 1451 1316 tertiis,

32 1327 170 1367 medio
189 1325 413 1366 abstinere.

7 1391 22 1418 k
115 1384 162 1424 Id
199 1383 322 1423 etiam
360 1382 400 1422 in
437 1382 571 1423 isdem
603 1382 717 1422 libris
757 1382 959 1433 scriptum
1004 1383 1286 1430 offendimus,
1335 1383 1451 1432 quod
1470 1387 1489 1422 7

7 1441 239 1492 '’postealn
255 1440 359 1480 libro
379 1439 724 1490 quoquePlinii
743 1439 977 1480 Secundi
1000 1440 1258 1480 naturalis
1283 1440 1452 1481 histo-

0 1496 146 1549 {riae
171 1496 400 1548 septimo
422 1497 514 1547 legi,
534 1508 632 1537 esse
652 1497 890 1547 quasdam
882 1502 1050 1537 interra
1074 1497 1218 1537 Africa
1236 1496 1452 1536 hominum

8 1554 207 1603 ”zfamitias
233 1565 342 1596 uoce
362 1558 487 1604 atque
515 1554 656 1604 lingua
681 1554 1036 1601 effascinantium,
1070 1554 1194 1604 quisi
1219 1553 1451 1603 impensius
1467 1560 1491 1594 8

14 1591 422 1662 {Li-'ortelaudauerint
445 1613 614 1661 pulcras
633 1611 820 1659 albores,
848 1612 1243 1661 segeteslaetiores,
1270 1610 1450 1649 infantes

14 1667 311 1723 famoeniores,
339 1667 532 1718 egregios
555 1679 703 1718 equos,
730 1669 916 1717 pecudes
940 1672 1064 1718 pastu
1087 1673 1211 1717 atque
1233 1668 1345 1706 cultu
1365 1666 1451 1716 opi-

14 1727 144 1778 fimaS,
175 1724 431 1765 emoriantur
453 1729 626 1775 repente
648 1726 751 1764 haec
778 1725 935 1772 omnia,
960 1725 1060 1763 nulli
1076 1725 1179 1763 aliae
1202 1734 1356 1763 causae
1381 1723 1452 1763 ob-

15 1780 174 1822 fsnoxia.
236 1781 375 1822 Oculis
398 1793 568 1832 quoque
598 1782 804 1821 exitialem
838 1781 1154 1821 fascinationem
1178 1781 1292 1828 fieri,
1324 1780 1365 1818 in
1398 1780 1451 1820 is-

16 1836 131 1889 {dem
156 1838 271 1879 libris
293 1838 495 1889 scriptum
513 1843 578 1878 est
600 1839 879 1888 traditurque,
903 1849 998 1878 esse
1020 1838 1212 1877 homines
1230 1837 1270 1876 in
1286 1837 1449 1887 Illyriis,

27 1895 107 1946 'qui
139 1895 376 1935 interimant
406 1895 590 1936 uidendo
626 1908 733 1945 quos
761 1896 914 1935 diutius
938 1895 1029 1934 irati
1056 1894 1256 1943 uiderint,
1289 1905 1451 1943 eosque

17 1951 154 2004 ipsos
177 1964 314 1993 mares
343 1952 617 2002 feminasque,
643 1953 712 2002 qui
729 1953 822 1992 uisu
840 1959 922 1991 tam
939 1952 1107 1993 nocenti
1129 1956 1239 1999 sunt,
1266 1951 1448 2001 pupillas

19 2007 79 2055 in
99 2008 273 2059 singulis
293 2009 425 2050 oculis
439 2009 558 2049 binas
581 2010 748 2048 habere.
777 2011 879 2049 Item
900 2020 996 2049 esse
1020 2009 1061 2048 in
1083 1983 1293 2048 montib’us
1310 2012 1448 2047 terrae
1464 2018 1487 2054 9

21 2056 178 2121 sslfndiae
195 2065 386 2107 homines
413 2065 571 2106 caninis
591 2066 795 2116 capitibus
818 2071 859 2105 et
880 2066 1124 2105 latrantibus
1149 2076 1309 2115 eosque
1331 2064 1450 2104 uesci

20 2132 176 2175 ,aluum
201 2127 243 2162 et
266 2125 447 2163 ferarum
477 2123 722 2171 uenatibus3
753 2129 878 2173 atque
902 2134 998 2162 esse
1022 2123 1120 2162 item
1142 2121 1222 2161 alia
1242 2127 1342 2172 aput
1360 2121 1450 2161 ulti-

21 2212 23 2217 .
69 2188 127 2222 aas
144 2178 316 2220 orientis
333 2184 467 2220 terras
489 2180 688 2219 miracula
714 2180 926 2227 homines,
957 2178 1026 2228 qui
1045 2179 1290 2219 ‘monocoli’
1309 2180 1450 2229 appel·

0 2263 2 2266 ψ
43 2281 55 2286 a
79 2238 196 2284 ntur,
242 2235 416 2286 singulis
449 2236 638 2276 cruribus
676 2237 853 2276 saltatim
886 2241 1122 2283 currentes,
1158 2235 1450 2276 uiuacissimae

0 2297 23 2320 ³*
70 2290 316 2341 ernicitati83
348 2293 555 2343 quosdam
590 2292 712 2331 etiam
734 2304 829 2332 esse
860 2293 981 2332 nullis
1016 2292 1270 2341 ceruicibus,
1301 2293 1448 2332 oculos
