1603 2508
682 57 712 96 l.
752 68 828 96 ΧΠ.
860 67 952 95 x111.
1469 54 1526 97 55

195 176 208 196 ‘
221 171 342 223 Capi’
361 177 500 212 autem
516 171 637 221 uirgo
656 175 884 222 propterea
900 169 981 210 dici
997 170 1175 218 uidetur,
1196 170 1291 220 quia
1307 169 1521 220 pontificis
1540 176 1586 212 13

107 229 276 270 maximi
293 240 418 269 manu
435 240 592 281 prensa
609 228 660 268 ab
680 239 729 268 eo
749 232 945 279 parente,
978 226 1018 267 in
1052 227 1170 267 cuius
1200 231 1415 278 potestate
1448 232 1525 275 est,

107 286 236 328 ueluti
263 287 373 327 bello
407 291 530 337 capta
561 285 793 325 abducitur.
869 285 925 324 In
976 285 1109 324 libro
1166 284 1330 335 primo
1380 283 1584 328 Fabii14

105 343 355 392 Pictoris,
377 355 484 394 quae
510 344 640 383 uerba
654 342 897 394 pontificem
914 342 1138 381 maximum
1157 341 1297 381 dicere
1316 346 1523 392 oporteat,

108 413 202 442 eum
220 400 425 451 uirginem
453 400 607 451 capiat,
641 399 843 450 scriptum
877 403 953 439 est.
1016 400 1076 438 Ea
1106 399 1239 438 uerba
1269 399 1373 438 haee
1405 403 1523 438 sunt:

106 458 462 499 Sacerdotem
491 459 787 503 Vestalem,
831 467 959 506 quae
992 467 1146 496 sacra
1178 455 1363 503 saciat,
1397 466 1525 506 quae

105 516 185 556 ius
224 515 329 556 siet
368 516 708 556 sacerdotem
746 515 1022 553 Vestalem
1075 514 1255 552 facere
1300 524 1393 563 pro
1437 523 1526 563 po-

106 574 227 624 pulo
257 573 489 613 Romano
524 571 841 622 Quiritibus,
882 570 955 610 uti
991 581 1129 621 quae
1171 569 1372 620 optima
1404 571 1527 619 lege

107 629 222 678 fuit,
255 629 330 669 ita
359 634 429 679 te,
460 631 665 677 Amata,
694 628 862 679 capio.

189 687 381 737 Plerique
408 691 545 727 autem
565 687 691 737 ecapi’
711 686 914 736 uirginem
930 687 1063 726 solam
1083 685 1238 724 debere
1257 683 1338 724 dici
1359 688 1520 734 putant.
1541 690 1584 725 15

104 744 193 785 Sed
210 743 401 784 flamines
420 755 591 794 quoque
606 743 761 792 Diales,
780 743 877 783 item
894 744 1118 793 pontifices
1138 747 1178 781 et
1195 752 1378 791 augures
1398 740 1525 791 ‘capi'

103 801 363 842 dicebantur.
423 801 468 841 L.
517 801 666 842 Sulla
712 812 882 840 rerum
930 806 1204 850 gestarum
1250 799 1387 838 libro
1436 803 1585 839 se-16

105 858 273 899 eundo
305 858 362 898 ita
394 858 584 910 scripsit:
633 859 675 898 P.
712 857 1024 906 Cornelius,
1060 855 1143 897 cui
1177 856 1397 907 primum
1431 866 1527 895 co-

102 926 324 966 gnomen
373 915 553 956 Sullae
596 915 898 966 impositum
944 920 1048 963 est,
1114 914 1307 954 flamen
1354 911 1526 952 Dialis

105 977 304 1023 captus.
381 973 437 1013 Μ.
487 974 610 1013 Cato
659 973 719 1012 de
765 972 1070 1020 Lusitanis,
1131 982 1240 1010 cum
1287 969 1585 1010 Seruiuml7

105 1029 318 1070 Galbam
356 1029 662 1070 accusauit:
708 1030 897 1069 Tamen
931 1029 1115 1069 dicunt
1147 1027 1385 1068 deficere
1424 1038 1526 1066 uo-

103 1086 287 1126 luisse.
321 1087 425 1137 Ego
452 1098 526 1126 me
550 1098 683 1127 nunc
710 1088 831 1126 uolo
859 1085 1304 1136 iuspontificium
1331 1083 1526 1135 optime

103 1142 273 1190 scire3
305 1142 473 1184 iamne
505 1155 563 1183 ea
596 1155 756 1183 causa
787 1143 1029 1193 pontifex
1064 1142 1281 1193 capiar?
1328 1142 1370 1181 si
1403 1142 1525 1181 uolo

103 1199 382 1250 augurium
408 1200 602 1251 optime
626 1205 828 1248 tenere,
864 1200 1049 1251 ecquis
1076 1211 1148 1239 me
1175 1199 1235 1239 ob
1262 1201 1525 1246 meam[...]

103 1267 352 1307 augurem
382 1257 592 1308 capiat?

189 1314 411 1355 Praeterea
441 1315 494 1354 in
530 1314 928 1354 commentariis
961 1313 1250 1361 Labeonis,
1287 1324 1417 1363 quae
1454 1310 1586 1351 adl&

104 1371 384 1412 duodecim
430 1372 642 1412 tabulas
690 1370 1019 1421 composuit,
1085 1371 1141 1410 ita
1188 1370 1392 1421 scriptum
1440 1373 1524 1409 est:

102 1426 266 1478 Virgo
314 1428 553 1469 Vestalis
601 1440 770 1479 neque
816 1429 969 1468 heres
1018 1434 1098 1468 est
1147 1427 1393 1477 cuiquam
1440 1425 1527 1465 in-

101 1489 333 1534 testato,
382 1497 552 1536 neque
585 1485 880 1526 intestatae
915 1485 1217 1535 quisquam,
1267 1485 1361 1524 sed
1391 1483 1527 1523 bona

103 1541 219 1582 eius
265 1542 320 1582 in
365 1542 632 1594 publicum
671 1541 843 1592 redigi
883 1541 1040 1581 aiunt.
1119 1542 1163 1581 ld
1199 1553 1281 1591 quo
1315 1541 1405 1580 iure
1440 1539 1524 1587 siat,

52 1617 55 1622 ⁸
104 1598 331 1648 quaeritur.

55 1692 57 1694 ,
192 1657 387 1696 ‘Amata’
412 1656 520 1697 inter
551 1656 799 1707 capiendum
832 1668 855 1694 a
886 1655 1085 1707 pontifice
1120 1655 1299 1695 maximo
1340 1654 1581 1704 appella-19

103 1715 191 1808 giu,
226 1713 442 1763 quoniam,
477 1724 584 1764 quae
607 1714 740 1764 prima
767 1718 888 1763 capta
905 1718 988 1760 est,
1023 1713 1103 1752 hoc
1123 1711 1254 1751 fuisse
1272 1721 1426 1751 nomen
1443 1713 1523 1749 tra-

46 1780 57 1808 ’,
136 1768 235 1809 'tum
267 1775 345 1810 est.

762 1872 867 1913 Xlll.

18 1987 19 1990 ,
106 1953 330 1999 Quaesitum
345 1965 433 1992 esse
452 1956 489 1991 in
505 1955 770 2003 philosophia,
804 1956 984 2003 quidnam
1003 1956 1099 1992 soret
1117 1956 1154 1992 in
1171 1959 1325 2002 recepto
1343 1954 1525 1991 mandato

162 2012 301 2048 rectius
314 2040 322 2056 ‚
356 2011 444 2049 idne
461 2013 613 2049 omnino
633 2013 779 2056 facere,
816 2012 917 2060 quod
935 2013 1154 2049 mandatum
1171 2017 1248 2056 est,
1278 2023 1325 2048 an
1343 2022 1527 2047 nonnum-

164 2078 278 2115 quam
297 2069 411 2106 etiam
428 2074 577 2114 contra,
612 2070 643 2106 si
660 2069 699 2106 id
717 2080 850 2117 speres
869 2072 924 2113 ei,
953 2071 1014 2116 qui
1031 2068 1248 2112 mandauit,
1276 2069 1404 2105 utilius
1423 2069 1524 2112 sore;

166 2135 354 2173 superque
373 2136 421 2162 ea
437 2128 660 2173 quaestione
678 2128 876 2174 expositae
895 2126 1072 2163 diuersae
1092 2126 1315 2162 sentcntiae.

192 2225 238 2264 ln
259 2224 408 2266 officiis
428 2225 655 2277 capiendis,
677 2226 900 2266 censendis
920 2224 1253 2275 iudicandisque,
1273 2228 1412 2276 quae
1430 2237 1527 2264 κα-
1549 2230 1567 2264 l

107 2274 393 2332 θήκοντα’
410 2282 650 2334 philosophi
667 2284 803 2334 appell
809 2287 899 2331 u‚it
934 2282 1077 2333 quaeii
1095 2283 1222 2331 solet,
1249 2293 1322 2330 an,
1349 2280 1521 2331 negotio
