1603 2508
5 0 178 42 ῤ’.»’ῑῑὲ
221 11 241 17 *-

110 42 123 44 ⁸
485 70 637 108 INDEX
678 67 1044 107 CAPITVLORVM.
1428 64 1483 109 17

49 185 139 225 item
155 193 178 222 a
202 195 262 222 me
281 185 438 223 totidem
465 186 677 233 acceperit,
697 195 793 232 quae
818 195 866 220 ex
891 183 1016 220 medio
1037 184 1302 231 communique
1325 195 1399 220 usu
1414 184 1485 220 La-

49 243 126 280 tine
140 242 375 291 loquentium
391 243 545 280 minime
562 244 696 280 Latina
723 243 796 278 sint
825 252 948 288 neque
978 241 1017 277 in
1047 245 1219 278 ueterum
1245 241 1349 277 libris
1377 252 1484 289 repe-

4 326 10 328 -
50 300 211 337 riantur.

162 356 224 393 111.
261 357 382 403 Quem
410 358 448 393 in
472 356 627 393 modum
652 360 689 392 et
714 367 827 403 quam
846 367 980 392 seuere
1010 357 1262 403 increpuerit,
1297 355 1484 392 audienti-

49 415 120 452 bus
152 414 283 460 nobis,
320 415 552 462 Peregrinus
583 412 837 461 philosophus
873 412 1162 450 adulescentem
1194 414 1407 450 Romanum
1436 425 1484 450 ex

50 472 217 520 equestri
235 472 400 516 familiar,
428 475 592 508 stantem
609 481 767 519 segnem
786 469 888 516 apud
910 481 950 506 se
971 475 1007 506 et
1026 471 1183 507 assidue
1201 471 1440 507 oscitantem.

152 528 240 566 'IIIL
273 528 385 574 Quod
414 527 650 572 Herodotus,
700 528 862 574 scriptor
904 527 1089 564 historiae
1126 529 1483 573 memoratissimus,

48 596 185 634 parum
206 597 296 622 uere
323 586 478 630 dixerit,
511 596 626 621 unam
646 586 842 631 solamque
866 585 997 631 pinum
1017 586 1195 622 arborum
1215 586 1381 621 omnium
1400 597 1486 622 cae-

50 654 134 679 sam
148 653 354 691 numquam
370 642 494 680 denuo
513 653 562 678 ex
579 642 717 678 iisdem
734 641 928 678 radicibus
955 644 1166 689 pullulare;
1201 647 1236 680 et
1262 642 1366 690 quod
1397 644 1485 679 item

127 710 228 747 aqua
257 701 416 748 pluuiali
449 704 484 736 et
508 700 595 736 niue
620 710 699 735 rem
725 710 801 735 non
828 700 920 735 satis
947 701 1183 747 exploratam
1200 711 1269 748 pro
1290 705 1484 748 comperta

49 759 238 805 posuerit.

163 814 212 850 V.
245 814 345 860 Quid
369 814 462 851 illud
487 816 553 858 sit,
575 813 677 861 quoni
702 814 897 861 Vergilius
929 817 1076 852 caelum
1104 819 1204 852 stare
1232 816 1414 863 puluere,
1448 821 1485 851 ct

50 870 154 919 quod
171 871 337 909 Lucilius
354 877 489 920 pectus
509 872 678 908 sentibus
699 875 800 907 stare
821 871 929 907 dixit.

164 929 229 965 VI.
263 929 355 966 Cum
370 934 459 977 post
475 927 777 965 offensiunculas
796 929 832 963 in
851 930 1013 975 gratiam
1034 930 1234 974 redeatur,
1264 931 1484 977 expostula-

49 985 173 1022 tiones
190 985 273 1023 fieri
299 992 448 1024 mutuas
475 987 628 1022 minime
655 986 744 1021 utile
772 996 881 1029 esse,
916 998 1105 1034 superque
1139 998 1186 1023 ea
1219 997 1258 1022 re
1291 992 1327 1023 et
1358 998 1484 1023 sermo

49 1041 166 1080 Tauri
181 1045 378 1092 expositus
396 1049 432 1080 et
457 1045 575 1080 uerba
592 1054 639 1078 ex
656 1042 910 1089 Theophrasti
941 1044 1034 1080 libro
1055 1050 1229 1091 sumpta;
1256 1049 1292 1080 et
1319 1044 1410 1091 quid
1434 1045 1485 1080 M.

51 1110 202 1147 quoque
222 1100 353 1138 Cicero
375 1101 422 1137 de
442 1112 570 1137 amore
591 1100 781 1135 amicitiae
801 1101 984 1143 senserit,
1013 1113 1098 1138 cum
1124 1102 1244 1148 ipsius
1274 1102 1401 1138 uerbis
1422 1102 1487 1138 ad-

51 1156 185 1195 ditum.
224 1203 227 1207 Α

166 1214 248 1251 VII.
279 1215 336 1251 Ex
358 1215 574 1252 Aristotelis
606 1214 721 1257 libro,
747 1215 808 1259 qui
840 1209 946 1263 [περὶ
970 1208 1147 1264 μνήμης]
1180 1217 1382 1262 inscriptus
1415 1221 1484 1253 est.

51 1271 206 1319 cognita
224 1276 457 1320 acceptaque
475 1273 522 1309 de
539 1275 675 1307 natura
693 1271 899 1307 memoriae
917 1275 953 1306 et
969 1271 1122 1316 habitu;
1156 1277 1267 1320 atque
1296 1273 1385 1309 inibi
1411 1273 1485 1309 alia

31 1359 34 1363 .
52 1327 244 1376 quaedam
261 1329 308 1366 de
325 1330 574 1367 exuberantia
593 1333 655 1364 aut
673 1328 823 1364 interitu
841 1329 922 1364 cius
939 1330 1036 1366 lecta
1054 1329 1272 1377 auditaque.

0 1387 29 1435 γ’
167 1385 264 1422 VIII.
299 1386 399 1432 Quid
428 1387 519 1424 mihi
553 1396 623 1422 usu
657 1386 821 1429 uenerit,
855 1386 1095 1434 interpretari
1113 1396 1149 1423 et
1177 1388 1285 1434 quasi
1301 1386 1483 1434 effingere

31 1448 33 1451 '
55 1443 195 1480 uolenti
212 1444 319 1480 locos
338 1444 527 1491 quosdam
545 1443 762 1479 Platonicos
781 1443 915 1479 Latina
933 1435 1116 1481 oratione.

1 1495 4 1502 “
166 1500 281 1536 VHII.
312 1501 422 1546 Quod
447 1499 736 1547 Theophrastus
764 1499 1039 1547 philosophus,
1070 1502 1192 1537 omnis
1221 1514 1314 1539 suae
1349 1503 1484 1539 aetatis

0 1551 2 1558 ⁸
53 1556 378 1604 facundissimus,
411 1560 530 1596 uerba
553 1567 679 1604 pauca
716 1556 764 1593 ad
791 1558 974 1604 populum
998 1559 1273 1595 Atheniensem
1301 1561 1482 1601 facturus,

0 1652 2 1659 y
54 1613 276 1651 deturbatus
294 1616 526 1652 uerecundia
545 1615 766 1657 obticuerit;
801 1614 978 1662 quodque
1006 1616 1107 1652 idem
1133 1616 1206 1652 hoc
1224 1616 1483 1661 Demostheni,

55 1670 160 1718 apud
174 1671 389 1719 Philippum
406 1683 536 1720 regem
556 1673 673 1709 uerba
691 1671 845 1708 facienti
860 1701 868 1716 ,
891 1673 1074 1708 eucnerit.

3 1776 5 1782 Α
43 1723 47 1728 ’
168 1727 217 1764 Χ.
257 1728 387 1774 Qualis
418 1730 509 1767 mihi
540 1730 650 1766 suerit
683 1729 719 1764 in
757 1728 898 1776 oppido
930 1729 1109 1766 Eleusine
1141 1729 1367 1777 disceptatio
1400 1742 1484 1767 cum

0 1810 8 1832 ἵ
54 1785 303 1832 grammatico
332 1786 498 1833 quodam
522 1786 800 1835 praestigiose,
838 1791 1009 1832 tempora
1037 1788 1239 1823 uerborum
1265 1792 1301 1823 et
1323 1789 1484 1834 puerilia

38 1840 326 1880 ⁷meditamenta
343 1844 564 1891 ignorante,
590 1848 819 1879 remotarum
836 1848 960 1879 autem
979 1845 1245 1890 quaestionum
1271 1845 1430 1881 nebulas
1450 1850 1485 1881 et

9 1896 11 1898 ’
39 1892 280 1940 ,formidines
298 1900 497 1948 capiendis
517 1901 777 1948 imperitorum
797 1900 933 1936 animis
952 1905 1181 1938 ostentante.

168 1955 233 1992 XI.
268 1956 390 2002 Quam
423 1959 558 1996 festiue
589 1957 833 2005 responderit
862 1956 1111 2005 Xanthippae
1150 1958 1256 1994 uxori
1290 1956 1482 1996 Socrates.

49 2007 220 2059 petenti,
237 2018 278 2050 ut
292 2025 361 2061 per
382 2014 571 2063 Dionysia
588 2015 755 2062 largiore
773 2019 924 2062 sumptu
941 2016 1164 2052 ecnitarent.

171 2069 251 2106 XII.
281 2070 381 2116 Quid
397 2072 587 2120 significet
612 2073 649 2108 in
666 2076 838 2108 ueterum
866 2073 972 2108 libris
1001 2073 1183 2119 scriptum
1210 2072 1381 2118 plerique
1407 2082 1485 2107 om-

4 2131 6 2135 “
57 2135 150 2172 nes;
179 2130 216 2164 et
238 2128 341 2175 quod
361 2139 407 2165 ea
423 2131 541 2166 uerba
563 2134 722 2176 accepta
741 2141 762 2165 a
781 2129 936 2166 Graecis
958 2129 1147 2165 uidentur.

46 2233 54 2239 ι
115 2204 127 2215 ·
173 2183 271 2221 XIII.
291 2185 318 2230 -Ι-
337 2187 550 2234 Cupsones,
567 2187 669 2234 quod
701 2186 874 2222 homines
899 2186 981 2221 Asi-i
1009 2187 1158 2231 dieunt,
1186 2197 1261 2222 non
1289 2197 1375 2222 esse
1400 2196 1484 2221 uer-

47 2236 150 2286 „bum
163 2240 369 2279 Poenicum
380 2271 389 2287 ‚
409 2244 479 2280 sed
496 2244 696 2280 Graecum.

144 2296 287 2389 GXIIII.
324 2299 579 2347 Lepidissima
611 2301 805 2338 altercatio
829 2300 1008 2336 Fauorini
1037 2300 1276 2393 philosophi2
1294 2299 1484 2336 aduersus

175 2363 315 2392 mtvs.
