1635 2492
0 0 75 87 ἔμ’
104 23 106 25 ’
286 72 289 74 ,
480 29 531 70 Χ.
560 39 695 70 xxvu.
715 40 868 70 xxv111.
888 39 1057 70 xxvnn.
1426 29 1483 71 29

0 123 22 258 ἑ,

61 143 231 197 populis
260 144 314 184 de
346 141 678 192 uniuscuiusque
704 142 939 193 republica,
978 153 1072 183 cum
1092 142 1244 184 Poenis
1266 148 1405 183 autem
1429 143 1482 184 de

0 224 15 254 ς.
63 200 248 244 omnium
267 205 474 241 terrarum
496 199 671 251 imperio
696 200 967 239 decertatum.

148 257 248 299 Eius
275 256 336 297 rei
365 257 577 309 specimen
608 260 672 296 est
698 256 738 296 in
768 256 837 296 illo
868 256 1086 306 utriusque
1106 257 1251 307 populi
1271 258 1402 298 uerbo
1427 259 1481 297 sa·
1498 265 1520 300 3

0 324 9 358 ·;
64 320 196 364 ctum,
222 324 305 365 quo
325 315 372 364 Q.
396 313 568 362 Fabius,
589 312 817 362 imperator
835 314 1062 361 Romanus,
1091 314 1204 353 dedit
1235 314 1288 353 ad
1308 315 1482 354 Kartha-

0 378 4 394 *
62 371 276 423 ginienses
293 370 528 422 epistulam.
589 370 648 410 Ibi
676 369 877 419 scriptum
899 370 991 418 suit,
1026 372 1228 421 populum
1249 371 1483 411 Romanum

0 451 1 455 =
64 427 232 470 misisse
251 428 306 468 ad
328 439 403 468 eos
424 429 586 468 hastam
608 433 650 467 et
672 427 922 474 caduceum,
947 427 1066 477 signa
1087 428 1169 468 duo
1195 427 1291 467 belli
1314 432 1384 467 aut
1413 439 1483 478 pa-

64 485 147 534 cis,
185 496 238 525 ex
261 485 375 535 quis,
414 490 550 524 utrum
570 485 745 531 uellent,
783 484 1002 534 eligerent,
1028 485 1143 534 quod
1168 484 1416 534 elegissent,
1441 484 1483 523 id

62 554 192 582 unum
209 546 256 582 ut
277 552 374 582 esse
390 541 564 582 missum
588 540 884 581 existimarent.
916 541 1285 592 Karthaginienses
1309 552 1482 591 respon·
1499 548 1522 583 4

65 599 238 647 derunt,
274 604 466 639 neutrum
490 609 586 639 sese
608 598 781 648 eligere,
821 598 898 638 sed
928 609 1077 647 posse,
1119 598 1188 648 qui
1218 597 1479 645 adtulissent,

61 660 200 696 utrum
228 657 415 704 mallent,
452 655 709 705 relinquere,
748 655 861 705 quod
890 654 1178 706 reliquissent,
1215 654 1255 694 id
1289 655 1366 694 sibi
1403 666 1478 705 pro

63 713 197 752 electo
221 713 417 753 futurum.

147 769 203 809 M.
225 774 362 810 autern
390 771 556 810 Varro
583 781 666 810 non
697 771 859 809 hastam
885 769 1018 820 ipsam
1041 780 1179 820 neque
1200 769 1337 820 ipsum
1360 770 1482 809 cadu-
1501 777 1522 809 5

64 836 184 866 ceum
208 826 337 867 missa
365 826 483 879 dicit,
531 827 607 867 sed
640 827 744 867 duas
774 827 1025 874 tesserulas,
1068 827 1109 866 in
1144 838 1318 877 quarum
1350 828 1479 866 altera

64 879 312 932 caduceum,
334 883 374 923 in
398 885 527 924 altera
547 885 690 923 hastae
712 883 931 923 simulacra
954 884 1120 924 suerunt
1141 883 1284 924 incisa.

673 997 859 1039 XXVIII.

92 1080 145 1115 De
165 1083 328 1116 aetatum
352 1078 489 1116 finibus
505 1079 690 1127 pueritiae
703 1107 711 1122 ,
739 1079 934 1122 iuuentae,
954 1083 1129 1114 senectae
1142 1107 1150 1121 ,
1174 1089 1221 1114 ex
1241 1077 1452 1114 Tuberonis

577 1135 735 1172 historia
757 1140 957 1182 sumptum.

145 1218 450 1266 (K.)Tubero
474 1216 514 1257 in
537 1217 879 1258 historiarum
903 1217 1064 1268 primo
1091 1216 1270 1267 scripsit,
1289 1216 1481 1257 Seruium
1500 1223 1519 1258 1

63 1272 260 1322 Tullium,
296 1285 439 1324 regem
460 1274 606 1325 populi
629 1273 827 1322 Romani,
872 1285 964 1313 cum
991 1273 1080 1313 illas
1112 1273 1296 1323 quinque
1320 1274 1479 1313 classes

64 1329 294 1379 [seniorum
323 1334 379 1379 et]
417 1331 624 1372 iuniorum
664 1342 817 1371 census
853 1330 1031 1370 faciendi
1066 1330 1197 1380 gratia
1234 1330 1479 1377 institueret,

63 1389 269 1437 ‘pueros’
296 1398 393 1428 esse
416 1388 693 1436 existimasse,
717 1387 786 1438 qui
808 1387 990 1428 minores
1016 1394 1159 1428 essent
1180 1387 1298 1427 annis
1319 1393 1481 1437 septem

62 1443 228 1492 decem,
260 1449 386 1494 atque
416 1444 513 1485 inde
541 1445 591 1485 ab
619 1456 727 1485 anno
761 1444 938 1495 septimo
970 1444 1155 1492 decimo,
1192 1456 1274 1495 quo
1301 1444 1480 1484 idoneos

62 1498 143 1540 iam
162 1511 260 1541 esse
286 1500 539 1552 reipublicae
560 1502 847 1550 arbitraretur,
872 1501 1023 1542 milites
1043 1501 1286 1549 scribsisse,
1320 1512 1481 1550 eosque

62 1557 117 1596 ad
133 1568 287 1597 annum
309 1558 673 1608 quadragesimum
698 1563 863 1599 sextum
892 1562 903 1580 ‘
919 1558 1128 1599 iuniores’
1150 1568 1365 1610 supraque
1387 1568 1480 1598 eum

63 1625 217 1654 annum
240 1613 479 1655 ‘seniores’
504 1616 754 1666 appellasse.

146 1671 248 1711 Eam
275 1682 363 1711 rem
389 1677 616 1722 propterea
643 1671 805 1718 notaui,
832 1678 875 1711 ut
906 1671 1162 1720 discrimina,
1195 1683 1302 1722 quae
1332 1670 1519 1712 fuerint2

63 1725 213 1767 iudicio
247 1727 519 1778 moribusque
551 1728 752 1768 maiorum
791 1727 1056 1777 epueritiae’‚
1100 1728 1357 1776 eiuuentae’,
1390 1731 1479 1768 ‘se-

0 1786 4 1790 '
62 1787 246 1832 nectae’‚
283 1795 335 1824 ex
363 1783 443 1825 Ista
471 1784 669 1825 censione
700 1784 818 1824 Serui
847 1784 970 1832 Tulli,
1011 1783 1324 1835 prudentissimi
1353 1785 1477 1835 regis,

63 1845 350 1881 BOSCCrentur.

668 1954 868 1995 XXVIIII.

62 2030 174 2076 Quod
197 2031 384 2079 particula
407 2036 519 2080 atque
542 2043 618 2069 non
640 2034 881 2081 complexiua
905 2037 1045 2069 tantum
1068 2034 1127 2077 sit,
1154 2033 1223 2070 sed
1243 2034 1319 2071 uim
1338 2033 1479 2073 habeat

531 2090 743 2137 plusculam
759 2090 991 2137 uariamque.

144 2179 334 2229 ‘Atque'
361 2178 562 2230 particula
586 2191 609 2219 a
631 2179 908 2230 grammaticis
932 2179 1098 2231 quidem
1120 2181 1358 2223 coniunctio
1381 2195 1478 2225 esse
1499 2191 1515 2225 l

0 2229 8 2281 Ξ
64 2232 213 2276 dicitur
242 2235 461 2276 conexiua.
523 2237 574 2276 Et
608 2238 854 2288 plerumque
885 2248 986 2278 sane
1025 2237 1235 2290 coniungit
1274 2240 1405 2280 uerba
1437 2246 1479 2281 et
