<?xml version="1.0" encoding="UTF-8"?>
<!DOCTYPE html PUBLIC "-//W3C//DTD XHTML 1.0 Transitional//EN"
    "http://www.w3.org/TR/xhtml1/DTD/xhtml1-transitional.dtd">
<html xmlns="http://www.w3.org/1999/xhtml" xml:lang="en" lang="en">
 <head>
  <title>
</title>
<meta http-equiv="Content-Type" content="text/html;charset=utf-8" />
  <meta name='ocr-system' content='tesseract 3.04.00' />
  <meta name='ocr-capabilities' content='ocr_page ocr_carea ocr_par ocr_line ocrx_word'/>
</head>
<body>
  <div class='ocr_page' id='page_1' title='image "./agelliinoctivmat00gelluoft_0390.png"; bbox 0 0 1619 2476; ppageno 0'>
   <div class='ocr_carea' id='block_1_1' title="bbox 109 38 1152 85">
    <p class='ocr_par' dir='ltr' id='par_1_1' title="bbox 109 38 1152 85">
     <span class='ocr_line' id='line_1_1' title="bbox 109 38 1152 85; baseline -0.005 -5"><span class='ocrx_word' id='word_1_1' title='bbox 109 38 190 80; x_wconf 85' lang='lat'>104</span> <span class='ocrx_word' id='word_1_2' title='bbox 463 38 566 78; x_wconf 84' lang='lat' dir='ltr'>xm.</span> <span class='ocrx_word' id='word_1_3' title='bbox 584 49 683 77; x_wconf 85' lang='lat' dir='ltr'>xxx.</span> <span class='ocrx_word' id='word_1_4' title='bbox 700 47 816 76; x_wconf 79' lang='lat' dir='ltr'>xxxi.</span> <span class='ocrx_word' id='word_1_5' title='bbox 836 41 1023 84; x_wconf 84' lang='lat' dir='ltr'>(xxvnn.</span> <span class='ocrx_word' id='word_1_6' title='bbox 1034 41 1152 85; x_wconf 86' lang='lat' dir='ltr'>xxx.)</span> 
     </span>
    </p>
   </div>
   <div class='ocr_carea' id='block_1_2' title="bbox 65 147 1515 529">
    <p class='ocr_par' dir='ltr' id='par_1_2' title="bbox 65 147 1515 529">
     <span class='ocr_line' id='line_1_2' title="bbox 108 147 1513 198; baseline -0.002 -6"><span class='ocrx_word' id='word_1_7' title='bbox 108 151 210 192; x_wconf 83' lang='lat' dir='ltr'>caeli</span> <span class='ocrx_word' id='word_1_8' title='bbox 228 156 268 190; x_wconf 90' lang='lat' dir='ltr'>et</span> <span class='ocrx_word' id='word_1_9' title='bbox 284 149 407 190; x_wconf 89' lang='lat' dir='ltr'>maris</span> <span class='ocrx_word' id='word_1_10' title='bbox 435 148 623 195; x_wconf 78' lang='lat' dir='ltr'>‘facies&#39;,</span> <span class='ocrx_word' id='word_1_11' title='bbox 651 147 686 188; x_wconf 90' lang='lat' dir='ltr'>si</span> <span class='ocrx_word' id='word_1_12' title='bbox 709 147 957 197; x_wconf 82' lang='lat' dir='ltr'>tempestiue</span> <span class='ocrx_word' id='word_1_13' title='bbox 982 147 1161 196; x_wconf 80' lang='lat' dir='ltr'>dicatur,</span> <span class='ocrx_word' id='word_1_14' title='bbox 1188 148 1322 198; x_wconf 86' lang='lat' dir='ltr'>probe</span> <span class='ocrx_word' id='word_1_15' title='bbox 1350 147 1513 189; x_wconf 85' lang='lat' dir='ltr'>dieitur.</span> 
     </span>
     <span class='ocr_line' id='line_1_3' title="bbox 65 203 1513 250; baseline -0.003 -1"><span class='ocrx_word' id='word_1_16' title='bbox 65 207 350 250; x_wconf 70' lang='lat' dir='ltr'>ssallustii</span> <span class='ocrx_word' id='word_1_17' title='bbox 382 206 510 245; x_wconf 84' lang='lat' dir='ltr'>uerba</span> <span class='ocrx_word' id='word_1_18' title='bbox 551 210 648 244; x_wconf 88' lang='lat' dir='ltr'>sunt</span> <span class='ocrx_word' id='word_1_19' title='bbox 687 215 739 244; x_wconf 89' lang='lat' dir='ltr'>ex</span> <span class='ocrx_word' id='word_1_20' title='bbox 770 203 999 244; x_wconf 84' lang='lat' dir='ltr'>historia</span> <span class='ocrx_word' id='word_1_21' title='bbox 1028 205 1289 245; x_wconf 86' lang='lat' dir='ltr'>secunda:</span> <span class='ocrx_word' id='word_1_22' title='bbox 1339 205 1513 244; x_wconf 89' lang='lat' dir='ltr'>Sardi-</span> 
     </span>
     <span class='ocr_line' id='line_1_4' title="bbox 108 260 1513 310; baseline -0.003 -6"><span class='ocrx_word' id='word_1_23' title='bbox 108 265 193 304; x_wconf 88' lang='lat' dir='ltr'>nia</span> <span class='ocrx_word' id='word_1_24' title='bbox 215 262 462 303; x_wconf 85' lang='lat' dir='ltr'>inAfrieo</span> <span class='ocrx_word' id='word_1_25' title='bbox 490 261 614 300; x_wconf 85' lang='lat' dir='ltr'>mari</span> <span class='ocrx_word' id='word_1_26' title='bbox 640 261 770 300; x_wconf 80' lang='lat' dir='ltr'>facie</span> <span class='ocrx_word' id='word_1_27' title='bbox 793 260 1008 310; x_wconf 83' lang='lat' dir='ltr'>uestigii</span> <span class='ocrx_word' id='word_1_28' title='bbox 1033 260 1238 300; x_wconf 88' lang='lat' dir='ltr'>humani</span> <span class='ocrx_word' id='word_1_29' title='bbox 1263 260 1311 300; x_wconf 89' lang='lat' dir='ltr'>in</span> <span class='ocrx_word' id='word_1_30' title='bbox 1340 261 1513 301; x_wconf 88' lang='lat' dir='ltr'>orien-</span> 
     </span>
     <span class='ocr_line' id='line_1_5' title="bbox 70 316 1515 369; baseline -0.002 -9"><span class='ocrx_word' id='word_1_31' title='bbox 70 327 208 364; x_wconf 83' lang='lat' dir='ltr'>6tem</span> <span class='ocrx_word' id='word_1_32' title='bbox 251 331 394 369; x_wconf 85' lang='lat' dir='ltr'>quam</span> <span class='ocrx_word' id='word_1_33' title='bbox 428 317 752 359; x_wconf 82' lang='lat' dir='ltr'>occidentem</span> <span class='ocrx_word' id='word_1_34' title='bbox 783 317 942 357; x_wconf 88' lang='lat' dir='ltr'>latior</span> <span class='ocrx_word' id='word_1_35' title='bbox 972 316 1244 367; x_wconf 82' lang='lat' dir='ltr'><strong>prominet.</strong></span> <span class='ocrx_word' id='word_1_36' title='bbox 1305 317 1415 357; x_wconf 87' lang='lat' dir='ltr'>Eece</span> <span class='ocrx_word' id='word_1_37' title='bbox 1445 329 1515 357; x_wconf 88' lang='lat' dir='ltr'>au-</span> 
     </span>
     <span class='ocr_line' id='line_1_6' title="bbox 107 372 1514 426; baseline -0.003 -10"><span class='ocrx_word' id='word_1_38' title='bbox 107 384 189 416; x_wconf 86' lang='lat' dir='ltr'>tem</span> <span class='ocrx_word' id='word_1_39' title='bbox 219 376 260 415; x_wconf 90' lang='lat' dir='ltr'>id</span> <span class='ocrx_word' id='word_1_40' title='bbox 293 386 461 426; x_wconf 86' lang='lat' dir='ltr'>quoque</span> <span class='ocrx_word' id='word_1_41' title='bbox 492 375 530 413; x_wconf 88' lang='lat' dir='ltr'>in</span> <span class='ocrx_word' id='word_1_42' title='bbox 565 380 744 413; x_wconf 83' lang='lat' dir='ltr'><strong>mentem</strong></span> <span class='ocrx_word' id='word_1_43' title='bbox 772 373 898 421; x_wconf 87' lang='lat' dir='ltr'>uenit,</span> <span class='ocrx_word' id='word_1_44' title='bbox 931 373 1043 422; x_wconf 88' lang='lat' dir='ltr'>quod</span> <span class='ocrx_word' id='word_1_45' title='bbox 1074 372 1196 412; x_wconf 86' lang='lat' dir='ltr'>etiam</span> <span class='ocrx_word' id='word_1_46' title='bbox 1224 373 1441 413; x_wconf 83' lang='lat' dir='ltr'>Plautus</span> <span class='ocrx_word' id='word_1_47' title='bbox 1473 373 1514 412; x_wconf 89' lang='lat' dir='ltr'>in</span> 
     </span>
     <span class='ocr_line' id='line_1_7' title="bbox 107 428 1513 480; baseline -0.003 -8"><span class='ocrx_word' id='word_1_48' title='bbox 107 435 134 472; x_wconf 86' lang='lat' dir='ltr'>P</span> <span class='ocrx_word' id='word_1_49' title='bbox 147 433 331 473; x_wconf 85' lang='lat' dir='ltr'>oenulo</span> <span class='ocrx_word' id='word_1_50' title='bbox 351 431 530 470; x_wconf 71' lang='lat' dir='ltr'>‘faeiem&#39;</span> <span class='ocrx_word' id='word_1_51' title='bbox 544 442 618 480; x_wconf 84' lang='lat' dir='ltr'>pro</span> <span class='ocrx_word' id='word_1_52' title='bbox 637 430 764 470; x_wconf 87' lang='lat' dir='ltr'>totius</span> <span class='ocrx_word' id='word_1_53' title='bbox 778 430 966 480; x_wconf 85' lang='lat' dir='ltr'>corporis</span> <span class='ocrx_word' id='word_1_54' title='bbox 986 429 1226 479; x_wconf 84' lang='lat' dir='ltr'>colorisque</span> <span class='ocrx_word' id='word_1_55' title='bbox 1242 428 1383 468; x_wconf 87' lang='lat' dir='ltr'>habitu</span> <span class='ocrx_word' id='word_1_56' title='bbox 1400 429 1513 468; x_wconf 86' lang='lat' dir='ltr'>dixit.</span> 
     </span>
     <span class='ocr_line' id='line_1_8' title="bbox 107 488 684 529; baseline -0.003 -2"><span class='ocrx_word' id='word_1_57' title='bbox 107 489 247 529; x_wconf 73' lang='lat' dir='ltr'>Verba</span> <span class='ocrx_word' id='word_1_58' title='bbox 262 488 426 528; x_wconf 86' lang='lat' dir='ltr'>Plauti</span> <span class='ocrx_word' id='word_1_59' title='bbox 448 488 549 526; x_wconf 86' lang='lat' dir='ltr'>haee</span> <span class='ocrx_word' id='word_1_60' title='bbox 567 492 684 527; x_wconf 83' lang='lat' dir='ltr'>sunt:</span> 
     </span>
    </p>
   </div>
   <div class='ocr_carea' id='block_1_3' title="bbox 108 564 1516 1010">
    <p class='ocr_par' dir='ltr' id='par_1_3' title="bbox 108 564 1516 1010">
     <span class='ocr_line' id='line_1_9' title="bbox 108 564 1516 630; baseline -0.004 -20"><span class='ocrx_word' id='word_1_61' title='bbox 108 572 182 618; x_wconf 61' lang='lat' dir='ltr'>[R]</span> <span class='ocrx_word' id='word_1_62' title='bbox 222 570 310 610; x_wconf 85' lang='lat' dir='ltr'>Set</span> <span class='ocrx_word' id='word_1_63' title='bbox 350 568 519 608; x_wconf 78' lang='lat' dir='ltr'>earum</span> <span class='ocrx_word' id='word_1_64' title='bbox 564 567 737 606; x_wconf 86' lang='lat' dir='ltr'>nutrix</span> <span class='ocrx_word' id='word_1_65' title='bbox 776 566 873 616; x_wconf 80' lang='lat' dir='ltr'>qua</span> <span class='ocrx_word' id='word_1_66' title='bbox 916 566 981 606; x_wconf 84' lang='lat' dir='ltr'>sit</span> <span class='ocrx_word' id='word_1_67' title='bbox 1021 566 1178 630; x_wconf 79' lang='lat' dir='ltr'>faeie,</span> <span class='ocrx_word' id='word_1_68' title='bbox 1224 565 1383 614; x_wconf 68' lang='lat' dir='ltr'>mimi)</span> <span class='ocrx_word' id='word_1_69' title='bbox 1425 564 1516 604; x_wconf 77' lang='lat' dir='ltr'>ex-</span> 
     </span>
     <span class='ocr_line' id='line_1_10' title="bbox 110 624 1515 731; baseline -0.004 -9"><span class='ocrx_word' id='word_1_70' title='bbox 110 683 196 731; x_wconf 37' lang='lat' dir='ltr'><strong>[M‘]</strong></span> <span class='ocrx_word' id='word_1_71' title='bbox 246 681 460 722; x_wconf 78' lang='lat' dir='ltr'>Statura</span> <span class='ocrx_word' id='word_1_72' title='bbox 506 687 529 728; x_wconf 85' lang='lat'>†</span> <span class='ocrx_word' id='word_1_73' title='bbox 571 693 668 721; x_wconf 85' lang='lat' dir='ltr'>non</span> <span class='ocrx_word' id='word_1_74' title='bbox 719 624 1205 729; x_wconf 43' lang='lat' dir='ltr'>magna‚pee‹(il1l··pore</span> <span class='ocrx_word' id='word_1_75' title='bbox 1261 677 1515 728; x_wconf 85' lang='lat' dir='ltr'>aquilost.</span> 
     </span>
     <span class='ocr_line' id='line_1_11' title="bbox 832 731 1260 786; baseline -0.002 -11"><span class='ocrx_word' id='word_1_76' title='bbox 832 737 907 784; x_wconf 87' lang='lat' dir='ltr'><strong>[P.]</strong></span> <span class='ocrx_word' id='word_1_77' title='bbox 940 731 1070 786; x_wconf 90' lang='lat' dir='ltr'>&#39;Ipsa</span> <span class='ocrx_word' id='word_1_78' title='bbox 1099 738 1260 783; x_wconf 87' lang='lat' dir='ltr'>e[a]st.</span> 
     </span>
     <span class='ocr_line' id='line_1_12' title="bbox 111 788 1515 855; baseline -0.004 -20"><span class='ocrx_word' id='word_1_79' title='bbox 111 797 196 844; x_wconf 79' lang='lat' dir='ltr'>[M.]</span> <span class='ocrx_word' id='word_1_80' title='bbox 231 794 421 844; x_wconf 78' lang='lat' dir='ltr'>Specie</span> <span class='ocrx_word' id='word_1_81' title='bbox 447 799 670 834; x_wconf 86' lang='lat' dir='ltr'>uenusta</span> <span class='ocrx_word' id='word_1_82' title='bbox 694 790 1370 855; x_wconf 62' lang='lat' dir='ltr'>01&#39;e[aeque]atf1ueoculis</span> <span class='ocrx_word' id='word_1_83' title='bbox 1401 788 1515 840; x_wconf 78' lang='lat' dir='ltr'>per-</span> 
     </span>
     <span class='ocr_line' id='line_1_13' title="bbox 112 860 1516 1000; baseline -0.011 -44"><span class='ocrx_word' id='word_1_84' title='bbox 112 909 186 956; x_wconf 83' lang='lat' dir='ltr'><strong>[P.]</strong></span> <span class='ocrx_word' id='word_1_85' title='bbox 255 906 484 948; x_wconf 81' lang='lat' dir='ltr'>Formam</span> <span class='ocrx_word' id='word_1_86' title='bbox 537 906 744 956; x_wconf 74' lang='lat' dir='ltr'>quidem</span> <span class='ocrx_word' id='word_1_87' title='bbox 800 860 1220 1000; x_wconf 50' lang='lat' dir='ltr'>herelnelgirie&#39;sr&#39;bis</span> <span class='ocrx_word' id='word_1_88' title='bbox 1271 899 1516 953; x_wconf 82' lang='lat' dir='ltr'>depinxti</span> 
     </span>
     <span class='ocr_line' id='line_1_14' title="bbox 949 972 1131 1010; baseline -0.005 -10"><span class='ocrx_word' id='word_1_89' title='bbox 949 972 1041 1010; x_wconf 86' lang='lat' dir='ltr'>pro</span> <span class='ocrx_word' id='word_1_90' title='bbox 1089 972 1131 1000; x_wconf 91' lang='lat' dir='ltr'>e.</span> 
     </span>
    </p>
   </div>
   <div class='ocr_carea' id='block_1_4' title="bbox 72 1049 1517 1160">
    <p class='ocr_par' dir='ltr' id='par_1_4' title="bbox 72 1049 1517 1160">
     <span class='ocr_line' id='line_1_15' title="bbox 72 1049 1517 1103; baseline -0.003 -9"><span class='ocrx_word' id='word_1_91' title='bbox 72 1057 93 1094; x_wconf 87' lang='grc'>7</span> <span class='ocrx_word' id='word_1_92' title='bbox 114 1054 333 1095; x_wconf 82' lang='lat' dir='ltr'>Praeterea</span> <span class='ocrx_word' id='word_1_93' title='bbox 351 1053 534 1101; x_wconf 79' lang='lat' dir='ltr'>memini,</span> <span class='ocrx_word' id='word_1_94' title='bbox 565 1054 594 1103; x_wconf 83' lang='lat' dir='ltr'><strong>Q</strong></span> <span class='ocrx_word' id='word_1_95' title='bbox 610 1052 967 1102; x_wconf 85' lang='lat' dir='ltr'>uadrigarium</span> <span class='ocrx_word' id='word_1_96' title='bbox 994 1050 1042 1090; x_wconf 90' lang='lat' dir='ltr'>in</span> <span class='ocrx_word' id='word_1_97' title='bbox 1070 1049 1517 1091; x_wconf 83' lang='lat' dir='ltr'>undeuicensimo</span> 
     </span>
     <span class='ocr_line' id='line_1_16' title="bbox 112 1105 1356 1160; baseline -0.003 -11"><span class='ocrx_word' id='word_1_98' title='bbox 112 1110 292 1149; x_wconf 79' lang='lat' dir='ltr'>‘faciem&#39;</span> <span class='ocrx_word' id='word_1_99' title='bbox 318 1122 394 1160; x_wconf 87' lang='lat' dir='ltr'>pro</span> <span class='ocrx_word' id='word_1_100' title='bbox 420 1115 576 1149; x_wconf 82' lang='lat' dir='ltr'>statura</span> <span class='ocrx_word' id='word_1_101' title='bbox 594 1110 805 1159; x_wconf 85' lang='lat' dir='ltr'>totiusque</span> <span class='ocrx_word' id='word_1_102' title='bbox 824 1107 1013 1158; x_wconf 88' lang='lat' dir='ltr'>eorporis</span> <span class='ocrx_word' id='word_1_103' title='bbox 1036 1108 1169 1157; x_wconf 85' lang='lat' dir='ltr'>figura</span> <span class='ocrx_word' id='word_1_104' title='bbox 1186 1105 1356 1146; x_wconf 83' lang='lat' dir='ltr'>dixisse.</span> 
     </span>
    </p>
   </div>
   <div class='ocr_carea' id='block_1_5' title="bbox 648 1220 989 1268">
    <p class='ocr_par' dir='ltr' id='par_1_5' title="bbox 648 1220 989 1268">
     <span class='ocr_line' id='line_1_17' title="bbox 648 1220 989 1268; baseline -0.003 -7"><span class='ocrx_word' id='word_1_105' title='bbox 648 1221 793 1261; x_wconf 83' lang='lat' dir='ltr'><strong>XXXI.</strong></span> <span class='ocrx_word' id='word_1_106' title='bbox 826 1220 989 1268; x_wconf 84' lang='lat' dir='ltr'>(XXX.)</span> 
     </span>
    </p>
   </div>
   <div class='ocr_carea' id='block_1_6' title="bbox 259 1299 1374 1347">
    <p class='ocr_par' dir='ltr' id='par_1_6' title="bbox 259 1299 1374 1347">
     <span class='ocr_line' id='line_1_18' title="bbox 259 1299 1374 1347; baseline -0.004 -8"><span class='ocrx_word' id='word_1_107' title='bbox 259 1304 358 1347; x_wconf 76' lang='lat' dir='ltr'>Quid</span> <span class='ocrx_word' id='word_1_108' title='bbox 385 1305 430 1339; x_wconf 82' lang='lat' dir='ltr'>sit</span> <span class='ocrx_word' id='word_1_109' title='bbox 452 1305 487 1338; x_wconf 83' lang='lat' dir='ltr'>in</span> <span class='ocrx_word' id='word_1_110' title='bbox 510 1308 635 1339; x_wconf 79' lang='lat' dir='ltr'>satura</span> <span class='ocrx_word' id='word_1_111' title='bbox 658 1304 708 1338; x_wconf 80' lang='lat' dir='ltr'>M.</span> <span class='ocrx_word' id='word_1_112' title='bbox 730 1303 937 1338; x_wconf 76' lang='lat' dir='ltr'>Varronis:</span> <span class='ocrx_word' id='word_1_113' title='bbox 963 1302 1137 1336; x_wconf 83' lang='lat' dir='ltr'>caninum</span> <span class='ocrx_word' id='word_1_114' title='bbox 1159 1299 1374 1347; x_wconf 80' lang='lat' dir='ltr'>prandium.</span> 
     </span>
    </p>
   </div>
   <div class='ocr_carea' id='block_1_7' title="bbox 71 1384 1521 2272">
    <p class='ocr_par' dir='ltr' id='par_1_7' title="bbox 72 1384 1521 1666">
     <span class='ocr_line' id='line_1_19' title="bbox 72 1384 1519 1437; baseline -0.006 -6"><span class='ocrx_word' id='word_1_115' title='bbox 72 1397 92 1431; x_wconf 85' lang='lat'>1</span> <span class='ocrx_word' id='word_1_116' title='bbox 198 1390 414 1430; x_wconf 82' lang='lat' dir='ltr'>Laudabat</span> <span class='ocrx_word' id='word_1_117' title='bbox 429 1389 752 1437; x_wconf 86' lang='lat' dir='ltr'>uenditabatque</span> <span class='ocrx_word' id='word_1_118' title='bbox 776 1399 822 1426; x_wconf 88' lang='lat' dir='ltr'>se</span> <span class='ocrx_word' id='word_1_119' title='bbox 841 1398 975 1436; x_wconf 83' lang='lat' dir='ltr'>nuper</span> <span class='ocrx_word' id='word_1_120' title='bbox 992 1386 1197 1436; x_wconf 84' lang='lat' dir='ltr'>quispiam</span> <span class='ocrx_word' id='word_1_121' title='bbox 1216 1385 1257 1425; x_wconf 93' lang='lat' dir='ltr'>in</span> <span class='ocrx_word' id='word_1_122' title='bbox 1275 1384 1440 1424; x_wconf 84' lang='lat' dir='ltr'>libraria</span> <span class='ocrx_word' id='word_1_123' title='bbox 1455 1395 1519 1424; x_wconf 91' lang='lat' dir='ltr'>se—</span> 
     </span>
     <span class='ocr_line' id='line_1_20' title="bbox 113 1439 1521 1496; baseline -0.006 -9"><span class='ocrx_word' id='word_1_124' title='bbox 113 1449 218 1487; x_wconf 88' lang='lat' dir='ltr'>dens</span> <span class='ocrx_word' id='word_1_125' title='bbox 236 1447 362 1486; x_wconf 91' lang='lat' dir='ltr'>homo</span> <span class='ocrx_word' id='word_1_126' title='bbox 385 1446 572 1496; x_wconf 82' lang='lat' dir='ltr'>ineptus,</span> <span class='ocrx_word' id='word_1_127' title='bbox 600 1444 830 1494; x_wconf 85' lang='lat' dir='ltr'>gloriosus,</span> <span class='ocrx_word' id='word_1_128' title='bbox 853 1449 1064 1492; x_wconf 82' lang='lat' dir='ltr'>tamquam</span> <span class='ocrx_word' id='word_1_129' title='bbox 1080 1454 1189 1482; x_wconf 90' lang='lat' dir='ltr'>unus</span> <span class='ocrx_word' id='word_1_130' title='bbox 1211 1446 1326 1481; x_wconf 88' lang='lat' dir='ltr'>esset</span> <span class='ocrx_word' id='word_1_131' title='bbox 1348 1441 1389 1480; x_wconf 90' lang='lat' dir='ltr'>in</span> <span class='ocrx_word' id='word_1_132' title='bbox 1407 1439 1521 1480; x_wconf 90' lang='lat' dir='ltr'>omni</span> 
     </span>
     <span class='ocr_line' id='line_1_21' title="bbox 113 1496 1519 1548; baseline -0.006 -4"><span class='ocrx_word' id='word_1_133' title='bbox 113 1505 228 1544; x_wconf 84' lang='lat' dir='ltr'>caelo</span> <span class='ocrx_word' id='word_1_134' title='bbox 264 1507 564 1542; x_wconf 85' lang='lat' dir='ltr'>saturarum</span> <span class='ocrx_word' id='word_1_135' title='bbox 595 1501 649 1540; x_wconf 89' lang='lat' dir='ltr'>M.</span> <span class='ocrx_word' id='word_1_136' title='bbox 679 1500 939 1539; x_wconf 82' lang='lat' dir='ltr'>Varronis</span> <span class='ocrx_word' id='word_1_137' title='bbox 967 1504 1202 1547; x_wconf 81' lang='lat' dir='ltr'>enarrator,</span> <span class='ocrx_word' id='word_1_138' title='bbox 1235 1509 1337 1548; x_wconf 88' lang='lat' dir='ltr'>quas</span> <span class='ocrx_word' id='word_1_139' title='bbox 1368 1496 1519 1548; x_wconf 87' lang='lat' dir='ltr'>partim</span> 
     </span>
     <span class='ocr_line' id='line_1_22' title="bbox 114 1552 1520 1611; baseline -0.006 -11"><span class='ocrx_word' id='word_1_140' title='bbox 114 1559 364 1611; x_wconf 82' lang='lat' dir='ltr'>Cynicas,</span> <span class='ocrx_word' id='word_1_141' title='bbox 399 1558 466 1597; x_wconf 88' lang='lat' dir='ltr'>alii</span> <span class='ocrx_word' id='word_1_142' title='bbox 496 1557 813 1607; x_wconf 86' lang='lat' dir='ltr'>Menippeas</span> <span class='ocrx_word' id='word_1_143' title='bbox 843 1557 1066 1607; x_wconf 87' lang='lat' dir='ltr'>appellant.</span> <span class='ocrx_word' id='word_1_144' title='bbox 1127 1556 1178 1594; x_wconf 88' lang='lat' dir='ltr'>Et</span> <span class='ocrx_word' id='word_1_145' title='bbox 1213 1554 1391 1594; x_wconf 85' lang='lat' dir='ltr'>iaciebat</span> <span class='ocrx_word' id='word_1_146' title='bbox 1421 1552 1520 1592; x_wconf 88' lang='lat' dir='ltr'>inde</span> 
     </span>
     <span class='ocr_line' id='line_1_23' title="bbox 114 1608 1518 1666; baseline -0.004 -11"><span class='ocrx_word' id='word_1_147' title='bbox 114 1616 320 1666; x_wconf 79' lang='lat' dir='ltr'>quaedam</span> <span class='ocrx_word' id='word_1_148' title='bbox 336 1626 420 1655; x_wconf 91' lang='lat' dir='ltr'>non</span> <span class='ocrx_word' id='word_1_149' title='bbox 439 1614 664 1653; x_wconf 91' lang='lat' dir='ltr'>admodum</span> <span class='ocrx_word' id='word_1_150' title='bbox 682 1612 881 1661; x_wconf 82' lang='lat' dir='ltr'>difficilia,</span> <span class='ocrx_word' id='word_1_151' title='bbox 904 1613 957 1652; x_wconf 89' lang='lat' dir='ltr'>ad</span> <span class='ocrx_word' id='word_1_152' title='bbox 979 1623 1085 1662; x_wconf 88' lang='lat' dir='ltr'>quae</span> <span class='ocrx_word' id='word_1_153' title='bbox 1103 1610 1362 1651; x_wconf 87' lang='lat' dir='ltr'>eoniieienda</span> <span class='ocrx_word' id='word_1_154' title='bbox 1379 1608 1518 1659; x_wconf 89' lang='lat' dir='ltr'>adspi-</span> 
     </span>
    </p>

    <p class='ocr_par' dir='ltr' id='par_1_8' title="bbox 72 1666 1519 1722">
     <span class='ocr_line' id='line_1_24' title="bbox 72 1666 1519 1722; baseline -0.005 -12"><span class='ocrx_word' id='word_1_155' title='bbox 72 1675 95 1710; x_wconf 80' lang='lat'>2</span> <span class='ocrx_word' id='word_1_156' title='bbox 113 1684 205 1712; x_wconf 82' lang='lat' dir='ltr'>rare</span> <span class='ocrx_word' id='word_1_157' title='bbox 226 1683 357 1722; x_wconf 85' lang='lat' dir='ltr'>posse</span> <span class='ocrx_word' id='word_1_158' title='bbox 378 1671 584 1711; x_wconf 87' lang='lat' dir='ltr'>neminem</span> <span class='ocrx_word' id='word_1_159' title='bbox 602 1670 778 1709; x_wconf 81' lang='lat' dir='ltr'>dicebat.</span> <span class='ocrx_word' id='word_1_160' title='bbox 838 1671 939 1708; x_wconf 92' lang='lat' dir='ltr'>Tum</span> <span class='ocrx_word' id='word_1_161' title='bbox 956 1669 1063 1709; x_wconf 86' lang='lat' dir='ltr'>forte</span> <span class='ocrx_word' id='word_1_162' title='bbox 1088 1678 1165 1717; x_wconf 84' lang='lat' dir='ltr'>ego</span> <span class='ocrx_word' id='word_1_163' title='bbox 1181 1678 1276 1707; x_wconf 92' lang='lat' dir='ltr'>eum</span> <span class='ocrx_word' id='word_1_164' title='bbox 1300 1666 1448 1706; x_wconf 84' lang='lat' dir='ltr'>librum</span> <span class='ocrx_word' id='word_1_165' title='bbox 1465 1676 1519 1704; x_wconf 88' lang='lat' dir='ltr'>ex</span> 
     </span>
    </p>

    <p class='ocr_par' dir='ltr' id='par_1_9' title="bbox 71 1721 1520 2004">
     <span class='ocr_line' id='line_1_25' title="bbox 71 1721 1500 1776; baseline -0.004 -11"><span class='ocrx_word' id='word_1_166' title='bbox 71 1731 94 1765; x_wconf 81' lang='lat'><strong>3</strong></span> <span class='ocrx_word' id='word_1_167' title='bbox 112 1730 244 1769; x_wconf 87' lang='lat' dir='ltr'>isdem</span> <span class='ocrx_word' id='word_1_168' title='bbox 269 1728 419 1768; x_wconf 80' lang='lat' dir='ltr'>saturis</span> <span class='ocrx_word' id='word_1_169' title='bbox 437 1728 632 1775; x_wconf 81' lang='lat' dir='ltr'>ferebam,</span> <span class='ocrx_word' id='word_1_170' title='bbox 660 1721 820 1776; x_wconf 69' lang='lat' dir='ltr'>qui‘I&#39;d</span> <span class='ocrx_word' id='word_1_171' title='bbox 831 1739 855 1776; x_wconf 81' lang='grc' dir='ltr'><em>ρ</em></span> <span class='ocrx_word' id='word_1_172' title='bbox 868 1738 890 1764; x_wconf 93' lang='lat' dir='ltr'>o</span> <span class='ocrx_word' id='word_1_173' title='bbox 903 1739 928 1765; x_wconf 84' lang='grc' dir='ltr'><strong><em>κ</em></strong></span> <span class='ocrx_word' id='word_1_174' title='bbox 943 1721 973 1764; x_wconf 83' lang='grc' dir='ltr'><em>ύ</em></span> <span class='ocrx_word' id='word_1_175' title='bbox 984 1738 1017 1764; x_wconf 89' lang='grc' dir='ltr'><strong>ω</strong></span> <span class='ocrx_word' id='word_1_176' title='bbox 1028 1737 1056 1763; x_wconf 89' lang='grc' dir='ltr'><strong><em>ν</em></strong></span> <span class='ocrx_word' id='word_1_177' title='bbox 1073 1723 1298 1773; x_wconf 86' lang='lat' dir='ltr'>inscriptus</span> <span class='ocrx_word' id='word_1_178' title='bbox 1315 1727 1393 1762; x_wconf 90' lang='lat' dir='ltr'>est.</span> <span class='ocrx_word' id='word_1_179' title='bbox 1420 1721 1500 1760; x_wconf 88' lang='lat' dir='ltr'>Pro</span> 
     </span>
     <span class='ocr_line' id='line_1_26' title="bbox 114 1776 1518 1836; baseline -0.007 -11"><span class='ocrx_word' id='word_1_180' title='bbox 114 1786 206 1836; x_wconf 80' lang='lat' dir='ltr'>pius</span> <span class='ocrx_word' id='word_1_181' title='bbox 228 1785 352 1834; x_wconf 84' lang='lat' dir='ltr'>igitur</span> <span class='ocrx_word' id='word_1_182' title='bbox 373 1783 536 1824; x_wconf 81' lang='lat' dir='ltr'>accessi</span> <span class='ocrx_word' id='word_1_183' title='bbox 553 1789 612 1823; x_wconf 89' lang='lat' dir='ltr'>et:</span> <span class='ocrx_word' id='word_1_184' title='bbox 647 1782 805 1830; x_wconf 72' lang='lat' dir='ltr'>‘nosti&#39;,</span> <span class='ocrx_word' id='word_1_185' title='bbox 832 1783 1013 1832; x_wconf 88' lang='lat' dir='ltr'>inquam,</span> <span class='ocrx_word' id='word_1_186' title='bbox 1033 1779 1258 1829; x_wconf 60' lang='lat' dir='ltr'>magister,</span> <span class='ocrx_word' id='word_1_187' title='bbox 1283 1778 1459 1818; x_wconf 88' lang='lat' dir='ltr'>uerbum</span> <span class='ocrx_word' id='word_1_188' title='bbox 1474 1776 1518 1815; x_wconf 87' lang='lat' dir='ltr'>il-</span> 
     </span>
     <span class='ocr_line' id='line_1_27' title="bbox 113 1832 1518 1887; baseline -0.006 -6"><span class='ocrx_word' id='word_1_189' title='bbox 113 1843 182 1882; x_wconf 88' lang='lat' dir='ltr'>lud</span> <span class='ocrx_word' id='word_1_190' title='bbox 203 1842 362 1881; x_wconf 84' lang='lat' dir='ltr'>seilicet</span> <span class='ocrx_word' id='word_1_191' title='bbox 386 1853 408 1880; x_wconf 92' lang='lat' dir='ltr'>e</span> <span class='ocrx_word' id='word_1_192' title='bbox 427 1840 598 1880; x_wconf 84' lang='lat' dir='ltr'>Graecia</span> <span class='ocrx_word' id='word_1_193' title='bbox 623 1844 766 1887; x_wconf 88' lang='lat' dir='ltr'>uetus,</span> <span class='ocrx_word' id='word_1_194' title='bbox 793 1838 990 1878; x_wconf 82' lang='lat' dir='ltr'>musicam</span> <span class='ocrx_word' id='word_1_195' title='bbox 1007 1869 1016 1886; x_wconf 91' lang='lat'>,</span> <span class='ocrx_word' id='word_1_196' title='bbox 1048 1847 1155 1887; x_wconf 90' lang='lat' dir='ltr'>quae</span> <span class='ocrx_word' id='word_1_197' title='bbox 1177 1835 1231 1875; x_wconf 87' lang='lat' dir='ltr'>sit</span> <span class='ocrx_word' id='word_1_198' title='bbox 1258 1832 1518 1880; x_wconf 84' lang='lat' dir='ltr'>abscondita,</span> 
     </span>
     <span class='ocr_line' id='line_1_28' title="bbox 115 1890 1520 1945; baseline -0.006 -8"><span class='ocrx_word' id='word_1_199' title='bbox 115 1910 204 1937; x_wconf 83' lang='lat' dir='ltr'>eam</span> <span class='ocrx_word' id='word_1_200' title='bbox 229 1909 325 1937; x_wconf 88' lang='lat' dir='ltr'>esse</span> <span class='ocrx_word' id='word_1_201' title='bbox 350 1896 450 1937; x_wconf 91' lang='lat' dir='ltr'>nulli</span> <span class='ocrx_word' id='word_1_202' title='bbox 465 1896 550 1936; x_wconf 86' lang='lat' dir='ltr'>rei?</span> <span class='ocrx_word' id='word_1_203' title='bbox 578 1907 652 1936; x_wconf 94' lang='lat' dir='ltr'>oro</span> <span class='ocrx_word' id='word_1_204' title='bbox 676 1906 776 1945; x_wconf 84' lang='lat' dir='ltr'>ergo</span> <span class='ocrx_word' id='word_1_205' title='bbox 798 1900 857 1942; x_wconf 89' lang='lat' dir='ltr'>te,</span> <span class='ocrx_word' id='word_1_206' title='bbox 892 1897 1006 1944; x_wconf 86' lang='lat' dir='ltr'>legas</span> <span class='ocrx_word' id='word_1_207' title='bbox 1031 1893 1110 1933; x_wconf 91' lang='lat' dir='ltr'>hos</span> <span class='ocrx_word' id='word_1_208' title='bbox 1132 1902 1285 1932; x_wconf 91' lang='lat' dir='ltr'>uersus</span> <span class='ocrx_word' id='word_1_209' title='bbox 1313 1890 1520 1940; x_wconf 83' lang='lat' dir='ltr'>pauculos</span> 
     </span>
     <span class='ocr_line' id='line_1_29' title="bbox 115 1945 1520 2004; baseline -0.006 -11"><span class='ocrx_word' id='word_1_210' title='bbox 115 1960 154 1993; x_wconf 86' lang='lat' dir='ltr'>et</span> <span class='ocrx_word' id='word_1_211' title='bbox 172 1953 383 2004; x_wconf 88' lang='lat' dir='ltr'>prouerbii</span> <span class='ocrx_word' id='word_1_212' title='bbox 399 1952 530 2000; x_wconf 87' lang='lat' dir='ltr'>istius,</span> <span class='ocrx_word' id='word_1_213' title='bbox 553 1953 668 2002; x_wconf 89' lang='lat' dir='ltr'>quod</span> <span class='ocrx_word' id='word_1_214' title='bbox 683 1951 723 1991; x_wconf 92' lang='lat' dir='ltr'>in</span> <span class='ocrx_word' id='word_1_215' title='bbox 745 1952 808 1991; x_wconf 85' lang='lat' dir='ltr'>his</span> <span class='ocrx_word' id='word_1_216' title='bbox 825 1950 1017 1991; x_wconf 89' lang='lat' dir='ltr'>uersibus</span> <span class='ocrx_word' id='word_1_217' title='bbox 1043 1953 1119 1996; x_wconf 84' lang='lat' dir='ltr'>est,</span> <span class='ocrx_word' id='word_1_218' title='bbox 1137 1946 1385 1988; x_wconf 89' lang='lat' dir='ltr'>sententiam</span> <span class='ocrx_word' id='word_1_219' title='bbox 1403 1945 1520 1985; x_wconf 82' lang='lat' dir='ltr'>dicas</span> 
     </span>
    </p>

    <p class='ocr_par' dir='ltr' id='par_1_10' title="bbox 77 2001 1518 2061">
     <span class='ocr_line' id='line_1_30' title="bbox 77 2001 1518 2061; baseline -0.007 -11"><span class='ocrx_word' id='word_1_220' title='bbox 77 2017 98 2051; x_wconf 76' lang='lat'><strong>4</strong></span> <span class='ocrx_word' id='word_1_221' title='bbox 114 2010 242 2049; x_wconf 84' lang='lat' dir='ltr'>mihi&#39;.</span> <span class='ocrx_word' id='word_1_222' title='bbox 305 2011 467 2061; x_wconf 72' lang='lat' dir='ltr'>‘Lege&#39;‚</span> <span class='ocrx_word' id='word_1_223' title='bbox 497 2008 642 2058; x_wconf 88' lang='lat' dir='ltr'>inquit,</span> <span class='ocrx_word' id='word_1_224' title='bbox 671 2012 731 2047; x_wconf 79' lang='lat' dir='ltr'>‘tu</span> <span class='ocrx_word' id='word_1_225' title='bbox 749 2007 845 2047; x_wconf 87' lang='lat' dir='ltr'>mihi</span> <span class='ocrx_word' id='word_1_226' title='bbox 864 2006 1004 2057; x_wconf 89' lang='lat' dir='ltr'>potius</span> <span class='ocrx_word' id='word_1_227' title='bbox 1019 2038 1028 2054; x_wconf 91' lang='lat'>‚</span> <span class='ocrx_word' id='word_1_228' title='bbox 1061 2015 1168 2055; x_wconf 89' lang='lat' dir='ltr'>quae</span> <span class='ocrx_word' id='word_1_229' title='bbox 1190 2014 1275 2044; x_wconf 89' lang='lat' dir='ltr'>non</span> <span class='ocrx_word' id='word_1_230' title='bbox 1299 2001 1518 2051; x_wconf 84' lang='lat' dir='ltr'>intellegis,</span> 
     </span>
    </p>

    <p class='ocr_par' dir='ltr' id='par_1_11' title="bbox 78 2060 1521 2272">
     <span class='ocr_line' id='line_1_31' title="bbox 78 2060 1521 2115; baseline -0.008 -8"><span class='ocrx_word' id='word_1_231' title='bbox 78 2075 100 2107; x_wconf 81' lang='lat'>5</span> <span class='ocrx_word' id='word_1_232' title='bbox 118 2071 161 2105; x_wconf 89' lang='lat' dir='ltr'>ut</span> <span class='ocrx_word' id='word_1_233' title='bbox 184 2077 232 2105; x_wconf 88' lang='lat' dir='ltr'>ea</span> <span class='ocrx_word' id='word_1_234' title='bbox 248 2065 320 2105; x_wconf 83' lang='lat' dir='ltr'>tibi</span> <span class='ocrx_word' id='word_1_235' title='bbox 340 2077 417 2115; x_wconf 85' lang='lat' dir='ltr'>ego</span> <span class='ocrx_word' id='word_1_236' title='bbox 439 2067 659 2104; x_wconf 85' lang='lat' dir='ltr'>enarrem’.</span> <span class='ocrx_word' id='word_1_237' title='bbox 721 2065 956 2113; x_wconf 73' lang='lat' dir='ltr'>‘Quonam&#39;‚</span> <span class='ocrx_word' id='word_1_238' title='bbox 987 2062 1175 2112; x_wconf 86' lang='lat' dir='ltr'>inquam,</span> <span class='ocrx_word' id='word_1_239' title='bbox 1210 2063 1222 2082; x_wconf 78' lang='lat'><strong>‘</strong></span> <span class='ocrx_word' id='word_1_240' title='bbox 1235 2064 1358 2110; x_wconf 89' lang='lat' dir='ltr'>paeto</span> <span class='ocrx_word' id='word_1_241' title='bbox 1382 2060 1521 2107; x_wconf 83' lang='lat' dir='ltr'>legere</span> 
     </span>
     <span class='ocr_line' id='line_1_32' title="bbox 115 2116 1521 2172; baseline -0.007 -10"><span class='ocrx_word' id='word_1_242' title='bbox 115 2133 192 2171; x_wconf 79' lang='lat' dir='ltr'>ego</span> <span class='ocrx_word' id='word_1_243' title='bbox 213 2133 400 2172; x_wconf 87' lang='lat' dir='ltr'>possum,</span> <span class='ocrx_word' id='word_1_244' title='bbox 420 2132 528 2170; x_wconf 91' lang='lat' dir='ltr'>quae</span> <span class='ocrx_word' id='word_1_245' title='bbox 545 2132 629 2161; x_wconf 92' lang='lat' dir='ltr'>non</span> <span class='ocrx_word' id='word_1_246' title='bbox 647 2121 885 2170; x_wconf 87' lang='lat' dir='ltr'>adsequor?</span> <span class='ocrx_word' id='word_1_247' title='bbox 909 2116 1148 2158; x_wconf 84' lang='lat' dir='ltr'>indistincta</span> <span class='ocrx_word' id='word_1_248' title='bbox 1164 2126 1344 2166; x_wconf 89' lang='lat' dir='ltr'>namque</span> <span class='ocrx_word' id='word_1_249' title='bbox 1365 2118 1407 2155; x_wconf 90' lang='lat' dir='ltr'>et</span> <span class='ocrx_word' id='word_1_250' title='bbox 1423 2124 1521 2153; x_wconf 87' lang='lat' dir='ltr'>con—</span> 
     </span>
     <span class='ocr_line' id='line_1_33' title="bbox 113 2169 1520 2227; baseline -0.007 -10"><span class='ocrx_word' id='word_1_251' title='bbox 113 2178 205 2216; x_wconf 82' lang='lat' dir='ltr'>fusa</span> <span class='ocrx_word' id='word_1_252' title='bbox 237 2178 358 2226; x_wconf 86' lang='lat' dir='ltr'>fient,</span> <span class='ocrx_word' id='word_1_253' title='bbox 392 2188 498 2227; x_wconf 87' lang='lat' dir='ltr'>quae</span> <span class='ocrx_word' id='word_1_254' title='bbox 531 2178 696 2226; x_wconf 82' lang='lat' dir='ltr'>legero,</span> <span class='ocrx_word' id='word_1_255' title='bbox 727 2182 767 2215; x_wconf 87' lang='lat' dir='ltr'>et</span> <span class='ocrx_word' id='word_1_256' title='bbox 797 2182 909 2215; x_wconf 87' lang='lat' dir='ltr'>tuam</span> <span class='ocrx_word' id='word_1_257' title='bbox 933 2184 1102 2224; x_wconf 84' lang='lat' dir='ltr'>quoque</span> <span class='ocrx_word' id='word_1_258' title='bbox 1125 2171 1354 2222; x_wconf 83' lang='lat' dir='ltr'>impedient</span> <span class='ocrx_word' id='word_1_259' title='bbox 1388 2169 1520 2208; x_wconf 87' lang='lat' dir='ltr'>inten-</span> 
     </span>
     <span class='ocr_line' id='line_1_34' title="bbox 112 2233 297 2272; baseline 0.005 -1"><span class='ocrx_word' id='word_1_260' title='bbox 112 2233 297 2272; x_wconf 81' lang='lat' dir='ltr'>tionem&#39;.</span> 
     </span>
    </p>
   </div>
  </div>
 </body>
</html>
