1619 2476
138 60 219 101 176
674 19 679 31 ἱ
697 59 748 97 V.
780 70 850 97 xv,
881 69 969 96 xvr.

93 181 116 216 5
133 172 225 212 Alio
246 183 412 221 quoque
430 171 554 210 modo
575 182 727 220 corpus
745 181 840 209 esse
858 169 1002 209 Graeci
1021 169 1162 209 dicunt
1187 166 1258 209 ‘vo
1284 169 1412 222 τριχῇ
1429 166 1531 210 διά-

97 237 120 274 6
136 231 335 269 στατον’.
399 227 482 266 Sed
498 238 646 266 uocem
664 226 831 266 Stoici
848 237 1001 276 eorpus
1020 237 1115 265 esse
1134 227 1402 274 contendunt,
1423 237 1529 266 eam-

99 292 120 328 7
138 296 218 335 que
237 296 331 324 esse
349 285 490 323 dicunt
513 283 637 322 ictum
668 294 786 330 aera,
814 283 958 322 Plato
992 287 1128 321 autem
1152 293 1234 321 non
1261 293 1356 322 esse
1380 294 1530 322 uocem

138 352 290 390 corpus
309 345 446 391 putat:
480 343 580 379 ‘non
600 339 705 378 enim
723 343 980 388 percussus'‚
1013 338 1155 387 inquit,
1188 341 1288 386 ε661,
1315 339 1392 378 sed
1407 339 1531 388 plaga

97 406 120 440 8
136 397 226 446 ipsa
243 402 367 446 atque
383 395 621 447 percussio,
639 396 680 434 id
696 407 780 435 uox
796 397 899 434 est'.
960 395 1110 434 Demo
1125 405 1145 433 6
1159 394 1292 433 ritus
1315 405 1362 433 ac
1380 394 1529 434 deinde

136 453 395 502 Epicuius
434 464 486 492 ex
521 451 741 491 indiuiduis
784 450 1030 501 corpoiibus
1060 461 1210 490 uocem
1250 455 1442 490 constare
1474 451 1530 488 di-

138 514 235 548 cunt
272 521 466 559 eamque,
500 514 544 548 ut
579 508 680 558 ipsis
719 519 863 547 e01um
900 507 1039 546 uerbis
1071 512 1184 554 uta1‚
1226 505 1393 559 ῥεῦμα
1424 500 1531 546 ἀτό-

101 569 259 617 9μων’
292 567 513 615 appellant.
589 565 675 604 Hos
715 563 903 612 aliosque
931 562 1021 602 talis
1056 568 1225 612 argutae
1257 562 1530 603 delectabilis-

141 633 220 671 que
250 622 433 661 desidiae
468 623 637 661 aculeos
670 632 763 660 cum
798 619 1032 659 audiremus
1059 620 1125 658 uel
1153 619 1430 659 lectitaremus
1463 630 1530 658 ne-

139 689 219 727 que
258 678 297 716 in
339 678 400 717 his
438 677 642 727 scrupulis
683 682 753 716 aut
792 676 1113 715 emolumentum
1145 675 1314 725 aliquod
1353 675 1532 715 solidum

138 734 191 773 ad
229 734 431 773 rationem
473 733 581 773 uitae
620 733 831 783 pertinens
872 737 940 771 aut
978 731 1101 770 finem
1139 733 1267 771 ullum
1306 732 1532 781 quaerendi

137 790 391 838 uideremus,
447 789 734 829 Ennianum
787 788 1182 838 Neoptolemum
1237 788 1531 839 probabamus,

138 846 207 895 qui
231 847 418 897 profecto
445 846 501 885 ita
526 846 599 884 ait:

342 967 349 975 .
390 934 874 985 philosophandum
913 941 989 974 est
1034 934 1235 985 paucis:
1283 945 1392 973 nam
1435 945 1529 973 om-

823 991 941 1030 nino
982 990 1099 1030 haut
1137 992 1325 1040 placet.

778 1115 885 1155 XVI.

370 1198 421 1233 De
455 1198 492 1233 ui
523 1198 715 1233 oculorum
747 1196 867 1243 deque
894 1196 1048 1232 uidendi
1080 1196 1300 1231 rationibus.

101 1300 120 1332 1
221 1297 280 1335 De
303 1295 471 1335 uidendi
495 1295 656 1335 ratione
681 1296 816 1344 deque
842 1293 1038 1333 cernendi
1062 1297 1208 1332 natura
1228 1291 1416 1331 diuersas
1437 1302 1533 1331 esse

98 1355 120 1389 2
138 1351 355 1402 opiniones
385 1352 729 1401 philosophorum
755 1349 1132 1389 animaduertimus.
1195 1347 1364 1387 Stoici
1382 1358 1533 1387 causas

139 1419 234 1448 esse
271 1407 440 1447 uidendi
479 1407 620 1447 dicunt
659 1405 868 1446 radiorum
901 1417 952 1445 ex
984 1404 1113 1445 oculis
1141 1403 1181 1443 in
1215 1415 1284 1451 ea,
1332 1415 1438 1453 quae
1477 1403 1534 1444 ui-

101 1467 124 1502 3
141 1463 228 1503 deri
246 1468 419 1513 queunt,
447 1463 709 1503 emissionem
736 1462 928 1511 aerisque
947 1462 1066 1502 simul
1087 1460 1369 1500 intentionem.
1416 1459 1533 1510 Epi-

139 1532 292 1560 curus
330 1520 486 1559 afluere
518 1531 683 1569 semper
724 1530 776 1558 ex
808 1518 997 1558 omnibus
1031 1516 1277 1567 corporibus
1314 1516 1534 1556 simulacra

140 1577 343 1626 quaedam
363 1588 585 1627 corporum
602 1576 789 1626 ipsorum
807 1586 940 1624 eaque
966 1585 1062 1614 sese
1086 1573 1125 1612 in
1145 1575 1290 1613 oculos
1307 1572 1459 1612 inferre
1477 1578 1537 1611 at-

99 1634 219 1682 4que
251 1632 306 1671 ita
336 1632 426 1672 fieri
454 1644 625 1672 sensum
655 1631 820 1671 uidendi
843 1635 971 1682 putat.
1032 1631 1177 1669 Plato
1210 1628 1434 1676 existimat,
1467 1639 1535 1678 36-

138 1700 215 1728 nus
256 1689 465 1738 quoddam
507 1688 612 1738 ignis
652 1687 838 1737 lucisque
877 1688 928 1726 de
968 1685 1098 1727 oculis
1137 1685 1249 1725 exire
1277 1685 1403 1735 idque
1439 1696 1534 1724 con-

138 1745 320 1784 iunctum
338 1746 701 1794 continuatun·1que
727 1746 794 1784 uel
813 1756 904 1783 cum
929 1745 1019 1782 luce
1037 1742 1137 1782 solis
1163 1743 1230 1782 uel
1248 1753 1341 1781 cum
1365 1740 1533 1780 alterius

138 1800 243 1850 ignis
272 1802 441 1850 lumine,
482 1813 558 1841 sua
591 1801 632 1841 ui
667 1806 705 1840 et
736 1804 907 1840 externa
939 1799 1077 1838 nixum
1108 1798 1295 1846 efficere,
1332 1802 1377 1837 ut
1413 1808 1534 1847 quae-

101 1860 122 1894 5
141 1868 317 1906 cumque
341 1857 563 1897 offendeiit
589 1857 673 1896 inlu
677 1856 955 1906 st1‘1ue11tque
981 1866 1211 1894 cernamus.
1274 1831 1360 1894 Sed
1387 1853 1452 1901 hic
1471 1864 1532 1900 ea,

139 1924 246 1976 quae
295 1925 379 1953 non
425 1914 576 1954 diutius
613 1913 925 1963 muginandum‚
972 1911 1242 1974 eiusdemque
1288 1910 1396 1950 illius
1442 1911 1535 1949 En-

138 1969 277 2008 niani
314 1970 650 2021 Neoptolemi,
688 1970 738 2008 de
773 1981 854 2018 quo
887 1980 1014 2018 supia
1055 1967 1319 2018 scripsimus,
1360 1965 1533 2006 consilio

137 2026 334 2065 utendum
353 2032 436 2079 est,
455 2026 523 2076 qui
541 2027 877 2075 ‘degustandum'
898 2037 949 2065 ex
964 2023 1226 2074 philosophia
1244 2027 1408 2075 censet,
1433 2024 1534 2062 ‘non

138 2080 177 2118 in
197 2093 286 2121 eam
304 2082 654 2133 ingurgitandum’
661 2112 669 2121 .
