1619 2476
137 74 219 115 113
720 72 841 111 XIIII.
869 83 948 111 1111.
967 85 1005 111 v.

136 192 272 226 autem
295 185 412 225 istius
436 183 740 234 significatione
766 183 945 233 intellegi
967 184 1118 232 uoluit,
1150 183 1347 232 iudicem,
1380 183 1448 234 qui
1473 185 1535 224 Iu-

136 242 269 283 stitiae
300 240 472 280 antistes
506 245 594 288 est,
630 245 825 289 oportere
859 250 955 280 esse
995 251 1187 290 grauem,
1220 245 1429 288 sanctum,
1463 252 1537 280 se-

135 309 293 345 uerum,
328 297 626 346 incorruptum,
655 296 946 336 inadulabilem
966 301 1196 346 contraque
1226 296 1441 347 improbos
1463 308 1535 336 no-

136 358 364 403 centesque
402 352 759 393 inmisericordem
787 357 912 402 atque
945 352 1242 392 inexorabilem
1267 358 1535 403 erectumque

135 416 176 449 et
202 411 376 450 arduum
399 421 447 448 ac
478 413 709 459 potentem,
741 409 782 448 ui
820 414 861 448 et
892 409 1106 449 maiestate
1140 408 1357 459 aequitatis
1387 409 1536 449 uerita-

94 466 270 516 4tisque
315 466 553 505 terrificum
627 465 769 505 Ve1ba
816 464 908 515 ipsa
958 465 1244 534 Chrysippi
1291 466 1342 506 de
1379 465 1537 530 Iustitia

136 523 408 572 scriptahaec
426 528 541 562 sunt:
567 520 864 587 Παρθένος
888 518 942 562 δὲ
978 515 1122 562 εἶναι
1153 520 1372 574 λέγεται
1403 518 1536 562 κατὰ

136 573 422 643 σύμβολον
457 591 554 618 του
591 571 947 641 ἀδιάφθορος
977 572 1121 618 εἶναι
1153 574 1244 618 καὶ
1280 577 1537 632 μηδαμως

136 630 430 699 ἐνδιδόναι
467 639 581 683 τοῖς
619 629 989 699 κακούργοις,
1026 631 1164 687 μηδὲ
1203 635 1536 688 προσίεσθαι

135 688 266 743 μήτε
305 687 436 740 τούς
468 689 740 739 ἐπιεικεῖς
779 685 984 743 λόγους
1019 688 1153 757 μήτε
1195 691 1537 759 παραίτησιν

135 744 225 787 καὶ
255 746 454 811 δέησιν
489 742 623 800 μήτε
672 747 973 787 κολακείαν
1007 744 1146 801 μήτε
1189 742 1331 789 αλλο
1367 744 1536 801 μηδὲν

134 804 241 843 τῶν
280 798 567 844 τοιούτων·
615 794 697 851 οἷς
732 798 1060 853 ἀκολούθως
1094 801 1184 845 καὶ
1221 802 1535 870 σκυθρωπὴ

135 855 410 913 γράφεται
455 857 547 900 καὶ
592 855 942 913 συνεστηκὸς
976 859 1180 926 ἔχουσα
1216 856 1272 902 τὸ
1315 856 1536 926 npo'po‘co—

135 929 238 957 πον
272 914 360 957 καὶ
391 916 625 957 ἔντονον
656 914 744 956 και
776 912 1042 970 δεδορκὸς
1068 914 1370 971 βλέπουσα,
1399 911 1535 957 ω’στε

134 978 247 1021 τοῖς
289 970 390 1025 μὲν
423 968 648 1022 ἀδίκοις
686 968 876 1042 φόβον
892 971 1168 1027 ἐμποιεῖν,
1210 979 1325 1022 τοῖς
1361 961 1418 1014 δε
1451 972 1538 1014 δι-

135 1030 322 1077 καίοις
373 1024 606 1094 θαρσος·
661 1034 775 1078 τοῖς
823 1026 922 1083 μὲν
969 1030 1321 1099 προσφιλοῦς
1372 1023 1537 1078 ὄντος

134 1086 231 1126 τοῦ
258 1081 522 1127 τοιούτου
550 1081 872 1139 προσώπου,
900 1090 1016 1135 τοῖς
1043 1083 1099 1127 δὲ
1129 1084 1338 1141 ἑτέροις
1370 1098 1536 1139 προς-

134 1138 351 1190 άντους.

97 1207 118 1241 5
220 1199 333 1238 Haec
357 1200 485 1238 uerba
509 1199 788 1250 Chrysippi
815 1211 864 1240 co
893 1199 1016 1239 etiam
1039 1200 1168 1250 magis
1185 1200 1383 1250 ponenda
1399 1198 1520 1239 existi

134 1255 262 1300 mani,
297 1260 342 1294 ut
379 1260 571 1306 prompta
595 1257 647 1295 ad
681 1256 1031 1296 considerandum
1065 1255 1414 1304 iudicandumque
1440 1255 1533 1302 sint,

135 1311 329 1359 quoniam
364 1312 595 1361 legentibus
627 1323 675 1350 ea
715 1312 834 1351 nobis
871 1311 1131 1351 delicatiores
1165 1311 1332 1361 quidam
1355 1311 1535 1361 discipli-

134 1378 279 1406 narum
302 1367 541 1417 philosophi
559 1367 764 1407 Saeuitiae
788 1367 1006 1417 imaginem
1026 1366 1148 1407 istam
1165 1378 1281 1415 esse,
1311 1378 1394 1408 non
1418 1367 1535 1407 Iusti-

134 1422 232 1470 tiae,
268 1423 471 1463 dixerunt.

814 1527 864 1564 V.

164 1609 225 1644 Lis
245 1613 355 1655 atque
377 1609 561 1644 contentio
586 1611 916 1655 grammaticorum
936 1609 1078 1646 Romae
1105 1611 1315 1646 inlustrium
1335 1612 1506 1645 enarrata

305 1676 418 1711 super
440 1677 533 1701 casu
554 1665 726 1701 uocanuo
754 1667 944 1710 uocabuu‚
972 1666 1073 1713 quod
1094 1666 1362 1714 estegregius.

95 1772 109 1804 1
216 1765 418 1804 Defessus
452 1775 530 1814 ego
555 1765 764 1814 quondam
801 1765 956 1805 diutina
991 1765 1337 1805 commentatione
1367 1764 1534 1804 laxandi

135 1820 384 1869 leuandique
406 1819 527 1859 animi
563 1821 692 1870 gratia
722 1821 761 1860 in
779 1821 990 1872 Agrippae
1025 1832 1170 1871 campo
1203 1821 1531 1861 deambulabam.

135 1878 276 1926 Atque
306 1876 360 1915 ibi
396 1876 502 1916 duos
535 1878 639 1917 forte
674 1878 966 1926 grammaticos
1000 1877 1266 1928 conspicatus
1297 1888 1381 1916 non
1411 1877 1530 1927 parui

134 1932 175 1970 in
211 1933 314 1972 urbe
349 1933 482 1973 Roma
526 1932 722 1981 nominis,
768 1933 982 1974 certationi
1016 1945 1160 1974 eorum
1201 1932 1426 1973 acerrimae
1461 1934 1530 1972 ad-

135 1987 211 2035 fui,
257 2000 350 2028 cum
389 1990 491 2028 alter
532 1990 572 2028 in
609 2000 709 2029 casu
742 1989 936 2030 uocatiuo
977 1989 1063 2029 ‘uir
1103 1989 1265 2039 egregi’
1307 1988 1529 2029 dicendum

137 2045 428 2093 contenderet,
465 2047 568 2085 alter
598 2045 685 2085 ‘uir
717 2046 921 2096 egregie’.

96 2101 118 2134 2
228 2101 345 2140 Ratio
377 2106 514 2140 autem
537 2102 644 2150 eius,
679 2102 749 2152 qui
784 2102 968 2152 ‘egregi’
994 2106 1188 2151 oportere
1215 2100 1294 2141 dici
1319 2101 1529 2147 censebat,

135 2155 422 2197 huiuscemodi
449 2157 542 2197 fuit:
575 2159 929 2207 ‘Quaecumque’‚
961 2157 1110 2207 inquit,
1141 2157 1325 2198 ‘nomina
1351 2168 1427 2197 seu
1457 2168 1528 2197 uo-

136 2212 282 2251 cabula
321 2218 434 2253 recto
471 2225 571 2254 casu
607 2226 778 2254 numero
811 2213 1008 2263 singulari
1037 2225 1087 2253 us
1124 2214 1285 2265 syllaba
1318 2213 1535 2259 finiuntur„

133 2266 173 2305 in
192 2268 340 2316 quibus
357 2274 450 2308 ante
466 2269 649 2309 ultimam
673 2271 873 2320 syllabam
893 2269 1029 2319 posita
1049 2269 1290 2319 estilitera‚
1321 2280 1370 2309 ea
1391 2268 1528 2310 omnia
