1603 2508
531 426 1031 487 [PRAEFATIO-J

16 645 34 664 f·
63 657 65 659 .

16 657 29 725 f
151 688 166 734 [
183 715 193 724 .
214 713 225 724 .
245 715 254 725 .
272 689 287 734 ]
333 665 594 728 Iucundiora
612 685 691 724 alia
709 686 883 737 reperiri
904 691 1084 736 queunt;
1110 691 1150 725 at
1168 686 1269 735 hoc,
1295 692 1340 727 ut
1358 685 1499 728 liberis
1521 696 1539 730 1

17 766 18 769 =
61 753 236 794 quoque
260 742 365 783 meis
392 748 537 793 partae
561 742 801 783 istiusmodi
827 743 1100 784 remissiones
1126 749 1291 792 essent,
1326 743 1495 795 quando

42 799 226 849 ,lauimus
258 811 425 850 eorum,
458 800 737 841 interstitione
761 800 900 851 aliqua
926 801 1192 852 negotiorum
1218 801 1332 850 data,
1367 802 1498 842 laxari

17 845 357 933 ssindulgerique
400 857 625 908 potuisset.
685 858 762 898 Vsi
801 864 938 898 autem
978 870 1124 899 sumus
1166 858 1313 899 ordine
1354 871 1493 900 rerum
1511 867 1532 901 2

50 914 254 963 fortuito,
276 926 401 966 quem
419 920 542 955 antea
559 916 599 955 in
618 916 886 966 excerpendo
907 917 1156 956 feceramus.
1198 917 1300 956 Nam
1317 916 1497 968 proinde

20 949 108 1054 §ut
145 971 296 1016 librum
339 983 550 1023 quemque
587 972 628 1012 in
659 984 807 1014 manus
840 985 1036 1024 ceperam
1071 985 1147 1014 seu
1180 974 1386 1015 Graecum
1420 985 1498 1014 seu

29 1029 254 1102 ³Latinum
285 1030 354 1070 uel
389 1030 490 1080 quid
521 1036 754 1071 memoratu
789 1031 959 1081 dignum
994 1031 1230 1079 audieram,
1272 1031 1346 1080 ita,
1390 1043 1497 1082 quae

17 1104 43 1136 ετ,
59 1085 222 1128 libitum
239 1093 352 1135 erat,
385 1087 504 1128 cuius
529 1088 696 1137 generis
722 1099 902 1138 cumque
932 1094 1069 1135 crant,
1103 1088 1342 1129 indistincte
1371 1094 1498 1139 atque

23 1141 274 1205 {promisce
315 1145 568 1184 annotabam
611 1156 745 1195 eaque
786 1146 882 1185 mihi
917 1147 969 1186 ad
1002 1145 1237 1185 subsidium
1270 1146 1498 1186 memoriae

19 1199 184 1252 *aquasi
218 1201 434 1251 quoddam
473 1202 686 1242 literarum
720 1215 856 1253 penus
882 1203 1192 1252 recondebam,
1226 1210 1290 1252 ut,
1326 1204 1496 1253 quando

42 1264 168 1299 ³usus
183 1258 375 1299 uenisset
392 1264 463 1298 aut
481 1258 539 1298 rei
558 1264 629 1298 aut
645 1260 784 1307 uerbi,
816 1261 934 1301 cuius
955 1272 1019 1300 mc
1039 1272 1193 1311 repens
1215 1262 1321 1301 forte
1341 1261 1496 1301 obliuio

50 1314 288 1364 tenuisset,
323 1320 364 1355 et
395 1315 509 1364 libri,
543 1328 596 1356 cx
615 1317 766 1367 quibus
787 1329 835 1357 ca
853 1329 1140 1369 sumpseram,
1176 1330 1261 1359 non
1281 1319 1496 1366 adessent,

34 1363 182 1421 ffffacile
197 1372 297 1413 inde
314 1373 436 1414 nobis
455 1373 628 1414 inuentu
657 1380 782 1425 atque
801 1376 1056 1427 depromptu
1075 1376 1195 1416 soret.

36 1465 45 1478 ,
146 1429 275 1471 Facta
290 1428 417 1481 igitur
433 1436 499 1471 est
518 1431 559 1471 in
578 1431 643 1471 his
663 1444 834 1483 quoque
853 1433 1165 1474 commentariis
1185 1434 1334 1473 cadem
1353 1446 1495 1475 rerum
1512 1438 1534 1473 3

34 1486 342 1539 disparilitas,
378 1499 486 1538 quae
514 1489 589 1529 fuit
614 1489 653 1528 in
673 1489 751 1530 illis
778 1491 1121 1531 annotationibus
1147 1491 1357 1541 pristinis,
1392 1503 1497 1541 quas

40 1544 246 1585 ‘breuiter
273 1549 315 1585 et
339 1544 548 1596 indigeste
573 1551 614 1585 et
644 1546 859 1587 incondite
886 1548 1194 1588 eruditionibus
1227 1548 1498 1589 lectionibus-

46 1612 144 1653 1quc
159 1601 288 1643 uariis
314 1603 565 1644 feceramus.
629 1603 714 1643 Sed
741 1606 939 1655 quoniam
958 1606 1198 1656 longinquis
1216 1617 1295 1656 per
1317 1605 1496 1646 hiemem
1513 1612 1535 1645 4

47 1659 256 1700 'noctibus
274 1659 316 1699 in
334 1670 436 1710 agro
449 1693 458 1708 ‚
493 1660 615 1700 sicuti
635 1661 739 1709 dixi,
775 1668 911 1702 terrae
931 1663 1097 1703 Atticae
1116 1663 1497 1704 commentationes

39 1715 189 1757 hasce
206 1717 353 1757 ludere
372 1728 421 1758 ac
440 1719 579 1758 facere
600 1718 741 1758 exorsi
760 1731 920 1767 sumus,
934 1720 1091 1760 idcireo
1113 1731 1184 1760 cas
1203 1720 1497 1771 inscripsimus

36 1772 289 1824 §noctium
327 1785 424 1815 esse
463 1775 784 1824 Atticarum,
827 1777 925 1816 nihil
965 1777 1109 1817 imitati
1153 1777 1402 1818 festiuitates
1440 1778 1498 1818 in·

35 1826 350 1882 ⁴'·scripti0num,
365 1843 470 1882 quas
489 1832 680 1883 plerique
697 1834 763 1873 alii
780 1835 1000 1886 utriusque
1019 1834 1185 1885 linguae
1205 1834 1438 1885 scriptores
1454 1835 1496 1875 in

0 1893 1 1899 ’
73 1887 102 1928 d
130 1899 266 1939 genus
298 1888 412 1930 libris
445 1890 649 1930 fecerunt.
712 1893 813 1931 Nam
839 1892 934 1942 quia
959 1892 1119 1932 uariam
1137 1898 1178 1932 et
1205 1891 1436 1932 miscellam
1454 1898 1495 1932 et
1512 1899 1533 1933 5

58 1944 182 1986 'uasi
214 1946 519 1987 confusaneam
568 1948 804 1988 doctrinam
844 1949 1212 1999 conquisiuerunt,
1260 1960 1311 1990 eo
1350 1949 1497 1990 titulos

22 2022 30 2043 ·,
87 2013 232 2053 uoque
249 2003 303 2043 ad
321 2014 414 2043 eam
429 2004 679 2045 sententiam
699 2006 1056 2056 exquisitissimos
1085 2006 1340 2046 indiderunt.
1373 2007 1492 2047 Nam·
1510 2013 1532 2048 6

87 2069 143 2100 ue
183 2059 251 2100 alii
290 2060 556 2102 Musarum
603 2062 932 2114 inscripserunt,
988 2064 1054 2103 alii
1104 2063 1379 2112 siluarum,
1427 2064 1496 2104 ille

87 2113 294 2171 ‘inl-ov,
326 2116 392 2158 hic
415 2111 746 2171 Ἀμαλθείας
771 2118 952 2172 κέρας,
979 2121 1084 2162 alius
1109 2122 1304 2174 κηρία,
1341 2121 1496 2172 partim

80 2179 84 2186 “
124 2172 354 2228 naahas,
396 2175 829 2226 quidamlectionis
851 2189 995 2226 suae,
1032 2178 1138 2220 alius
1162 2178 1494 2228 antiquarum

74 2229 348 2288 ‘gationum
370 2237 497 2283 atque
515 2233 621 2273 alius
640 2227 909 2287 ἀνθηρῶν
936 2234 1090 2275 etitem
1109 2235 1213 2276 alius
1244 2229 1494 2289 εὑρημά-

25 2273 181 2352 θξῐ-ῳν.
243 2286 350 2329 Sunt
367 2289 511 2339 etiam,
543 2290 615 2341 qui
632 2286 880 2344 λύχνους
904 2291 1229 2344 inscripserunt,
1257 2296 1356 2333 sunt
1372 2293 1484 2341 item,
1503 2297 1525 2334 7

0 2367 1 2370 =
29 2333 85 2401 ᾗ(
113 2340 286 2384 Gmws.
1243 2349 1266 2390 1

0 2450 5 2460 ’
26 2437 82 2508 ᾗ

133 2459 149 2476 Q
