1619 2476
148 66 228 107 132
754 67 818 104 ΠΙ.
848 77 932 105 xvi.

92 187 133 222 11
150 178 458 228 tempestiui
502 183 748 226 tempore.
811 176 1103 216 Caesellius
1153 180 1289 215 autem
1332 176 1541 216 Vindex

148 234 187 273 in
219 234 543 273 lectionibus
581 232 666 272 suis
701 232 954 282 antiquis:
996 231 1116 280 tria,
1151 231 1300 281 inquit,
1332 243 1392 271 no
1409 231 1540 271 mina

147 291 428 330 Parcarum
459 294 599 335 sunt,
639 289 849 333 ‘Nona'‚
892 289 1183 336 eDecuma',
1224 289 1459 335 εΜοῖϊεν,
1501 292 1542 327 et

146 358 315 385 uersum
338 346 446 384 hunc
470 344 623 391 Liuii,
658 343 927 393 antiquissimi
949 348 1118 394 poetae,
1151 343 1268 393 ponit
1284 355 1336 383 ex
1349 337 1430 382 ’06
1440 356 1469 382 v
1482 352 1541 382 σ-

149 402 296 454 σείᾳῑ

206 456 414 506 Quando
460 456 574 496 dies
620 455 893 503 adueniet,
941 454 1084 505 que'm
1129 453 1338 505 profata
1381 453 1542 494 Morta

1109 513 1222 551 est?

150 570 233 608 Sed
258 569 381 608 homo
405 568 568 608 minime
595 570 726 607 malus
754 567 1045 606 Caesellius
1073 568 1296 607 ‘Mortam'
1328 566 1447 616 quasi
1471 579 1541 606 no-

149 636 242 664 men
262 625 441 674 accepit,
476 636 568 664 cum
586 624 774 673 accipere
793 622 909 672 quasi
930 624 1113 662 Moeram
1131 624 1313 663 deberet.

95 691 138 725 12
232 682 450 720 Praeterea
474 692 552 729 ego
572 682 622 719 de
639 684 759 730 partu
776 680 953 718 humano
970 711 978 726 ⁷
1012 683 1303 729 praeterquam
1322 691 1427 728 quae
1446 679 1542 718 scri-

149 742 220 786 pta
251 736 290 775 in
323 736 434 775 libris
467 736 568 785 legi,
601 737 680 776 hoc
699 747 866 785 quoque
882 747 961 774 usu
977 735 1145 774 uenisse
1162 737 1317 775 Romae
1336 734 1540 785 comperi:

151 792 343 831 feminam
359 792 480 832 bonis
499 796 622 841 atque
638 792 825 831 honestis
841 791 1024 830 moribus
1038 823 1046 839 ‚
1073 803 1155 830 non
1173 791 1364 841 ambigua
1388 790 1542 841 pudici-

149 848 222 895 tia⁷
242 849 280 886 in
297 848 516 887 undecimo
535 860 677 887 mense
694 852 792 897 post
808 847 938 886 mariti
954 852 1127 886 mortem
1144 848 1360 897 peperisse
1376 848 1543 886 factum-

153 916 233 953 que
250 915 344 943 esse
362 903 574 954 negotium
591 908 763 954 propter
786 902 985 942 rationem
1004 903 1222 953 temporis,
1255 903 1373 952 quasi
1398 903 1542 941 marito

152 965 315 1000 mortuo
350 966 499 1010 postea
528 960 815 1009 concepisset,
852 959 1045 1008 quoniam
1072 959 1295 999 decemuiri
1324 959 1365 998 in
1400 959 1544 997 decem

151 1016 363 1056 mensibus
383 1017 493 1066 gigni
510 1016 739 1063 hominem,
759 1027 841 1055 non
859 1015 898 1054 in
918 1015 1136 1055 undecimo
1155 1014 1423 1066 scripsissent
1431 1028 1442 1061 ,2
1469 1014 1545 1053 sed

153 1072 292 1111 diuum
310 1073 344 1111 H
358 1084 380 1111 a
393 1073 468 1111 dri
482 1084 648 1120 anum,
675 1083 800 1111 causa
818 1071 993 1120 cognita,
1013 1071 1252 1111 decreuisse
1268 1071 1308 1110 in
1325 1070 1543 1110 undecimo

153 1139 321 1177 quoque
348 1140 492 1168 mense
515 1133 678 1178 partum
696 1128 762 1167 edi
779 1139 930 1178 posse:
967 1127 1092 1177 idque
1116 1127 1252 1177 ipsum
1279 1126 1366 1166 eius
1394 1126 1455 1165 rei
1477 1126 1542 1164 de-

153 1189 309 1224 cretum
327 1196 404 1224 nos
422 1184 609 1234 legimus.
670 1186 713 1223 In
732 1196 781 1223 eo
802 1185 969 1223 decreto
988 1183 1288 1223 Hadrianus
1306 1182 1347 1222 id
1364 1186 1545 1222 statuere
1603 1216 1606 1227 ,

153 1252 199 1280 sc
229 1240 345 1287 dicit,
384 1239 590 1290 requisitis
621 1245 808 1279 ueterum
839 1240 1183 1289 philosophorum
1214 1244 1254 1279 et
1290 1237 1545 1278 medicorum
1602 1247 1605 1277 ῑ

154 1296 382 1335 sententiis.

97 1357 142 1392 13
238 1352 372 1390 Hodie
392 1363 558 1400 quoque
585 1351 623 1390 in
650 1356 827 1390 satura
859 1351 964 1389 forte
990 1351 1043 1389 Μ.
1070 1350 1325 1390 Varronis
1358 1349 1544 1399 legimus,

155 1418 261 1457 quae
292 1407 529 1446 inscribitur
563 1409 975 1452 Testamentum,
1023 1406 1152 1445 uerba
1184 1407 1305 1445 haec:
1348 1405 1398 1445 Si
1428 1405 1544 1455 quis

152 1463 274 1502 mihi
299 1462 442 1503 filius
466 1476 597 1502 unus
623 1464 877 1512 pluresue
901 1461 951 1500 in
978 1462 1155 1501 decem
1180 1461 1444 1502 mensibus
1471 1461 1546 1511 gi—

153 1525 398 1568 gnantur,
417 1519 507 1558 iisi
527 1524 674 1558 crunt
690 1513 811 1557 ὄνοι
828 1513 1019 1568 λύρας,
1047 1519 1342 1558 exheredes
1368 1522 1544 1564 sunto;
1596 1519 1619 1567 j

155 1576 287 1624 quod
314 1575 357 1614 si
375 1576 491 1624 quis
511 1574 785 1614 undecimo
806 1585 1002 1620 mense,
1030 1568 1141 1613 κατ’
1166 1568 1545 1626 Ἀριστοτέλη,

153 1636 308 1672 natus
335 1636 431 1679 est,
465 1631 624 1671 Accio
651 1631 801 1679 idem,
836 1630 1147 1679 quodTitio‚
1166 1630 1243 1670 ius
1270 1635 1385 1670 esto
1412 1630 1548 1679 apud

97 1692 142 1727 14
157 1699 196 1726 m
209 1699 244 1726 e.
306 1689 384 1727 Per
413 1689 493 1727 hoc
524 1693 645 1727 uetus
679 1686 943 1737 prouerbium
968 1687 1132 1726 Varro
1168 1686 1393 1736 significat,
1426 1685 1548 1725 sicuti

153 1745 279 1792 uulgo
302 1744 380 1782 dici
406 1744 571 1784 solitum
589 1749 676 1783 erat
692 1745 744 1782 de
766 1743 889 1782 rebus
914 1741 1009 1781 nihil
1033 1742 1139 1781 inter
1164 1753 1260 1782 sese
1278 1741 1544 1782 distantibus:

156 1800 280 1838 ‘idem
297 1799 412 1847 Acci
433 1801 545 1849 quod
562 1800 665 1847 Titi',
684 1799 738 1838 ita
754 1811 780 1848 p
786 1810 844 1837 ni
868 1799 1100 1848 eodemque
1127 1797 1215 1837 iure
1234 1810 1329 1838 esse
1345 1798 1382 1837 in
1400 1799 1546 1837 decem

155 1855 367 1895 mensibus
385 1862 505 1896 natos
526 1862 565 1895 et
581 1856 620 1894 in
639 1855 843 1895 undecim.

99 1923 142 1956 15
247 1913 365 1960 Quod
398 1912 432 1951 si
457 1912 511 1951 ita
535 1923 670 1962 neque
694 1913 801 1951 ultia
818 1910 1019 1950 decimum
1047 1921 1231 1950 mensem
1257 1911 1396 1950 fetuia
1407 1909 1545 1949 mulie-

157 1979 246 2006 rum
262 1968 433 2017 protolli
456 1974 608 2018 potest,
621 1967 763 2018 quaeri
782 1972 957 2017 op01tet,
971 1978 1043 2007 cui
1053 1967 1237 2006 Homer
1246 1977 1301 2006 us
1320 1965 1544 2016 sciipserit,

157 2024 390 2073 Neptunum
407 2024 563 2064 dixisse
580 2025 742 2074 puellae
765 2035 789 2062 a
808 2035 854 2062 se
874 2034 1020 2063 iccens
1039 2033 1326 2072 compressae:

213 2080 388 2131 Χαῖρε
416 2094 482 2131 γυ
498 2076 559 2132 νὴ
587 2075 869 2132 φιλότητι·
907 2074 1325 2132 περιπλομένου
1357 2071 1399 2117 δ’
1428 2074 1558 2117 ἐνι-·

1097 2134 1271 2174 αυτοῦ

218 2188 401 2238 Τέξεις
424 2186 767 2245 o’cylloco'cvs'xv',
787 2188 901 2231 ἐπεὶ
927 2185 1026 2231 οὐκ
1053 2184 1369 2243 ἀποφώλιοι
1395 2183 1576 2235 εὐνοιίΙ

210 2240 536 2288 Ἀθανάτων
