1619 2476
101 53 157 95 70
645 81 650 93 ,
709 51 738 88 Ι.
763 60 902 89 xx1111.

715 160 877 201 XXIIII.

102 250 188 285 Tria
208 249 479 294 epigrammata
495 245 604 281 trium
622 248 791 280 ueterum
806 248 1022 291 poetarum,
1042 243 1196 289 Naeuii,
1215 243 1353 290 Plauti,
1380 244 1499 280 Pacu-

225 305 292 348 uii,
321 313 439 349 quae,
466 302 564 337 sacta
586 303 630 337 ab
654 301 769 347 ipsis,
796 300 980 347 sepulcris
998 310 1127 335 eorum
1143 299 1264 336 ineisa
1281 304 1379 336 sunt.

69 403 87 436 1
187 391 321 430 Trium
346 394 563 440 poetarum
589 388 806 428 illustrium
839 387 1233 438 epigrammata,
1269 388 1347 426 Cn.
1378 389 1503 427 Nae-

103 448 190 495 uii,
223 446 414 494 Plauti,
448 447 501 484 Μ.
520 445 750 493 Pacuuii,
778 455 884 494 quae
910 443 990 494 ipsi
1015 444 1201 483 fecerunt
1227 447 1267 482 et
1282 442 1505 482 incidenda

104 505 299 553 sepulcro
333 514 410 542 suo
435 501 709 551 reliquerunt,
741 500 963 541 nobilitatis
987 511 1130 540 eorum
1156 499 1288 550 gratia
1313 504 1353 539 et
1377 511 1504 540 uenu-

105 560 224 600 statis
246 559 467 599 scribenda
483 558 523 597 in
541 558 604 597 his
625 557 928 598 commentariis
947 567 1043 596 esse
1060 556 1172 596 duxi.

73 628 95 661 2
191 616 454 666 Epigramma
479 614 637 654 Naeui
668 615 836 664 plenum
861 613 1082 663 superbiae
1106 614 1358 663 Campanae,
1392 613 1506 662 quod

103 671 386 712 testimonium
421 683 516 711 esse
547 671 700 710 iustum
735 670 961 721 potuisset,
1007 669 1084 709 nisi
1123 670 1173 709 ab
1215 669 1310 719 ipso
1352 669 1505 709 dictum

105 734 240 769 esset:

164 829 488 881 Inmdrtale's
528 828 778 869 mortales
810 827 853 868 si
884 828 1018 869 foret
1050 831 1132 869 fas
1167 827 1320 876 flere,

163 887 375 926 Flere'nt
409 886 563 925 diuae
598 885 849 925 Camenae
877 885 1127 926 Naeuium
1159 884 1373 936 poetam.

161 940 251 982 'Ita
268 954 362 992 que
390 941 670 992 pdstquam
700 948 781 982 est
816 940 959 981 (irehi
986 941 1213 982 traditus
1240 941 1506 989 thesauro,

166 998 329 1039 Obliti
363 997 484 1038 sunt
513 998 702 1039 Romae'
737 998 950 1048 loquier
980 997 1155 1049 lingua
1184 996 1377 1038 Latina.

74 1106 98 1141 3
195 1102 457 1152 Epigramma
480 1101 670 1148 Plauti,
706 1102 819 1151 quod
847 1101 1154 1142 dubitassemus
1178 1113 1228 1140 an
1253 1101 1421 1140 Plauti
1451 1102 1509 1141 fo-

108 1164 192 1206 ret,
218 1159 296 1198 nisi
322 1159 668 1197 aM.Varr0ne
700 1158 882 1208 positum
902 1162 1016 1198 esset
1046 1158 1094 1197 in
1125 1158 1260 1197 libro
1296 1158 1354 1197 de
1387 1168 1510 1208 poe-

108 1216 176 1255 tis
206 1215 389 1265 primo:

167 1318 443 1365 Postquam
481 1322 561 1356 est
604 1322 815 1356 mortem
849 1321 999 1366 aptus
1033 1317 1273 1364 Plautus,
1307 1327 1509 1356 comoe-

998 1373 1156 1412 dia'lu
1206 1377 1251 1412 et

168 1429 368 1468 Scaena
403 1434 485 1468 est
517 1430 730 1468 deserta
756 1428 991 1476 [ac]-dein
1023 1383 1510 1476 Risusg,L⁷udus10-
1554 1427 1556 1430 ’

998 1497 1218 1535 cusque,

166 1543 224 1581 Et
267 1541 472 1580 Numeri
515 1541 777 1580 innumeri
821 1541 973 1581 simul
1019 1553 1198 1582 omnes
1244 1539 1509 1581 conlacri-

1000 1602 1210 1637 marunt.

88 1709 112 1743 4
195 1701 457 1751 Epigramma
488 1698 709 1739 Pacuuii
735 1698 1135 1739 uerecundissimum
1163 1703 1204 1738 et
1231 1697 1510 1749 purissimum,

114 1756 367 1807 dignumque
387 1756 475 1795 eius
493 1755 802 1806 elegantissima
818 1755 1040 1806 grauitate:

168 1859 521 1908 Adulescens,
555 1862 765 1907 tam(en)
791 1857 893 1898 etsi
917 1856 1198 1908 prdperas,
1230 1862 1279 1896 te
1309 1857 1406 1897 hoc
1437 1867 1512 1896 sa·
1556 1891 1559 1894 Α

1000 1913 1114 1953 xum
1146 1918 1312 1964 rogat,
1374 1916 1379 1920 '

171 1973 234 2011 Vt
265 1972 420 2020 se'[se]
453 1972 707 2022 aspicias,
749 1968 934 2010 deinde
969 1971 1104 2020 quod
1138 1969 1393 2020 seriptum
1435 1967 1513 2008 est
1600 2019 1603 2022 .

1006 2028 1164 2076 legas.
1555 2032 1558 2034 ’

172 2084 261 2122 Hie
294 2083 413 2123 sunt
439 2090 631 2134 poetae
662 2082 860 2123 Pacuui
891 2081 1048 2122 Marci
1080 2082 1178 2122 sita

174 2140 316 2179 Ossa.
359 2138 465 2179 Ηό6
496 2141 738 2180 uolebam
768 2139 981 2179 nescius
1012 2150 1070 2178 ne
1103 2138 1269 2178 esses.
1301 2138 1444 2177 Vale.
