1635 2492
684 52 813 92 XVII.
834 63 892 91 x1.
914 62 989 90 xii.
1469 49 1551 92 187

111 163 479 231 ’(ἐπιγλωττίδν
508 165 618 206 inter
646 165 857 206 edendum
886 164 1201 215 bibendumque
1226 163 1393 214 operire
1424 169 1552 214 atque

125 226 387 277 protegere
390 216 475 275 τὴν
492 227 704 275 τραχεῖαν
721 217 970 275 ἀρτηρίαν,
1002 234 1055 262 ne
1077 221 1177 272 quid
1201 232 1254 261 ex
1275 231 1375 260 esca
1393 225 1551 270 potuue

125 279 387 321 inciderebin
412 279 514 320 illud
539 279 660 330 quasi
686 279 918 320 aestuantis
937 279 1099 318 animae
1122 278 1221 325 iter,
1253 288 1302 316 ac
1324 281 1552 328 propterea

125 337 226 378 nihil
261 335 422 377 umoris
451 336 629 378 influere
656 336 696 376 in
722 338 965 387 pulmonem
996 347 1069 376 ore
1098 335 1192 386 ipso
1228 334 1405 373 arteriae
1439 345 1550 374 com-

125 392 299 434 munito.

208 451 324 491 Haec
366 450 728 491 Erasistratus
770 450 960 490 medicus
998 451 1225 489 aduersum
1258 449 1547 488 Platonem.

126 507 213 548 Sed
233 508 550 548 Plutarchus
582 507 621 546 in
645 507 778 547 libro
805 506 1297 558 symposiacorum,
1331 506 1586 545 auctorem6

123 563 367 605 Platonis
404 563 638 604 sententiae
669 563 1033 614 Hippocraten
1063 563 1161 602 dicit
1191 563 1322 602 fuisse
1352 562 1549 611 idemque

125 632 224 662 esse
267 620 462 671 opinatos
502 626 543 660 et
581 620 900 660 Philistiona
938 622 1118 661 Locrum
1163 625 1203 659 et
1240 619 1550 668 Dioxippum

113 677 258 728 ‚Hipp
271 678 561 718 ocraticum
574 708 586 729 ‚
619 682 787 717 ueteres
805 678 993 718 medicos
1012 683 1053 717 et
1075 677 1258 724 nobiles,
1281 681 1407 726 atque
1425 675 1548 722 illam,

126 734 178 774 de
195 745 278 784 qua
301 734 680 774 Erasistratus
705 735 892 783 dixerat,
922 739 933 758 ²
948 732 1265 786 gmyzoem‘da’
1288 745 1372 773 non
1390 732 1547 772 idcirco

125 801 176 831 eo
194 791 235 830 in
252 791 347 831 loco
371 791 662 840 constitutam,
682 803 734 831 ne
754 792 853 842 quid
871 804 923 831 ex
940 797 1043 842 potu
1061 791 1254 831 influeret
1276 791 1314 829 in
1334 789 1546 829 arteriam:

124 856 222 888 nam
236 848 425 897 pulmoni
444 860 615 899 quoque
633 849 816 889 fouendo
835 849 1097 899 rigandoque
1124 847 1245 888 utiles
1264 846 1550 887 necessarios-

125 915 208 955 que
224 915 398 946 umores
414 905 570 954 uideri,
596 911 661 945 set
683 905 920 955 adpositam
941 906 1061 956 quasi
1079 904 1400 945 moderatricem
1419 914 1548 953 quan·

125 961 222 1001 dam
238 966 280 1002 et
295 961 492 1002 arbitram
508 963 758 1013 prohibendi
775 962 1088 1010 admittendiue,
1101 962 1215 1012 quod
1234 973 1286 1001 cx
1305 960 1451 1001 salutis
1467 971 1549 999 usu

125 1018 246 1066 foret,
274 1018 333 1059 uti
353 1019 490 1059 edulia
514 1019 680 1069 quidem
702 1020 840 1059 omnia
862 1021 1106 1059 defenderet
1127 1020 1178 1058 ab
1199 1018 1350 1057 arteria
1368 1018 1547 1067 depelle-

124 1079 273 1125 retque
293 1075 334 1115 in
366 1077 650 1124 stomachum,
678 1082 824 1126 potum
847 1082 984 1116 autem
1010 1076 1235 1127 partiretur
1265 1076 1371 1114 inter
1394 1079 1548 1114 stoma-

126 1131 249 1171 chum
269 1137 311 1171 et
333 1134 575 1182 pulmonem
608 1138 648 1172 et
667 1134 781 1182 quod
804 1144 856 1172 ex
881 1145 930 1173 eo
959 1133 1116 1172 admitti
1140 1133 1179 1171 in
1206 1133 1447 1182 pulmonem
1472 1140 1548 1179 per

126 1188 319 1228 arteriam
337 1189 522 1237 deberet,
542 1200 625 1229 non
650 1190 840 1239 rapidum
858 1190 898 1229 id
916 1201 1053 1239 neque
1071 1189 1328 1235 uniuersum,
1348 1188 1424 1228 sed
1447 1198 1546 1236 qua-

125 1245 221 1284 dam
239 1244 369 1295 quasi,
379 1245 512 1286 obiice
531 1251 811 1286 sustentatum
828 1258 876 1286 ac
894 1258 1136 1297 repressum
1158 1245 1315 1285 sensim
1332 1243 1546 1295 paulatim-

125 1312 208 1352 que
233 1302 479 1342 tramitteret
508 1308 633 1353 atque
657 1314 823 1343 omnem
846 1304 1049 1353 reliquum
1080 1304 1119 1342 in
1148 1303 1319 1341 alteram
1340 1299 1546 1342 stomachi

123 1357 306 1398 fistulam
329 1359 551 1399 deriuaret.

787 1462 875 1502 XII.

124 1541 179 1578 De
195 1543 365 1580 materiis
383 1544 585 1581 infamibus
601 1574 609 1589 ‚
631 1557 726 1592 quas
747 1545 879 1582 Gracci
899 1536 1067 1591 ἀδόξους
1085 1545 1295 1592 appellant,
1315 1554 1336 1578 a
1353 1543 1544 1579 Fauorino

543 1602 750 1638 exercendi
773 1603 893 1649 gralia
913 1602 1124 1648 disputatis.

208 1702 390 1742 Infames
414 1700 629 1748 matellas,
658 1700 747 1740 siue
772 1700 863 1750 quis
886 1702 1043 1739 mauult
1060 1700 1200 1739 dicere
1219 1698 1584 1748 ‘inopinabilesssl

125 1758 390 1809 quasGraeci
409 1733 629 1805 ἀδόξους
638 1751 899 1805 ὑποθεησεις
919 1759 1143 1807 appellffint
1163 1765 1202 1795 et
1222 1760 1390 1795 ueteres
1409 1755 1546 1794 adorti

124 1819 234 1863 sunt,
263 1826 349 1855 non
368 1814 584 1864 sophistae
602 1816 752 1861 solum,
775 1815 850 1853 sed
869 1813 1108 1863 philosophi
1126 1823 1309 1862 quoque,
1337 1817 1378 1851 et
1401 1816 1546 1850 noster

123 1871 419 1912 Fauorinus
448 1872 606 1921 oppido
628 1882 751 1920 quam
777 1871 909 1910 libens
937 1871 976 1909 in
997 1882 1068 1909 eas
1095 1869 1291 1908 materias
1310 1868 1543 1913 deficiebat,

123 1929 192 1968 uel
213 1927 380 1978 ingenio
404 1927 746 1977 expergificando
773 1932 886 1965 ratus
908 1927 1084 1966 idoneas
1112 1927 1182 1965 uel
1207 1924 1455 1965 exercendis
1484 1934 1545 1961 ar-

123 1984 246 2035 gutiis
272 1985 341 2023 uel
373 1984 621 2023 edomandis
650 1996 728 2022 usu
756 1983 1091 2022 difficultatibus:
1126 1982 1265 2028 sicuti,
1301 1992 1395 2019 cum
1420 1979 1585 2018 Ther-2

123 2040 230 2080 sitae
249 2040 397 2079 laudes
416 2039 622 2088 quaesiuit
644 2044 684 2078 et
703 2050 796 2077 cum
815 2038 959 2077 febrim
984 2038 1142 2088 quartis
1161 2038 1308 2075 diebus
1327 2045 1544 2074 recurren-

126 2101 208 2136 tem
240 2095 446 2142 laudauit,
479 2095 616 2144 lepida
649 2106 751 2134 sane
788 2096 913 2133 multa
947 2100 987 2133 et
1023 2106 1107 2133 non
1140 2093 1274 2132 facilia
1304 2093 1478 2130 inuentu
1502 2089 1544 2128 in

124 2156 346 2200 utramque
364 2161 535 2190 causam
554 2151 658 2190 dixit
677 2162 809 2199 eaque
832 2151 986 2201 scripta
1008 2151 1046 2188 in
1067 2150 1179 2188 libris
1200 2147 1378 2197 reliquit.

212 2206 324 2247 Sed*
315 2218 355 2245 in
374 2206 501 2246 febris
519 2207 712 2246 laudibus
734 2211 884 2246 testem
902 2207 1024 2246 etiam
1041 2208 1069 2245 P
1082 2207 1188 2245 lato
1202 2217 1226 2244 n
1239 2216 1311 2244 em
1330 2200 1541 2254 produxit,
1558 2207 1582 2244 3

128 2273 253 2314 quem
269 2262 492 2312 scripsisse
511 2263 578 2312 ait,
603 2264 673 2314 qui
701 2268 942 2312 qua1tanam
963 2274 1117 2314 passus
1137 2260 1396 2302 conualue1it
1412 2259 1543 2299 uires-
