1619 2476
111 35 166 78 46
634 33 702 72 XI.
734 42 837 70 xv11.
869 41 990 70 xv111.

69 148 264 191 2libituin
288 151 363 187 est.
424 146 526 184 Tum
556 145 602 183 in
635 144 858 194 quodam
891 143 1062 183 edicto
1104 143 1414 193 antiquiore
1457 143 1512 183 ita

110 205 308 245 scribtum
340 201 592 241 inuenimus:
643 199 732 249 Qui
774 199 993 238 flumina
1034 201 1254 239 retanda
1296 199 1511 249 publice

109 261 381 308 redempta
408 258 622 304 habent,
655 256 701 296 si
740 256 852 305 quis
879 266 1057 295 eorum
1088 256 1147 295 ad
1184 267 1257 295 mc
1289 257 1510 296 eductus

109 316 291 363 fucrit,
340 314 424 363 qui
470 313 703 359 dicatur,
755 312 891 361 quod
934 323 1041 351 eum
1087 323 1152 351 cx
1194 314 1312 362 lege
1354 314 1511 352 loca-

68 372 267 413 3tionis
298 372 471 410 facere
508 368 836 419 oportuerit,
870 379 968 408 non
1004 368 1215 408 secisse.
1276 369 1510 408 Retanda

108 429 229 478 igitur
255 427 353 478 quid
378 431 491 466 esset
509 426 798 476 ‹piaerebatur.

67 532 89 560 4
217 517 326 558 Dixit
360 516 413 556 ibi
447 517 651 566 quispiam
683 515 899 555 nobiscum
932 516 1085 555 sedens
1117 514 1274 554 amicus
1300 526 1440 562 meus,
1469 515 1507 554 in

106 574 208 614 libro
258 585 303 613 sc
349 573 474 613 Gaui
512 573 577 612 dc
623 572 827 621 origine
871 572 1251 612 uocabulorum
1297 572 1400 610 Vll.
1446 572 1509 610 le-

106 631 239 681 gisse,
289 633 448 669 ‘retas'
486 629 628 669 uocari
667 629 862 680 arbores,
910 640 1016 678 quae
1059 633 1129 668 aut
1165 628 1264 679 ripis
1295 627 1508 667 fluminum

108 687 335 727 eminerent
369 691 439 725 aut
476 686 514 725 in
565 686 692 725 alueis
738 696 883 724 eorum
929 690 1140 733 extarent,
1194 685 1508 735 appellatasque

108 755 203 784 csse
240 754 262 782 a
301 742 478 791 retibus,
520 743 633 792 quod
669 746 985 792 praetereuntes
1026 752 1157 781 naues
1193 740 1428 791 inpedirent
1467 745 1508 779 et

109 800 226 849 quasi
258 799 495 846 inretircnt;
528 798 770 848 idcircoque
806 809 902 837 sese
939 797 1147 846 arbitrari,
1181 798 1399 836 ‘retanda'
1435 796 1508 835 ssu-

108 856 216 895 mina
239 855 364 895 locari
388 855 509 895 solita
534 867 650 902 esse,
676 855 716 893 id
742 860 805 893 est
829 855 1063 904 purganda,
1096 865 1148 894 ne
1166 854 1264 904 quid
1280 858 1352 893 aut
1367 863 1510 893 morae

108 918 177 952 aut
199 912 367 962 periculi
388 912 562 951 nauibus
581 911 619 950 in
646 922 695 951 ea
711 911 888 960 uirgulta
904 910 1179 950 incidentibus
1206 912 1336 949 fieret.

738 1045 869 1086 XVIII
875 1075 882 1083 .

109 1129 188 1173 Qua
219 1138 341 1175 poena
372 1128 492 1164 Draco
524 1127 768 1163 Atheniensis
810 1129 846 1162 in
884 1127 1050 1173 legibus,
1100 1136 1192 1173 quas
1223 1126 1363 1173 populo
1395 1125 1510 1163 Athe·

164 1186 285 1221 niensi
329 1185 499 1231 scripsit,
548 1185 647 1219 sures
689 1184 890 1228 adseccrit3
940 1187 975 1217 et
1009 1193 1082 1229 qua
1114 1186 1248 1230 postea
1282 1181 1426 1228 Solon;
1474 1185 1511 1216 et

166 1253 239 1288 qua
276 1243 363 1278 item
393 1241 596 1276 decemuiri
638 1242 775 1285 nostri,
823 1241 885 1287 qui
917 1239 1118 1275 duodecim
1160 1240 1305 1274 tabulas
1345 1240 1507 1286 scripse·

163 1302 267 1343 runt;
303 1301 412 1344 atque
443 1297 533 1333 inibi
558 1297 810 1343 adseriptmn,
846 1295 947 1342 quod
978 1299 1068 1342 aput
1099 1295 1311 1342 Aegyptios
1344 1296 1440 1332 furta
1468 1295 1510 1330 li-

166 1351 301 1390 cita'et
331 1354 518 1400 permissa
549 1357 655 1396 sunt,
696 1358 784 1399 aput
808 1352 1130 1388 Lacedaemonios
1163 1355 1286 1387 autem
1319 1362 1402 1388 cum
1435 1357 1509 1388 stu-

169 1410 229 1446 dio
273 1420 419 1456 quoque.
455 1408 640 1444 adfectata
675 1413 709 1444 et
751 1420 818 1455 pro
857 1409 1033 1444 exercitio
1075 1408 1153 1443 utili
1196 1409 1414 1453 celebrata3
1462 1419 1506 1444 ac

166 1471 362 1514 praeterea
395 1466 445 1501 M.
487 1464 636 1502 Catonis
676 1466 722 1501 de
760 1464 982 1512 poeniendis
1023 1465 1128 1500 furtis
1170 1463 1287 1511 digna
1329 1466 1509 1501 memoria

168 1523 364 1559 sententiat.

77 1620 92 1652 t
224 1611 358 1651 Draco
391 1609 659 1650 Atheniensis
695 1610 758 1648 uir
788 1610 924 1649 bonus
956 1611 1168 1659 multaque
1200 1620 1296 1648 esse
1330 1608 1509 1658 pruden-

110 1667 165 1706 tia
198 1667 454 1707 existimatus
493 1672 556 1707 est
590 1667 774 1715 iurisque
805 1666 928 1705 diuini
967 1671 1007 1705 ct
1035 1665 1202 1705 humani
1232 1665 1389 1716 peritus
1423 1665 1508 1704 fuit.

74 1732 94 1765 2
112 1726 149 1763 Is
196 1725 330 1764 Draco
374 1726 510 1774 leges,
561 1724 711 1773 quibus
753 1722 1031 1762 Athenienses
1077 1727 1310 1769 uterentur,
1352 1721 1508 1771 primus

72 1788 92 1821 3
112 1780 292 1820 omnium
321 1780 422 1820 tulit.
485 1782 527 1819 In
566 1780 642 1820 iilis
681 1780 839 1829 legibus
873 1780 1004 1819 furem
1039 1779 1154 1818 cuius
1186 1778 1298 1820 modi
1331 1789 1508 1827 cumque

112 1837 206 1876 furti
223 1837 426 1886 supplicio
442 1836 586 1886 capitis
607 1837 887 1886 poeniendum
905 1847 999 1875 esse
1015 1841 1056 1874 et
1072 1835 1149 1874 alia
1172 1838 1371 1886 pleraque
1387 1834 1508 1874 nimis

111 1903 258 1932 seuere
276 1893 437 1933 censuit
454 1893 686 1942 sanxitque.
1396 1913 1399 1915 ·

74 1957 94 1990 4
222 1948 321 1989 Eius
338 1949 460 2000 igitur
478 1952 603 1999 leges,
625 1949 818 1999 quoniam
838 1949 1082 1988 uidebantur
1098 1947 1306 1997 impendio
1326 1947 1508 1986 acerbio-

112 2016 191 2052 res,
215 2017 297 2046 non
318 2007 486 2046 decreto
510 2006 724 2056 iussoque,
749 2011 813 2045 set
830 2005 952 2045 tacito
977 2004 1267 2053 inliteratoque
1286 2002 1507 2043 Athenien-

74 2071 92 2103 ὑ
111 2061 215 2100 sium
232 2073 442 2102 consensu
461 2063 701 2103 obliteratae
726 2068 833 2102 sunt.
892 2062 1043 2101 Postea
1058 2060 1216 2110 legibus
1236 2060 1324 2099 aliis
1343 2059 1508 2099 mitiori-

110 2117 201 2165 bus,
220 2129 243 2156 a
261 2118 415 2159 Solone
434 2119 691 2169 compositis,
713 2119 779 2158 usi
795 2124 903 2158 sunt.
934 2119 971 2157 Is
989 2118 1118 2158 Solon
1137 2129 1158 2156 e
1178 2121 1340 2166 septem
1358 2115 1434 2155 illis
1451 2115 1507 2155 in-

113 2174 231 2213 clutis
251 2175 505 2224 sapientibus
528 2175 611 2214 t'uit.
654 2178 691 2215 Is
711 2187 785 2214 sua
804 2177 892 2223 lege
910 2174 948 2213 in
967 2175 1092 2222 fures,
1112 2185 1207 2220 non,
1232 2178 1273 2212 ut
1288 2174 1421 2213 Draco
1439 2183 1506 2211 an-

112 2234 189 2274 tea,
214 2231 369 2278 mortis,
393 2233 468 2271 sed
487 2232 600 2282 dupli
618 2243 754 2281 poena
771 2230 1066 2271 uindicandum
1087 2229 1349 2270 existimauit.
