1635 2492
609 33 717 72 XVI.
749 43 820 71 v11.
838 43 922 70 vm.
1387 33 1467 76 157

153 147 238 188 Sed
268 145 376 186 enim
409 145 450 186 in
486 145 656 192 mimo,
696 156 819 195 quem
860 144 1028 194 scripsit
1063 145 1447 184 Alexandream
1459 153 1527 193 ,13

66 205 217 246 eodem
238 203 426 254 quidem,
459 214 540 253 quo
568 203 739 252 uulgus,
771 201 848 242 sed
873 202 1005 252 probe
1021 201 1251 268 Latineque
1276 213 1379 242 usus
1406 207 1471 242 est

68 263 230 301 Graeco
262 260 492 300 uocabulo.
540 260 857 309 ‘emplastrum'
903 258 1011 297 enim
1052 258 1154 298 dixit
1199 252 1468 311 οὐθετέρως,

67 329 150 358 non
177 327 332 367 genere
355 315 571 363 feminino,
601 321 647 355 ut
668 314 736 355 isti
760 314 911 355 nouicii
944 314 1175 355 semidocti.
1239 316 1381 355 Verba
1412 326 1471 355 ex
1484 324 1528 358 14

65 385 124 414 eo
155 372 302 413 mimo
336 372 534 423 adposui:

109 463 236 514 Quid
257 462 435 503 estius
459 461 758 502 iurandum?
780 463 1116 512 emplastrum
1138 462 1275 502 aeris
1295 462 1469 502 alieni.

713 600 817 640 Vffl.

66 682 166 728 Quid
189 681 375 729 significet
397 686 432 717 et
453 681 543 729 quid
574 692 595 717 a
617 682 756 717 nostris
778 683 1006 729 appellatum
1023 684 1069 718 sit
1095 682 1196 729 quod
1221 684 1369 720 axioma
1393 684 1472 720 dia-

122 739 245 776 lectici
268 737 414 784 dicunt3
447 742 482 774 et
503 738 690 786 quaedam
715 739 808 782 alia,
842 749 936 785 quae
959 741 1080 786 prima
1108 740 1143 774 in
1167 739 1370 787 disciplina
1394 740 1471 776 dia-

122 796 257 832 lectica
276 795 484 831 traduntur.

150 884 251 924 Cum
273 882 315 922 in
340 882 581 933 disciplinas
604 882 843 922 dialecticas
871 882 1011 923 induci
1042 888 1167 933 atque
1190 883 1318 923 imbui
1347 886 1471 924 uelle·
1490 895 1507 927 1

66 951 179 988 mus,
210 950 414 980 necessus
433 939 506 979 fuit
522 938 636 978 adire
653 944 776 989 atque
806 950 1064 989 cognoscere
1087 951 1190 989 quas
1212 946 1367 980 uocant
1388 941 1471 980 dia-

66 995 202 1036 lectici
229 1000 240 1019 ‘
256 993 539 1048 eioayoeyoig’.
599 996 721 1044 Tum,
747 995 841 1045 quia
865 996 906 1035 in
923 996 1057 1046 primo
1080 993 1181 1048 περὶ
1202 991 1470 1050 ἀξιωμάτων
1488 1007 1509 1040 2

68 1052 325 1101 discendum,
353 1064 459 1103 quae
475 1053 705 1092 M.Varro
725 1052 826 1092 alias
849 1054 1058 1102 <profata’‚
1089 1054 1188 1093 alias
1215 1054 1468 1104 ‘proloquia’

67 1109 267 1159 appellat,
321 1108 745 1149 commentarium
794 1109 853 1148 de
890 1110 1042 1158 prolo
1058 1109 1195 1158 quiis
1228 1111 1272 1148 L.
1309 1113 1347 1150 A
1361 1110 1469 1159 elii,

68 1165 180 1205 docti
196 1164 388 1214 hominis,
421 1165 489 1215 qui
506 1164 702 1215 magister
718 1166 756 1203 V
769 1176 791 1204 a
805 1177 824 1204 r
835 1177 854 1204 r
867 1177 889 1205 ο
902 1164 979 1205 nis
1008 1165 1101 1213 fuit,
1131 1165 1320 1206 studiose
1347 1178 1470 1216 quae-

68 1220 240 1261 siuimus
276 1224 488 1270 eumque,'
513 1220 553 1260 in
583 1221 701 1261 Pacis
730 1221 979 1261 bibliotheca
1007 1227 1238 1272 repertum,
1280 1223 1469 1273 legimus.

67 1277 153 1317 Sed
183 1277 224 1317 in
246 1288 296 1317 eo
322 1277 419 1317 nihil
438 1278 665 1317 edocenter
688 1289 824 1327 neque
849 1279 900 1317 ad
921 1278 1219 1319 instituendum
1250 1281 1471 1330 explanate
1488 1283 1510 1318 3

66 1333 264 1374 scribtum
293 1339 376 1383 est,
417 1334 653 1383 fecisseque
685 1334 850 1374 uidetur
887 1346 981 1374 eum
1016 1334 1164 1375 librum
1191 1337 1375 1377 Aelius
1407 1336 1472 1378 sui

66 1390 197 1440 magis
221 1390 494 1439 admonendi,
529 1402 652 1440 quam
674 1390 847 1431 aliorum
876 1391 1055 1431 docendi
1075 1392 1218 1442 gratia.

146 1446 346 1487 Redimus
376 1447 500 1513 igitur
522 1447 764 1488 necessario
801 1448 853 1488 ad
878 1448 1061 1488 Graecos
1091 1448 1234 1490 libros.
1295 1450 1358 1489 Ex
1384 1450 1469 1500 qui·
1485 1455 1508 1489 4

64 1504 144 1543 bus
171 1503 410 1569 accepimus
435 1497 652 1567 ἀξίωμα’
679 1515 777 1544 6336
798 1504 862 1544 his
884 1504 1044 1545 uerbis.
1075 1501 1276 1545 λεκτὸν
1301 1520 1364 1546 αυ
1377 1520 1468 1546 το-

12 1601 18 1606 ,
66 1555 224 1607 τελὲς
253 1553 585 1611 ἆπόφαντον
612 1554 747 1600 ὅσον
779 1555 859 1612 ἐφ’
895 1555 1056 1616 αὐτῷ.
1118 1563 1208 1602 Hoc
1227 1574 1305 1613 ego
1325 1574 1470 1613 super·
1487 1570 1507 1602 5

67 1615 159 1656 sedi
172 1620 352 1664 uertere
386 1615 482 1666 quia
512 1616 634 1656 nouis
666 1621 706 1656 et
720 1617 942 1657 incondltis
966 1618 1141 1658 uocibus
1162 1591 1362 1658 utenodum
1383 1620 1468 1667 fuit,

67 1683 172 1722 quas
187 1672 273 1723 pati
293 1683 416 1712 aures
433 1683 510 1723 per
529 1672 791 1713 insolentiam
807 1673 878 1713 uix
901 1680 1092 1724 possent.
1122 1675 1207 1715 Sed
1228 1677 1282 1715 Μ.
1301 1677 1432 1716 Varr
1445 1687 1468 1716 o
1488 1682 1509 1717 6

67 1729 128 1767 de
157 1728 336 1778 lingua
353 1730 535 1769 Latina
566 1729 626 1767 ad
657 1729 966 1770 Ciceronem
997 1736 1185 1780 quarto
1216 1732 1468 1772 uicesimo

67 1784 380 1835 expeditissime
399 1785 456 1825 ita
475 1785 583 1825 finit:
623 1786 963 1836 Proloquium
993 1793 1073 1828 est
1103 1788 1392 1837 sententia,
1423 1789 1469 1828 in

36 1866 39 1867 ν
68 1851 166 1890 qua
192 1841 321 1881 nihil
352 1842 704 1883 desideratur.

0 1941 4 1944 ,
147 1897 235 1937 Erit
262 1903 400 1938 autem
432 1898 619 1949 planius,
658 1898 755 1948 quid
784 1899 897 1939 istud
927 1900 999 1947 sit,
1042 1900 1076 1941 si
1116 1903 1350 1951 exemplum
1381 1901 1469 1942 eius
1487 1906 1507 1943 7

67 1952 307 1995 dixerimus.
364 1948 552 2008 Ἀξίωμα
567 1955 710 2005 igitur,
739 1955 828 1995 siue
851 1956 894 1995 id
912 1957 1210 2007 ‘proloquium'
1230 1958 1368 1997 diceie
1384 1959 1468 2008 pla-

68 2014 157 2058 cet,
185 2010 475 2052 huiuscemodi
506 2016 590 2052 est:
625 2012 844 2051 ‘Hannibal
868 2013 1034 2053 Poenus
1068 2013 1181 2061 fuit';
1212 2014 1368 2064 eScipio
1389 2016 1468 2055 Nu-

0 2099 1 2102 ,
67 2066 261 2106 mantiam
280 2067 472 2117 deleuit'3
506 2071 517 2091 ‘
530 2068 626 2108 Milo
645 2069 784 2109 caedis
802 2069 1049 2118 dampnatus
1072 2074 1181 2118 est';
1214 2074 1225 2093 ⁶
1243 2082 1379 2120 neque
1395 2071 1467 2111 bo-

67 2133 166 2161 num
188 2127 252 2163 est
265 2124 460 2173 uoluptas
477 2135 615 2175 neque
639 2127 831 2173 malum’;
859 2131 900 2165 et
917 2125 1084 2167 omnino
1105 2127 1301 2177 quicquid
1325 2127 1382 2167 'tta
1406 2127 1462 2167 di·
1478 2133 1501 2168 8

69 2177 174 2218 citur
187 2180 311 2230 plena
330 2184 455 2231 atque
472 2182 656 2232 perfecta
677 2182 900 2222 uerborum
924 2183 1145 2231 sententia,
1170 2188 1215 2223 ut
1230 2183 1272 2223 id
1290 2195 1467 2224 necesse

68 2233 123 2274 sit
143 2239 214 2275 aut
237 2247 382 2276 uerum
405 2242 476 2278 aut
496 2239 644 2278 falsum
666 2249 782 2287 esse,
812 2238 854 2278 id
875 2250 899 2278 a
920 2239 1227 2280 dialecticis
1247 2233 1464 2293 “ἆξίωμα’
