1603 2508
537 88 607 126 VI.
639 88 764 135 (VII.)
786 97 894 126 xiiii.
916 98 985 126 xv.
1377 85 1460 126 203

133 199 264 241 Vberi
295 199 474 251 dignitas
517 205 643 251 atque
683 200 912 251 amplitudo
955 204 1038 247 est,
1081 198 1222 250 gracili
1254 204 1458 240 uenustas
1474 207 1496 241 3

17 268 26 294 ὲ
49 262 92 299 et
109 256 328 307 subtilitas,
346 256 535 298 medius
525 269 566 297 m
585 257 766 298 confinio
786 262 851 297 est
866 256 1084 306 utiiusque
1081 227 1216 297 ²³modi
1233 256 1459 307 particeps.

133 333 208 374 His
245 334 418 385 singulis
454 333 654 375 orafionis
686 334 906 375 uiitutibus
937 333 1035 373 uitia
1062 339 1213 383 agnata
1244 338 1340 373 sunt
1371 333 1500 383 pari4

49 403 244 440 numero,
279 403 386 442 quae
419 402 561 431 earum
590 392 761 431 modum
794 397 835 431 et
863 390 1048 430 habitum
1084 389 1316 429 simulacris
1345 389 1460 430 falsis

47 447 342 489 ementiuntur.
405 448 474 489 Sic
509 449 756 499 plerumque
789 447 945 488 sufflati
976 452 1101 497 atque
1133 445 1278 486 tumidi
1318 448 1498 487 fallunt5

47 517 125 556 pro
149 505 371 553 uberibus,
404 506 644 555 squalentes
668 510 708 544 et
723 504 931 544 ieiunidici
955 515 1031 554 pro
1055 503 1290 554 gracilibus,
1316 503 1461 542 incerti

48 566 91 602 et
109 561 291 612 ambigui
317 573 393 611 pro
417 561 710 602 mediocribus.
772 563 884 601 Vera
908 566 1045 601 autem
1069 565 1108 599 et
1129 559 1299 610 propria
1320 560 1459 599 huius·
1476 566 1497 601 6

48 618 216 659 cemodi
239 620 463 659 formarum
485 620 676 669 exempla
702 618 742 658 in
769 618 911 658 Latina
932 618 1070 667 lingua
1097 618 1150 656 Μ.
1175 617 1340 656 Varro
1365 628 1460 656 esse

48 675 147 715 dicit
172 675 372 716 ubertatis
404 675 698 724 Pacuuium,
731 675 970 725 gracilitatis
1001 673 1273 721 Lucilium,
1304 673 1460 713 medio·

49 732 205 772 critatis
230 732 543 772 Terentium.
606 732 690 772 Sed
712 744 760 772 ea
780 732 872 782 ipsa
892 742 1048 782 genera
1065 730 1230 770 dicendi
1259 730 1340 769 iam
1362 729 1461 769 anti-
1479 735 1498 770 7

48 789 189 839 quitus
219 789 369 829 tradita
395 790 445 829 ab
470 790 688 829 Homero
721 795 818 829 sunt
842 788 919 828 tria
938 788 978 828 in
1008 787 1159 827 tribus:
1195 786 1460 837 magnificum

45 844 219 886 inVlixe
241 851 282 885 et
302 846 508 894 ubertum,
532 846 680 885 subtile
698 845 737 885 in
756 847 944 886 Menelao
968 850 1008 885 et
1026 843 1263 892 cohibitum,
1289 843 1459 883 mixtum

46 903 395 953 moderatumque
423 903 463 942 in
485 903 676 943 Nestore.

132 982 441 1023 Animaduersa
466 984 613 1022 eadem
632 982 837 1033 tripertita
860 982 1041 1022 uarietas
1073 987 1136 1022 est
1157 981 1197 1020 in
1220 980 1352 1020 tribus
1374 979 1462 1030 phi·
1477 986 1500 1021 8

46 1039 257 1090 losophis‚
298 1051 405 1089 quos
429 1039 710 1080 Athenienses
751 1040 926 1079 Romam
958 1039 1011 1078 ad
1043 1043 1233 1079 senatum
1264 1036 1460 1088 (populi)

46 1098 291 1146 legauerant
315 1096 585 1146 inpetratum,
612 1096 670 1136 uti
693 1098 862 1136 multam
889 1096 1133 1143 remitteret,
1161 1106 1283 1145 quam
1306 1095 1462 1133 fecerat

45 1152 82 1193 is
115 1157 291 1203 propter
314 1152 441 1203 Oropi
476 1153 770 1193 uastationem.
831 1154 891 1192 Ea
926 1154 1053 1193 multa
1090 1153 1224 1192 fuerat
1259 1153 1461 1190 talentum

47 1211 136 1250 fere
174 1208 458 1259 quingentum.
521 1211 648 1249 Erant
686 1209 754 1249 isti
790 1209 1030 1260 philosophi
1073 1209 1366 1248 Carneades
1413 1213 1499 1248 ex9

46 1265 294 1314 Academia,
333 1265 593 1316 Diogenes
626 1266 814 1314 Stoicus,
852 1266 1114 1306 Critolaus
1144 1264 1460 1315 PeripatetiCus.

46 1324 99 1363 Et
114 1322 154 1362 in
166 1327 357 1362 senatum
370 1323 538 1373 quidem
554 1322 780 1363 introducti
797 1322 1022 1373 interprete
1041 1322 1105 1363 usi
1123 1328 1219 1362 sunt
1232 1323 1273 1361 C.
1286 1324 1319 1360 A
1335 1321 1457 1360 cilio

0 1399 1 1421 i
46 1385 245 1420 senatore
255 1393 266 1428 ;
309 1380 386 1419 sed
414 1385 510 1419 ante
540 1379 621 1430 ipsi
648 1391 842 1420 seorsum
866 1380 1044 1430 quisque
1071 1378 1309 1419 ostentandi
1331 1377 1462 1428 gratia

0 1451 31 1478 w
46 1447 199 1486 magno
225 1441 437 1477 conuentu
457 1436 671 1477 hominum
696 1436 1042 1477 dissertauerunt.
1079 1438 1181 1476 Tum
1199 1434 1461 1475 admirationi
1477 1440 1520 1475 10

0 1493 180 1546 'sffuisse
208 1492 323 1534 alunt
350 1493 579 1534 Rutilius
616 1498 657 1533 et
684 1493 936 1544 Polybius
966 1493 1315 1544 philosophorum
1339 1491 1463 1531 trium

11 1580 23 1585 v.
47 1549 115 1590 sui
141 1549 344 1600 cuiusque
366 1550 531 1600 generis
560 1551 808 1590 facundiam.
872 1550 1130 1598 ‘Violenta’‚
1153 1549 1363 1599 inquiunt,
1400 1552 1464 1587 ‘et

47 1605 193 1657 rapida
220 1607 514 1647 Carneades
551 1607 734 1654 dicebat,
775 1606 877 1647 scita
916 1612 956 1647 et
997 1606 1143 1647 teretia
1184 1606 1461 1651 Critolaus,

20 1663 241 1711 j'modesta
262 1663 522 1713 Diogenes
548 1670 589 1704 et
609 1663 788 1705 sobria'.

131 1729 476 1780 Vnumquodque
503 1734 641 1770 autem
662 1741 815 1781 genus,
848 1735 893 1769 ut
916 1729 1116 1777 diximus,
1140 1741 1234 1769 cum
1253 1733 1366 1768 caste
1389 1739 1518 1778 pu-11

19 1784 227 1836 ·-diceque
243 1792 433 1835 ornatur,
459 1787 504 1827 fit
524 1786 743 1835 illustrius,
769 1798 862 1827 cum
885 1787 1049 1827 fucatur
1065 1792 1189 1837 atque
1206 1785 1460 1836 praefinitur,

33 1841 98 1882 ·fit
117 1842 455 1894 praestigiosum.

718 1946 808 1988 XV.

23 2027 173 2074 *Quam
196 2039 329 2066 seuere
355 2030 523 2066 moribus
549 2030 735 2067 maiorum
766 2031 804 2066 in
829 2030 929 2064 sures
957 2028 1188 2065 uindicatum
1214 2028 1280 2073 sit,
1313 2033 1347 2063 et
1373 2028 1463 2075 quid

110 2085 306 2133 scripserit
331 2086 478 2123 Mucius
497 2085 685 2123 Scaeuola
708 2098 822 2134 super
849 2098 915 2128 eo
952 2085 1054 2132 quod
1075 2085 1309 2121 seruandum
1335 2084 1463 2121 datum

13 2132 53 2187 ξ·
107 2143 436 2180 commodatumue
466 2147 581 2180 esset.

15 2176 52 2242 ὲ7

14 2292 49 2299 ¹—
137 2241 304 2282 Labeo
340 2242 382 2281 in
413 2242 545 2282 libro
584 2244 642 2282 de
680 2242 956 2282 duodecim
995 2242 1190 2282 tabulis
1231 2241 1500 2282 secundol

49 2295 168 2336 -acria
199 2303 240 2338 et
271 2309 422 2339 seuera
450 2299 600 2338 iudicia
623 2300 673 2338 de
707 2299 824 2338 furtis
858 2298 997 2338 habita
1029 2310 1124 2339 esse
1156 2299 1267 2350 apud
1295 2303 1463 2339 ueteres
