1603 2508
647 51 694 91 11.
723 63 809 92 xv1.
832 63 936 92 xvu.
1440 52 1497 95 89

4 185 13 218 s
39 171 46 192 ²
74 166 177 206 Nam
201 164 238 206 si
258 164 326 206 hic
343 164 521 214 Siluius,
550 164 606 205 ita
635 169 681 205 ut
706 165 753 204 in
787 166 1008 206 omnium
1041 167 1199 206 ferme
1229 167 1536 213 annalium3

7 230 13 234 “
75 222 422 264 monumentis
453 222 658 273 scriptum
693 227 777 271 est,
809 228 908 274 post
940 228 1117 264 mortem
1143 225 1347 273 [Aeneae]
1370 229 1494 264 natus

75 285 141 322 est
158 281 214 321 ob
229 291 408 330 eamque
436 291 609 320 causam
632 291 890 330 praenomen
913 281 949 320 ei
971 282 1172 322 Postumo
1198 282 1292 330 fuit,
1321 293 1405 332 qua
1433 293 1496 321 ra-

0 382 5 384 >
25 350 30 352 ·
71 337 188 378 tione
208 337 444 379 subiectum
465 342 549 377 est:

12 443 17 452 ,
133 406 284 456 Quem
316 404 413 445 tibi
446 406 707 454 longaeuo
751 416 923 444 serum
956 405 1174 444 Lauinia
1207 405 1440 445 coniunx

0 467 22 506 2²
131 463 336 504 Educet
367 462 555 502 siluis?

74 533 188 573 Haec
215 531 324 572 enim
346 531 478 570 uerba
504 529 742 579 significare
767 530 898 569 uideri
921 536 1122 580 possunt,
1153 533 1302 571 Aenea
1327 530 1424 570 uiuo
1449 536 1538 571 ac4

0 619 3 622 -
73 590 156 629 iam
172 600 295 637 sene,
328 592 471 628 natum
490 583 528 627 ei
550 586 725 627 Siluium
745 593 786 627 et
803 588 1039 627 educatum.
1102 589 1248 638 ltaque
1276 588 1383 627 hanc
1402 599 1495 628 sen·
1512 595 1535 629 5

0 649 26 698 εξ.
72 646 244 687 tentiam
276 656 373 686 esse
403 645 631 685 uerborum
663 644 839 685 istorum
869 646 963 685 Cae
978 658 997 685 5
1013 645 1172 685 ellius
1214 645 1409 695 opinatus
1442 646 1453 684 i
1471 658 1497 685 n

0 710 20 742 ’ἕ
76 702 460 758 commentario
484 702 646 742 lectio
663 714 778 742 num
803 702 1162 752 antiquarum:
1187 706 1496 753 ‘postuma',

12 764 21 774 ’·
74 761 219 812 inquit,
242 760 471 811 ‘proles'
491 771 590 800 non
618 770 728 799 eum
756 760 1050 809 significat,
1081 759 1166 810 qui
1189 765 1338 809 patre
1367 772 1499 799 rnor—

72 823 190 867 tuo‚
223 817 314 858 sed
343 816 429 867 qui
459 821 726 867 postremo
759 818 874 857 loco
907 823 1059 856 natus
1094 822 1190 856 est:
1222 817 1498 857 sicutiSil-

72 875 215 924 uius,
248 874 356 925 qui,
384 876 564 914 Aenea
590 874 688 913 iam
721 886 869 922 sene,
902 876 1053 914 tardo
1085 886 1317 924 seroque
1340 881 1498 924 partu

74 937 159 974 est
186 931 378 972 editus.
409 931 494 971 Sed
511 930 634 971 huius
652 931 851 971 historiae
873 936 1089 971 auctorem
1113 931 1310 971 idoneum
1338 933 1497 971 nullum
1514 934 1537 970 6

3 1003 12 1006 -
73 989 274 1030 nominat.
302 988 476 1029 Siluium
496 993 634 1027 autern
652 994 751 1039 post
764 992 935 1029 Aeneae
955 994 1144 1037 mortem,
1162 989 1284 1028 sicuti
1302 989 1497 1036 diximus,
1515 994 1538 1030 7

73 1051 217 1087 natum
239 1057 336 1087 esse
369 1045 484 1085 multi
515 1045 787 1086 tradiderunt.

160 1103 321 1143 Idcirco
340 1102 679 1153 Apollinaris
714 1103 988 1153 Sulpicius
1022 1104 1129 1142 inter
1155 1109 1314 1151 cetera,
1345 1104 1385 1142 in
1403 1102 1496 1152 quis
1512 1109 1535 1144 8

76 1159 396 1202 Caesellium
426 1159 721 1209 reprehendit,
752 1161 831 1200 hoc
852 1172 1020 1210 quoque
1048 1160 1137 1199 eius
1167 1160 1288 1210 quasi
1313 1165 1497 1199 erratum

74 1216 351 1258 animaduerit
382 1216 624 1266 errorisque
654 1216 772 1257 istius
798 1218 903 1257 hanc
923 1229 1018 1257 esse
1038 1229 1207 1257 causam
1227 1217 1348 1264 dixit,
1382 1218 1493 1267 quod

76 1274 278 1326 scriptum
297 1274 352 1313 ita
370 1273 442 1313 sit:
467 1276 478 1294 ‘
491 1273 642 1322 Quem
661 1274 755 1313 tibi
779 1276 824 1314 lo
840 1287 863 1313 n
878 1286 936 1324 ga
950 1286 970 1313 e
983 1287 1007 1313 u
1021 1286 1044 1314 o
1057 1278 1084 1322 ⁹,
1103 1275 1247 1324 inquit,
1268 1279 1369 1314 ‘non
1391 1269 1496 1323 seni,

6 1348 22 1370 κ
75 1331 322 1382 significatio
341 1330 450 1370 enim
469 1335 534 1370 est
552 1336 698 1370 contra
715 1332 912 1372 historiae
925 1332 1063 1379 fidem,
1076 1333 1152 1371 sed
1169 1333 1208 1371 in
1226 1333 1398 1381 longum
1416 1332 1497 1370 iam

75 1400 226 1431 aeuum
251 1393 293 1428 et
310 1392 561 1439 perpetuum
577 1394 749 1439 recepto
768 1389 1074 1439 immortalique
1098 1391 1223 1429 sacto.
1284 1389 1496 1429 Anchises
1513 1393 1536 1428 9

8 1466 31 1488 .-
75 1446 197 1495 enim,
217 1445 287 1496 qui
302 1446 406 1484 haec
422 1445 475 1484 ad
493 1444 621 1485 filium
639 1446 748 1494 dicit,
769 1447 1045 1494 sciebatcum,
1066 1458 1159 1486 cuin
1178 1446 1393 1486 hominum
1413 1446 1497 1485 uita

75 1502 369 1550 discessisset,
395 1502 673 1542 immortalem
700 1509 825 1554 atquc
850 1504 1076 1553 indigetem
1099 1505 1283 1544 futurum
1309 1508 1349 1543 et
1367 1504 1493 1553 longo

4 1548 369 1615 '‘{perpetuoque
399 1570 506 1599 aeuo
545 1560 814 1609 potiturum’.
889 1562 980 1600 Hoc
1021 1573 1122 1600 sine
1162 1560 1555 1612 Apollinaiislo

6 1615 33 1650 ’ἑ
73 1621 234 1668 argute.
298 1616 383 1656 Sed
399 1616 511 1656 aliud
531 1621 668 1657 tamen
687 1624 751 1657 est
778 1623 788 1640 ³
806 1620 899 1663 long
898 1630 976 1657 um
990 1621 1002 1639 '
1034 1630 1206 1665 ¹ieuum,
1238 1619 1392 1657 aliud‘
1405 1629 1497 1667 per-

7 1658 42 1717 {5
73 1676 284 1726 petuum’‚
317 1684 456 1724 neque
473 1672 527 1712 dii
548 1675 776 1724 ‘longaeui’
798 1676 946 1726 appell
940 1680 1082 1723 intur,
1103 1676 1180 1714 sed
1198 1651 1496 1715 {inmortalesz

6 1718 44 1849 Ξ
727 1789 803 1829 ΧΥ
807 1789 853 1828 11.

6 1844 42 1931 Ξ
77 1855 298 1895 Cuiusmodi
316 1870 402 1896 esse
422 1864 597 1896 naturam
607 1859 846 1906 quarundam
864 1860 1191 1905 praepositionum
1203 1859 1253 1894 M.
1266 1858 1398 1895 Cicero
1416 1857 1499 1894 ani-

9 1915 49 1951 «ἔ
131 1915 397 1961 maduerterit;
425 1916 753 1964 disceptatumque
778 1917 825 1952 ihi
846 1928 959 1963 super
977 1927 1021 1951 eo
1042 1917 1139 1962 ipso,
1161 1915 1263 1962 quod
1282 1915 1414 1952 Cicero
1433 1917 1498 1951 ob-

135 1978 371 2010 seruauerat.

162 2046 397 2088 obseruate
416 2047 668 2098 curioseque
693 2046 984 2087 animaduertit
1010 2047 1063 2086 M.
1090 2045 1293 2086 Tullius
1322 2046 1424 2085 ‘in’
1458 2051 1498 2086 et
1514 2055 1536 2089 l

76 2105 223 2144 ‘con'
256 2104 595 2156 praepositiones
625 2104 768 2144 uerbis
793 2110 864 2144 aut
879 2103 1098 2143 uocabulis
1116 2103 1381 2154 praepositas
1397 2108 1498 2142 tunc

75 2159 254 2211 produci
271 2165 397 2212 atque
413 2162 621 2213 protendi,
637 2173 730 2202 eum
748 2162 890 2200 literae
909 2166 1200 2209 sequerentur,
1214 2171 1321 2210 quae
1338 2159 1498 2211 primae

77 2216 234 2258 suntin
255 2218 494 2269 ‘sapiente’
522 2224 648 2269 atque
667 2223 678 2241 <
693 2218 811 2258 felice
824 2221 853 2266 ⁹,
872 2218 912 2256 in
931 2216 1020 2256 aliis
1038 2223 1174 2256 autem
1195 2217 1389 2257 omnibus
1408 2227 1498 2257 cor-

78 2278 198 2324 repte
227 2275 504 2325 pronuntiari.

11 2372 43 2418 33
48 2411 50 2413 ,

10 2417 122 2508 ἰὴ
126 2420 143 2508 ¹1'1
154 2471 171 2500 .’
