<?xml version="1.0" encoding="UTF-8"?>
<!DOCTYPE html PUBLIC "-//W3C//DTD XHTML 1.0 Transitional//EN"
    "http://www.w3.org/TR/xhtml1/DTD/xhtml1-transitional.dtd">
<html xmlns="http://www.w3.org/1999/xhtml" xml:lang="en" lang="en">
 <head>
  <title>
</title>
<meta http-equiv="Content-Type" content="text/html;charset=utf-8" />
  <meta name='ocr-system' content='tesseract 3.04.00' />
  <meta name='ocr-capabilities' content='ocr_page ocr_carea ocr_par ocr_line ocrx_word'/>
</head>
<body>
  <div class='ocr_page' id='page_1' title='image "./agelliinoctivmat00gelluoft_0539.png"; bbox 0 0 1635 2492; ppageno 0'>
   <div class='ocr_carea' id='block_1_1' title="bbox 57 0 258 42">
    <p class='ocr_par' dir='ltr' id='par_1_1' title="bbox 57 0 258 42">
     <span class='ocr_line' id='line_1_1' title="bbox 57 0 258 30; baseline -0.02 -14"><span class='ocrx_word' id='word_1_1' title='bbox 57 0 235 30; x_wconf 43' lang='lat' dir='ltr'>-ssff-&#39;&#39;lssf&#39;st&#39;Y&#39;</span> <span class='ocrx_word' id='word_1_2' title='bbox 253 21 258 24; x_wconf 29' lang='grc' dir='ltr'><strong><em>Δ</em></strong></span> 
     </span>
     <span class='ocr_line' id='line_1_2' title="bbox 87 24 160 42; baseline -0.041 -1"><span class='ocrx_word' id='word_1_3' title='bbox 87 24 105 42; x_wconf 55' lang='lat' dir='ltr'>Y·</span> <span class='ocrx_word' id='word_1_4' title='bbox 116 27 134 40; x_wconf 55' lang='lat'>⁸,</span> <span class='ocrx_word' id='word_1_5' title='bbox 151 30 160 38; x_wconf 68' lang='lat' dir='ltr'>a</span> 
     </span>
    </p>
   </div>
   <div class='ocr_carea' id='block_1_2' title="bbox 653 39 1494 82">
    <p class='ocr_par' dir='ltr' id='par_1_2' title="bbox 653 39 1494 82">
     <span class='ocr_line' id='line_1_3' title="bbox 653 39 1494 82; baseline 0.005 -4"><span class='ocrx_word' id='word_1_6' title='bbox 653 39 756 79; x_wconf 89' lang='lat' dir='ltr'>XX.</span> <span class='ocrx_word' id='word_1_7' title='bbox 784 51 826 79; x_wconf 87' lang='lat' dir='ltr'>x.</span> <span class='ocrx_word' id='word_1_8' title='bbox 847 49 906 79; x_wconf 68' lang='grc' dir='ltr'>Χῖ.</span> <span class='ocrx_word' id='word_1_9' title='bbox 1028 72 1038 81; x_wconf 76' lang='lat'><em>.</em></span> <span class='ocrx_word' id='word_1_10' title='bbox 1410 39 1494 82; x_wconf 79' lang='lat'>253</span> 
     </span>
    </p>
   </div>
   <div class='ocr_carea' id='block_1_3' title="bbox 16 152 1540 1798">
    <p class='ocr_par' dir='ltr' id='par_1_3' title="bbox 80 152 1491 254">
     <span class='ocr_line' id='line_1_4' title="bbox 80 152 1491 207; baseline -0.002 -9"><span class='ocrx_word' id='word_1_11' title='bbox 80 156 182 198; x_wconf 88' lang='lat' dir='ltr'>iuris</span> <span class='ocrx_word' id='word_1_12' title='bbox 200 155 340 206; x_wconf 88' lang='lat' dir='ltr'>aliquo</span> <span class='ocrx_word' id='word_1_13' title='bbox 357 154 506 207; x_wconf 91' lang='lat' dir='ltr'>perito.</span> <span class='ocrx_word' id='word_1_14' title='bbox 546 155 629 194; x_wconf 91' lang='lat' dir='ltr'>Eas</span> <span class='ocrx_word' id='word_1_15' title='bbox 649 152 773 204; x_wconf 88' lang='lat' dir='ltr'>igitur</span> <span class='ocrx_word' id='word_1_16' title='bbox 787 158 832 194; x_wconf 92' lang='lat' dir='ltr'>tu</span> <span class='ocrx_word' id='word_1_17' title='bbox 850 156 1051 204; x_wconf 89' lang='lat' dir='ltr'>quoque’,</span> <span class='ocrx_word' id='word_1_18' title='bbox 1083 153 1228 204; x_wconf 89' lang='lat' dir='ltr'>inquit,</span> <span class='ocrx_word' id='word_1_19' title='bbox 1262 158 1320 194; x_wconf 63' lang='lat' dir='ltr'>‘et</span> <span class='ocrx_word' id='word_1_20' title='bbox 1338 154 1491 203; x_wconf 84' lang='lat' dir='ltr'>discas,</span> 
     </span>
     <span class='ocr_line' id='line_1_5' title="bbox 80 208 605 254; baseline -0.01 1"><span class='ocrx_word' id='word_1_21' title='bbox 80 214 195 254; x_wconf 85' lang='lat' dir='ltr'>unde</span> <span class='ocrx_word' id='word_1_22' title='bbox 215 208 344 253; x_wconf 81' lang='lat' dir='ltr'>Enni</span> <span class='ocrx_word' id='word_1_23' title='bbox 356 224 414 252; x_wconf 94' lang='lat' dir='ltr'>us</span> <span class='ocrx_word' id='word_1_24' title='bbox 433 210 605 251; x_wconf 86' lang='lat' dir='ltr'>didicit&#39;.</span> 
     </span>
    </p>

    <p class='ocr_par' dir='ltr' id='par_1_4' title="bbox 16 266 1540 1798">
     <span class='ocr_line' id='line_1_6' title="bbox 166 266 1529 319; baseline -0.001 -9"><span class='ocrx_word' id='word_1_25' title='bbox 166 271 283 311; x_wconf 91' lang='lat' dir='ltr'>Vsus</span> <span class='ocrx_word' id='word_1_26' title='bbox 307 268 482 310; x_wconf 89' lang='lat' dir='ltr'>consilio</span> <span class='ocrx_word' id='word_1_27' title='bbox 501 279 594 308; x_wconf 91' lang='lat' dir='ltr'>sum</span> <span class='ocrx_word' id='word_1_28' title='bbox 610 266 815 317; x_wconf 85' lang='lat' dir='ltr'>magistri,</span> <span class='ocrx_word' id='word_1_29' title='bbox 849 269 964 319; x_wconf 91' lang='lat' dir='ltr'>quod</span> <span class='ocrx_word' id='word_1_30' title='bbox 981 269 1136 308; x_wconf 90' lang='lat' dir='ltr'>docere</span> <span class='ocrx_word' id='word_1_31' title='bbox 1163 268 1254 319; x_wconf 89' lang='lat' dir='ltr'>ipse</span> <span class='ocrx_word' id='word_1_32' title='bbox 1274 269 1489 318; x_wconf 83' lang='lat' dir='ltr'><strong>debuerat,</strong></span> <span class='ocrx_word' id='word_1_33' title='bbox 1507 272 1529 308; x_wconf 90' lang='lat'><strong>6</strong></span> 
     </span>
     <span class='ocr_line' id='line_1_7' title="bbox 80 325 1492 378; baseline -0.003 -10"><span class='ocrx_word' id='word_1_34' title='bbox 80 339 106 368; x_wconf 86' lang='lat' dir='ltr'>a</span> <span class='ocrx_word' id='word_1_35' title='bbox 127 339 211 378; x_wconf 89' lang='lat' dir='ltr'>quo</span> <span class='ocrx_word' id='word_1_36' title='bbox 232 327 451 374; x_wconf 84' lang='lat' dir='ltr'>discerem,</span> <span class='ocrx_word' id='word_1_37' title='bbox 484 326 938 376; x_wconf 84' lang='lat' dir='ltr'>praetermonstrantis.</span> <span class='ocrx_word' id='word_1_38' title='bbox 978 326 1123 375; x_wconf 89' lang='lat' dir='ltr'>Itaque</span> <span class='ocrx_word' id='word_1_39' title='bbox 1138 325 1193 373; x_wconf 91' lang='lat' dir='ltr'>id,</span> <span class='ocrx_word' id='word_1_40' title='bbox 1224 326 1340 375; x_wconf 90' lang='lat' dir='ltr'>quod</span> <span class='ocrx_word' id='word_1_41' title='bbox 1362 337 1415 365; x_wconf 84' lang='lat' dir='ltr'>ex</span> <span class='ocrx_word' id='word_1_42' title='bbox 1435 326 1492 364; x_wconf 90' lang='lat' dir='ltr'>iu-</span> 
     </span>
     <span class='ocr_line' id='line_1_8' title="bbox 79 381 1490 433; baseline -0.002 -9"><span class='ocrx_word' id='word_1_43' title='bbox 79 383 333 424; x_wconf 89' lang='lat' dir='ltr'>reconsultis</span> <span class='ocrx_word' id='word_1_44' title='bbox 365 383 566 433; x_wconf 89' lang='lat' dir='ltr'>quodque</span> <span class='ocrx_word' id='word_1_45' title='bbox 587 393 640 421; x_wconf 86' lang='lat' dir='ltr'>ex</span> <span class='ocrx_word' id='word_1_46' title='bbox 659 381 774 422; x_wconf 83' lang='lat' dir='ltr'>libris</span> <span class='ocrx_word' id='word_1_47' title='bbox 801 393 945 423; x_wconf 88' lang='lat' dir='ltr'>eorum</span> <span class='ocrx_word' id='word_1_48' title='bbox 963 382 1108 430; x_wconf 88' lang='lat' dir='ltr'>didici,</span> <span class='ocrx_word' id='word_1_49' title='bbox 1140 382 1403 422; x_wconf 83' lang='lat' dir='ltr'>inferendum</span> <span class='ocrx_word' id='word_1_50' title='bbox 1426 382 1490 422; x_wconf 84' lang='lat' dir='ltr'>his</span> 
     </span>
     <span class='ocr_line' id='line_1_9' title="bbox 81 438 1490 488; baseline -0.003 -6"><span class='ocrx_word' id='word_1_51' title='bbox 81 439 376 482; x_wconf 73' lang='lat' dir='ltr'>Conmentariis</span> <span class='ocrx_word' id='word_1_52' title='bbox 390 438 636 487; x_wconf 88' lang='lat' dir='ltr'>existimaui,</span> <span class='ocrx_word' id='word_1_53' title='bbox 650 438 845 488; x_wconf 89' lang='lat' dir='ltr'>quoniam</span> <span class='ocrx_word' id='word_1_54' title='bbox 863 439 903 479; x_wconf 89' lang='lat' dir='ltr'>in</span> <span class='ocrx_word' id='word_1_55' title='bbox 921 439 1057 479; x_wconf 91' lang='lat' dir='ltr'>medio</span> <span class='ocrx_word' id='word_1_56' title='bbox 1070 450 1208 479; x_wconf 84' lang='lat' dir='ltr'>rerum</span> <span class='ocrx_word' id='word_1_57' title='bbox 1226 443 1267 479; x_wconf 92' lang='lat' dir='ltr'>et</span> <span class='ocrx_word' id='word_1_58' title='bbox 1278 439 1490 479; x_wconf 87' lang='lat' dir='ltr'>hominum</span> 
     </span>
     <span class='ocr_line' id='line_1_10' title="bbox 78 495 1490 548; baseline -0.002 -10"><span class='ocrx_word' id='word_1_59' title='bbox 78 498 207 538; x_wconf 87' lang='lat' dir='ltr'>uitam</span> <span class='ocrx_word' id='word_1_60' title='bbox 232 496 303 548; x_wconf 93' lang='lat' dir='ltr'>qui</span> <span class='ocrx_word' id='word_1_61' title='bbox 325 498 486 545; x_wconf 87' lang='lat' dir='ltr'>colunt,</span> <span class='ocrx_word' id='word_1_62' title='bbox 508 496 700 546; x_wconf 86' lang='lat' dir='ltr'>ignorare</span> <span class='ocrx_word' id='word_1_63' title='bbox 723 508 806 536; x_wconf 90' lang='lat' dir='ltr'>non</span> <span class='ocrx_word' id='word_1_64' title='bbox 824 501 991 546; x_wconf 90' lang='lat' dir='ltr'>oportet</span> <span class='ocrx_word' id='word_1_65' title='bbox 1014 497 1144 543; x_wconf 79' lang='lat' dir='ltr'>uerba</span> <span class='ocrx_word' id='word_1_66' title='bbox 1162 495 1370 536; x_wconf 85' lang='lat' dir='ltr'>actionum</span> <span class='ocrx_word' id='word_1_67' title='bbox 1395 496 1490 535; x_wconf 92' lang='lat' dir='ltr'>ciui—</span> 
     </span>
     <span class='ocr_line' id='line_1_11' title="bbox 31 550 1528 603; baseline -0.003 -9"><span class='ocrx_word' id='word_1_68' title='bbox 31 550 35 552; x_wconf 59' lang='grc'><strong><em>’</em></strong></span> <span class='ocrx_word' id='word_1_69' title='bbox 79 555 177 595; x_wconf 89' lang='lat' dir='ltr'>lium</span> <span class='ocrx_word' id='word_1_70' title='bbox 204 554 444 594; x_wconf 82' lang='lat' dir='ltr'>celebriora.</span> <span class='ocrx_word' id='word_1_71' title='bbox 484 554 687 602; x_wconf 57' lang='lat' dir='ltr'>(tManum</span> <span class='ocrx_word' id='word_1_72' title='bbox 711 557 984 601; x_wconf 89' lang='lat' dir='ltr'>conserere&#39;.)</span> <span class='ocrx_word' id='word_1_73' title='bbox 1042 554 1143 592; x_wconf 87' lang='lat' dir='ltr'>Nam</span> <span class='ocrx_word' id='word_1_74' title='bbox 1164 554 1215 593; x_wconf 92' lang='lat' dir='ltr'>de</span> <span class='ocrx_word' id='word_1_75' title='bbox 1238 565 1319 603; x_wconf 87' lang='lat' dir='ltr'>qua</span> <span class='ocrx_word' id='word_1_76' title='bbox 1342 565 1386 592; x_wconf 85' lang='lat' dir='ltr'>re</span> <span class='ocrx_word' id='word_1_77' title='bbox 1409 553 1490 593; x_wconf 85' lang='lat' dir='ltr'>‹lis-</span> <span class='ocrx_word' id='word_1_78' title='bbox 1507 554 1528 590; x_wconf 90' lang='grc'><strong>7</strong></span> 
     </span>
     <span class='ocr_line' id='line_1_12' title="bbox 81 610 1488 663; baseline -0.003 -11"><span class='ocrx_word' id='word_1_79' title='bbox 81 616 272 663; x_wconf 87' lang='lat' dir='ltr'>ceptatur</span> <span class='ocrx_word' id='word_1_80' title='bbox 294 611 335 650; x_wconf 89' lang='lat' dir='ltr'>in</span> <span class='ocrx_word' id='word_1_81' title='bbox 355 610 445 650; x_wconf 90' lang='lat' dir='ltr'>iure</span> <span class='ocrx_word' id='word_1_82' title='bbox 463 610 518 659; x_wconf 91' lang='lat' dir='ltr'>[in</span> <span class='ocrx_word' id='word_1_83' title='bbox 546 614 607 658; x_wconf 86' lang='lat' dir='ltr'>re]</span> <span class='ocrx_word' id='word_1_84' title='bbox 636 611 867 660; x_wconf 78' lang='lat' dir='ltr'>praesenti,</span> <span class='ocrx_word' id='word_1_85' title='bbox 895 610 984 651; x_wconf 91' lang='lat' dir='ltr'>siue</span> <span class='ocrx_word' id='word_1_86' title='bbox 1012 622 1111 660; x_wconf 80' lang='lat' dir='ltr'>ager</span> <span class='ocrx_word' id='word_1_87' title='bbox 1137 610 1224 650; x_wconf 88' lang='lat' dir='ltr'>siue</span> <span class='ocrx_word' id='word_1_88' title='bbox 1253 611 1351 660; x_wconf 89' lang='lat' dir='ltr'>quid</span> <span class='ocrx_word' id='word_1_89' title='bbox 1377 610 1488 649; x_wconf 91' lang='lat' dir='ltr'>aliud</span> 
     </span>
     <span class='ocr_line' id='line_1_13' title="bbox 80 667 1489 718; baseline -0.003 -9"><span class='ocrx_word' id='word_1_90' title='bbox 80 673 167 717; x_wconf 87' lang='lat' dir='ltr'>est,</span> <span class='ocrx_word' id='word_1_91' title='bbox 189 679 282 708; x_wconf 92' lang='lat' dir='ltr'>cum</span> <span class='ocrx_word' id='word_1_92' title='bbox 308 667 550 708; x_wconf 90' lang='lat' dir='ltr'>aduersario</span> <span class='ocrx_word' id='word_1_93' title='bbox 577 667 697 707; x_wconf 91' lang='lat' dir='ltr'>simul</span> <span class='ocrx_word' id='word_1_94' title='bbox 719 678 843 707; x_wconf 87' lang='lat' dir='ltr'>manu</span> <span class='ocrx_word' id='word_1_95' title='bbox 862 669 1069 718; x_wconf 85' lang='lat' dir='ltr'>prendere</span> <span class='ocrx_word' id='word_1_96' title='bbox 1087 672 1127 707; x_wconf 91' lang='lat' dir='ltr'>et</span> <span class='ocrx_word' id='word_1_97' title='bbox 1143 667 1182 707; x_wconf 93' lang='lat' dir='ltr'>in</span> <span class='ocrx_word' id='word_1_98' title='bbox 1203 678 1251 706; x_wconf 89' lang='lat' dir='ltr'>ea</span> <span class='ocrx_word' id='word_1_99' title='bbox 1268 679 1314 707; x_wconf 89' lang='lat' dir='ltr'>re</span> <span class='ocrx_word' id='word_1_100' title='bbox 1332 668 1489 715; x_wconf 87' lang='lat' dir='ltr'>[soll]e-</span> 
     </span>
     <span class='ocr_line' id='line_1_14' title="bbox 79 723 1526 774; baseline -0.003 -9"><span class='ocrx_word' id='word_1_101' title='bbox 79 725 244 765; x_wconf 89' lang='lat' dir='ltr'>mnibus</span> <span class='ocrx_word' id='word_1_102' title='bbox 266 723 407 765; x_wconf 89' lang='lat' dir='ltr'>uerbis</span> <span class='ocrx_word' id='word_1_103' title='bbox 423 724 657 771; x_wconf 88' lang='lat' dir='ltr'>uindicare,</span> <span class='ocrx_word' id='word_1_104' title='bbox 686 724 727 763; x_wconf 92' lang='lat' dir='ltr'>id</span> <span class='ocrx_word' id='word_1_105' title='bbox 746 729 810 764; x_wconf 89' lang='lat' dir='ltr'>est</span> <span class='ocrx_word' id='word_1_106' title='bbox 832 724 1059 764; x_wconf 72' lang='lat' dir='ltr'>‘uindicia&#39;.</span> <span class='ocrx_word' id='word_1_107' title='bbox 1091 725 1306 774; x_wconf 80' lang='lat' dir='ltr'>Correptio</span> <span class='ocrx_word' id='word_1_108' title='bbox 1339 735 1487 764; x_wconf 87' lang='lat' dir='ltr'>manus</span> <span class='ocrx_word' id='word_1_109' title='bbox 1504 725 1526 761; x_wconf 82' lang='lat'>8</span> 
     </span>
     <span class='ocr_line' id='line_1_15' title="bbox 77 781 1486 832; baseline -0.001 -10"><span class='ocrx_word' id='word_1_110' title='bbox 77 782 118 822; x_wconf 86' lang='lat' dir='ltr'>in</span> <span class='ocrx_word' id='word_1_111' title='bbox 143 794 189 822; x_wconf 89' lang='lat' dir='ltr'>re</span> <span class='ocrx_word' id='word_1_112' title='bbox 214 787 340 832; x_wconf 89' lang='lat' dir='ltr'>atque</span> <span class='ocrx_word' id='word_1_113' title='bbox 373 781 412 821; x_wconf 93' lang='lat' dir='ltr'>in</span> <span class='ocrx_word' id='word_1_114' title='bbox 439 783 532 822; x_wconf 89' lang='lat' dir='ltr'>loco</span> <span class='ocrx_word' id='word_1_115' title='bbox 558 781 768 831; x_wconf 77' lang='lat' dir='ltr'>praesenti</span> <span class='ocrx_word' id='word_1_116' title='bbox 793 783 905 831; x_wconf 87' lang='lat' dir='ltr'>apud</span> <span class='ocrx_word' id='word_1_117' title='bbox 922 787 1159 832; x_wconf 79' lang='lat' dir='ltr'>praetorem</span> <span class='ocrx_word' id='word_1_118' title='bbox 1180 793 1232 821; x_wconf 80' lang='lat' dir='ltr'>ex</span> <span class='ocrx_word' id='word_1_119' title='bbox 1263 781 1486 822; x_wconf 85' lang='lat' dir='ltr'>duodecim</span> 
     </span>
     <span class='ocr_line' id='line_1_16' title="bbox 77 837 1485 889; baseline -0.001 -10"><span class='ocrx_word' id='word_1_120' title='bbox 77 839 229 879; x_wconf 86' lang='lat' dir='ltr'>tabulis</span> <span class='ocrx_word' id='word_1_121' title='bbox 251 839 395 886; x_wconf 89' lang='lat' dir='ltr'>fiebat,</span> <span class='ocrx_word' id='word_1_122' title='bbox 427 838 466 877; x_wconf 89' lang='lat' dir='ltr'>in</span> <span class='ocrx_word' id='word_1_123' title='bbox 494 838 642 888; x_wconf 81' lang='lat' dir='ltr'>quibus</span> <span class='ocrx_word' id='word_1_124' title='bbox 664 837 720 877; x_wconf 83' lang='lat' dir='ltr'>ita</span> <span class='ocrx_word' id='word_1_125' title='bbox 751 838 950 889; x_wconf 85' lang='lat' dir='ltr'>scriptum</span> <span class='ocrx_word' id='word_1_126' title='bbox 980 843 1066 878; x_wconf 91' lang='lat' dir='ltr'>est:</span> <span class='ocrx_word' id='word_1_127' title='bbox 1101 839 1143 878; x_wconf 92' lang='lat' dir='ltr'>si</span> <span class='ocrx_word' id='word_1_128' title='bbox 1177 838 1261 888; x_wconf 90' lang='lat' dir='ltr'>qui</span> <span class='ocrx_word' id='word_1_129' title='bbox 1294 838 1341 878; x_wconf 91' lang='lat' dir='ltr'>in</span> <span class='ocrx_word' id='word_1_130' title='bbox 1373 838 1485 878; x_wconf 91' lang='lat' dir='ltr'>iure</span> 
     </span>
     <span class='ocr_line' id='line_1_17' title="bbox 78 895 1524 946; baseline -0.003 -10"><span class='ocrx_word' id='word_1_131' title='bbox 78 907 274 936; x_wconf 87' lang='lat' dir='ltr'>manum</span> <span class='ocrx_word' id='word_1_132' title='bbox 296 900 594 936; x_wconf 81' lang='lat' dir='ltr'>conserunt.</span> <span class='ocrx_word' id='word_1_133' title='bbox 630 895 714 935; x_wconf 90' lang='lat' dir='ltr'>Sed</span> <span class='ocrx_word' id='word_1_134' title='bbox 740 901 966 946; x_wconf 86' lang='lat' dir='ltr'>postquam</span> <span class='ocrx_word' id='word_1_135' title='bbox 997 901 1216 946; x_wconf 82' lang='lat' dir='ltr'>praetores</span> <span class='ocrx_word' id='word_1_136' title='bbox 1242 895 1485 946; x_wconf 82' lang='lat' dir='ltr'>propagatis</span> <span class='ocrx_word' id='word_1_137' title='bbox 1503 896 1524 931; x_wconf 87' lang='lat'>9</span> 
     </span>
     <span class='ocr_line' id='line_1_18' title="bbox 77 952 1484 1003; baseline -0.001 -10"><span class='ocrx_word' id='word_1_138' title='bbox 77 953 218 993; x_wconf 88' lang='lat' dir='ltr'>Italiae</span> <span class='ocrx_word' id='word_1_139' title='bbox 253 952 427 1001; x_wconf 86' lang='lat' dir='ltr'>finibus,</span> <span class='ocrx_word' id='word_1_140' title='bbox 472 953 577 992; x_wconf 87' lang='lat' dir='ltr'>datis</span> <span class='ocrx_word' id='word_1_141' title='bbox 616 952 1008 1001; x_wconf 77' lang='lat' dir='ltr'>iurisdictioni(l&gt;u)s</span> <span class='ocrx_word' id='word_1_142' title='bbox 1054 952 1232 1002; x_wconf 84' lang='lat' dir='ltr'>negotiis</span> <span class='ocrx_word' id='word_1_143' title='bbox 1278 953 1484 1003; x_wconf 84' lang='lat' dir='ltr'>occupati,</span> 
     </span>
     <span class='ocr_line' id='line_1_19' title="bbox 76 1009 1485 1061; baseline -0.001 -10"><span class='ocrx_word' id='word_1_144' title='bbox 76 1009 325 1061; x_wconf 81' lang='lat' dir='ltr'>p[rof]icisci</span> <span class='ocrx_word' id='word_1_145' title='bbox 341 1009 613 1049; x_wconf 89' lang='lat' dir='ltr'>uindiciarum</span> <span class='ocrx_word' id='word_1_146' title='bbox 627 1009 893 1049; x_wconf 89' lang='lat' dir='ltr'>dicendarum</span> <span class='ocrx_word' id='word_1_147' title='bbox 912 1021 1039 1050; x_wconf 83' lang='lat' dir='ltr'>causa</span> <span class='ocrx_word' id='word_1_148' title='bbox 1052 1011 1135 1058; x_wconf 85' lang='lat' dir='ltr'>[ad]</span> <span class='ocrx_word' id='word_1_149' title='bbox 1149 1009 1399 1060; x_wconf 82' lang='lat' dir='ltr'>longinquas</span> <span class='ocrx_word' id='word_1_150' title='bbox 1419 1021 1485 1050; x_wconf 91' lang='lat' dir='ltr'>res</span> 
     </span>
     <span class='ocr_line' id='line_1_20' title="bbox 76 1066 1483 1117; baseline -0.001 -10"><span class='ocrx_word' id='word_1_151' title='bbox 76 1067 379 1117; x_wconf 88' lang='lat' dir='ltr'>grauabantur,</span> <span class='ocrx_word' id='word_1_152' title='bbox 413 1066 641 1106; x_wconf 88' lang='lat' dir='ltr'>institutum</span> <span class='ocrx_word' id='word_1_153' title='bbox 668 1072 732 1106; x_wconf 88' lang='lat' dir='ltr'>est</span> <span class='ocrx_word' id='word_1_154' title='bbox 753 1072 898 1106; x_wconf 88' lang='lat' dir='ltr'>contra</span> <span class='ocrx_word' id='word_1_155' title='bbox 920 1067 1143 1107; x_wconf 88' lang='lat' dir='ltr'>duodecim</span> <span class='ocrx_word' id='word_1_156' title='bbox 1173 1067 1335 1106; x_wconf 85' lang='lat' dir='ltr'>tabulas</span> <span class='ocrx_word' id='word_1_157' title='bbox 1359 1067 1483 1106; x_wconf 88' lang='lat' dir='ltr'>tacito</span> 
     </span>
     <span class='ocr_line' id='line_1_21' title="bbox 78 1123 1484 1174; baseline -0.001 -10"><span class='ocrx_word' id='word_1_158' title='bbox 78 1128 338 1173; x_wconf 88' lang='lat' dir='ltr'>[con]sensu,</span> <span class='ocrx_word' id='word_1_159' title='bbox 355 1128 401 1163; x_wconf 93' lang='lat' dir='ltr'>ut</span> <span class='ocrx_word' id='word_1_160' title='bbox 417 1123 623 1173; x_wconf 84' lang='lat' dir='ltr'>litigantes</span> <span class='ocrx_word' id='word_1_161' title='bbox 649 1135 732 1163; x_wconf 84' lang='lat' dir='ltr'>non</span> <span class='ocrx_word' id='word_1_162' title='bbox 756 1124 796 1162; x_wconf 88' lang='lat' dir='ltr'>in</span> <span class='ocrx_word' id='word_1_163' title='bbox 814 1124 900 1162; x_wconf 81' lang='lat' dir='ltr'>iure</span> <span class='ocrx_word' id='word_1_164' title='bbox 929 1124 1040 1174; x_wconf 91' lang='lat' dir='ltr'>apud</span> <span class='ocrx_word' id='word_1_165' title='bbox 1060 1128 1299 1174; x_wconf 85' lang='lat' dir='ltr'>praetorem</span> <span class='ocrx_word' id='word_1_166' title='bbox 1317 1135 1484 1163; x_wconf 89' lang='lat' dir='ltr'>manum</span> 
     </span>
     <span class='ocr_line' id='line_1_22' title="bbox 77 1179 1484 1228; baseline -0.001 -7"><span class='ocrx_word' id='word_1_167' title='bbox 77 1184 368 1227; x_wconf 88' lang='lat' dir='ltr'>consererent,</span> <span class='ocrx_word' id='word_1_168' title='bbox 400 1180 476 1220; x_wconf 91' lang='lat' dir='ltr'>sed</span> <span class='ocrx_word' id='word_1_169' title='bbox 500 1183 511 1201; x_wconf 73' lang='lat'><em>‘</em></span> <span class='ocrx_word' id='word_1_170' title='bbox 526 1191 577 1219; x_wconf 85' lang='lat' dir='ltr'>ex</span> <span class='ocrx_word' id='word_1_171' title='bbox 600 1179 687 1219; x_wconf 89' lang='lat' dir='ltr'>iure</span> <span class='ocrx_word' id='word_1_172' title='bbox 713 1192 878 1219; x_wconf 88' lang='lat' dir='ltr'>manum</span> <span class='ocrx_word' id='word_1_173' title='bbox 902 1183 1168 1220; x_wconf 86' lang='lat' dir='ltr'>consertum&#39;</span> <span class='ocrx_word' id='word_1_174' title='bbox 1192 1185 1412 1228; x_wconf 88' lang='lat' dir='ltr'>uocarent,</span> <span class='ocrx_word' id='word_1_175' title='bbox 1443 1180 1484 1219; x_wconf 92' lang='lat' dir='ltr'>id</span> 
     </span>
     <span class='ocr_line' id='line_1_23' title="bbox 76 1236 1482 1285; baseline -0.001 -8"><span class='ocrx_word' id='word_1_176' title='bbox 76 1242 142 1277; x_wconf 90' lang='lat' dir='ltr'>est</span> <span class='ocrx_word' id='word_1_177' title='bbox 159 1238 262 1277; x_wconf 90' lang='lat' dir='ltr'>alter</span> <span class='ocrx_word' id='word_1_178' title='bbox 279 1237 452 1276; x_wconf 86' lang='lat' dir='ltr'>alterum</span> <span class='ocrx_word' id='word_1_179' title='bbox 471 1247 522 1276; x_wconf 88' lang='lat' dir='ltr'>ex</span> <span class='ocrx_word' id='word_1_180' title='bbox 542 1236 630 1276; x_wconf 90' lang='lat' dir='ltr'>iure</span> <span class='ocrx_word' id='word_1_181' title='bbox 659 1237 711 1276; x_wconf 88' lang='lat' dir='ltr'>ad</span> <span class='ocrx_word' id='word_1_182' title='bbox 728 1238 1033 1278; x_wconf 88' lang='lat' dir='ltr'>conserendam</span> <span class='ocrx_word' id='word_1_183' title='bbox 1049 1248 1216 1276; x_wconf 88' lang='lat' dir='ltr'>manum</span> <span class='ocrx_word' id='word_1_184' title='bbox 1239 1237 1279 1276; x_wconf 90' lang='lat' dir='ltr'>in</span> <span class='ocrx_word' id='word_1_185' title='bbox 1297 1249 1397 1285; x_wconf 89' lang='lat' dir='ltr'>rem,</span> <span class='ocrx_word' id='word_1_186' title='bbox 1432 1238 1482 1276; x_wconf 89' lang='lat' dir='ltr'>de</span> 
     </span>
     <span class='ocr_line' id='line_1_24' title="bbox 76 1294 1481 1345; baseline 0 -11"><span class='ocrx_word' id='word_1_187' title='bbox 76 1305 160 1344; x_wconf 86' lang='lat' dir='ltr'>qua</span> <span class='ocrx_word' id='word_1_188' title='bbox 175 1298 382 1344; x_wconf 90' lang='lat' dir='ltr'>ageretur,</span> <span class='ocrx_word' id='word_1_189' title='bbox 415 1298 588 1333; x_wconf 86' lang='lat' dir='ltr'>uocaret</span> <span class='ocrx_word' id='word_1_190' title='bbox 605 1299 730 1344; x_wconf 88' lang='lat' dir='ltr'>atque</span> <span class='ocrx_word' id='word_1_191' title='bbox 747 1294 924 1345; x_wconf 85' lang='lat' dir='ltr'>profecti</span> <span class='ocrx_word' id='word_1_192' title='bbox 942 1294 1063 1334; x_wconf 90' lang='lat' dir='ltr'>simul</span> <span class='ocrx_word' id='word_1_193' title='bbox 1080 1294 1119 1333; x_wconf 89' lang='lat' dir='ltr'>in</span> <span class='ocrx_word' id='word_1_194' title='bbox 1143 1305 1299 1344; x_wconf 86' lang='lat' dir='ltr'>agrum,</span> <span class='ocrx_word' id='word_1_195' title='bbox 1328 1295 1379 1333; x_wconf 92' lang='lat' dir='ltr'>de</span> <span class='ocrx_word' id='word_1_196' title='bbox 1399 1305 1481 1344; x_wconf 89' lang='lat' dir='ltr'>quo</span> 
     </span>
     <span class='ocr_line' id='line_1_25' title="bbox 75 1345 1482 1401; baseline 0 -11"><span class='ocrx_word' id='word_1_197' title='bbox 75 1345 323 1401; x_wconf 71' lang='lat' dir='ltr'>litigabatur,</span> <span class='ocrx_word' id='word_1_198' title='bbox 350 1355 486 1390; x_wconf 87' lang='lat' dir='ltr'>terrae</span> <span class='ocrx_word' id='word_1_199' title='bbox 508 1350 662 1400; x_wconf 87' lang='lat' dir='ltr'>aliquid</span> <span class='ocrx_word' id='word_1_200' title='bbox 681 1362 732 1390; x_wconf 82' lang='lat' dir='ltr'>ex</span> <span class='ocrx_word' id='word_1_201' title='bbox 758 1363 830 1399; x_wconf 87' lang='lat' dir='ltr'>eo,</span> <span class='ocrx_word' id='word_1_202' title='bbox 861 1351 920 1390; x_wconf 87' lang='lat' dir='ltr'>uti</span> <span class='ocrx_word' id='word_1_203' title='bbox 936 1363 1061 1391; x_wconf 90' lang='lat' dir='ltr'>unam</span> <span class='ocrx_word' id='word_1_204' title='bbox 1087 1352 1273 1400; x_wconf 84' lang='lat' dir='ltr'>glebam,</span> <span class='ocrx_word' id='word_1_205' title='bbox 1302 1351 1342 1390; x_wconf 85' lang='lat' dir='ltr'>in</span> <span class='ocrx_word' id='word_1_206' title='bbox 1362 1351 1424 1391; x_wconf 90' lang='lat' dir='ltr'>ius</span> <span class='ocrx_word' id='word_1_207' title='bbox 1443 1351 1482 1390; x_wconf 85' lang='lat' dir='ltr'>in</span> 
     </span>
     <span class='ocr_line' id='line_1_26' title="bbox 73 1407 1479 1458; baseline -0.001 -11"><span class='ocrx_word' id='word_1_208' title='bbox 73 1407 220 1448; x_wconf 90' lang='lat' dir='ltr'>urbem</span> <span class='ocrx_word' id='word_1_209' title='bbox 250 1407 304 1446; x_wconf 91' lang='lat' dir='ltr'>ad</span> <span class='ocrx_word' id='word_1_210' title='bbox 328 1413 564 1458; x_wconf 86' lang='lat' dir='ltr'>praetorem</span> <span class='ocrx_word' id='word_1_211' title='bbox 598 1408 807 1448; x_wconf 83' lang='lat' dir='ltr'>deferrent</span> <span class='ocrx_word' id='word_1_212' title='bbox 839 1414 879 1448; x_wconf 92' lang='lat' dir='ltr'>et</span> <span class='ocrx_word' id='word_1_213' title='bbox 900 1408 940 1447; x_wconf 91' lang='lat' dir='ltr'>in</span> <span class='ocrx_word' id='word_1_214' title='bbox 960 1420 1009 1448; x_wconf 93' lang='lat' dir='ltr'>ea</span> <span class='ocrx_word' id='word_1_215' title='bbox 1030 1408 1172 1458; x_wconf 80' lang='lat' dir='ltr'>gleba,</span> <span class='ocrx_word' id='word_1_216' title='bbox 1207 1414 1417 1458; x_wconf 87' lang='lat' dir='ltr'>tamquam</span> <span class='ocrx_word' id='word_1_217' title='bbox 1440 1408 1479 1447; x_wconf 88' lang='lat' dir='ltr'>in</span> 
     </span>
     <span class='ocr_line' id='line_1_27' title="bbox 72 1463 1540 1515; baseline -0.001 -10"><span class='ocrx_word' id='word_1_218' title='bbox 72 1469 162 1505; x_wconf 88' lang='lat' dir='ltr'>toto</span> <span class='ocrx_word' id='word_1_219' title='bbox 185 1475 300 1514; x_wconf 88' lang='lat' dir='ltr'>agro,</span> <span class='ocrx_word' id='word_1_220' title='bbox 330 1464 603 1504; x_wconf 85' lang='lat' dir='ltr'>uindicarent.</span> <span class='ocrx_word' id='word_1_221' title='bbox 666 1465 824 1505; x_wconf 85' lang='lat' dir='ltr'>Idcirco</span> <span class='ocrx_word' id='word_1_222' title='bbox 848 1466 1042 1505; x_wconf 83' lang='lat' dir='ltr'>Ennius</span> <span class='ocrx_word' id='word_1_223' title='bbox 1068 1465 1303 1515; x_wconf 88' lang='lat' dir='ltr'>significare</span> <span class='ocrx_word' id='word_1_224' title='bbox 1331 1466 1479 1505; x_wconf 88' lang='lat' dir='ltr'>uolens</span> <span class='ocrx_word' id='word_1_225' title='bbox 1497 1463 1540 1497; x_wconf 82' lang='lat'>10</span> 
     </span>
     <span class='ocr_line' id='line_1_28' title="bbox 73 1521 1482 1572; baseline 0.001 -12"><span class='ocrx_word' id='word_1_226' title='bbox 73 1521 276 1570; x_wconf 87' lang='lat' dir='ltr'>(bellum),</span> <span class='ocrx_word' id='word_1_227' title='bbox 305 1533 402 1570; x_wconf 92' lang='lat' dir='ltr'>non,</span> <span class='ocrx_word' id='word_1_228' title='bbox 430 1527 475 1561; x_wconf 87' lang='lat' dir='ltr'>ut</span> <span class='ocrx_word' id='word_1_229' title='bbox 492 1522 544 1561; x_wconf 90' lang='lat' dir='ltr'>ad</span> <span class='ocrx_word' id='word_1_230' title='bbox 563 1527 798 1571; x_wconf 87' lang='lat' dir='ltr'>praetorem</span> <span class='ocrx_word' id='word_1_231' title='bbox 817 1523 983 1562; x_wconf 90' lang='lat' dir='ltr'>solitum</span> <span class='ocrx_word' id='word_1_232' title='bbox 1003 1529 1078 1569; x_wconf 90' lang='lat' dir='ltr'>est,</span> <span class='ocrx_word' id='word_1_233' title='bbox 1105 1522 1295 1572; x_wconf 89' lang='lat' dir='ltr'>legitimis</span> <span class='ocrx_word' id='word_1_234' title='bbox 1315 1522 1482 1563; x_wconf 89' lang='lat' dir='ltr'>actioni-</span> 
     </span>
     <span class='ocr_line' id='line_1_29' title="bbox 71 1577 1484 1629; baseline 0.001 -12"><span class='ocrx_word' id='word_1_235' title='bbox 71 1578 151 1618; x_wconf 91' lang='lat' dir='ltr'>bus</span> <span class='ocrx_word' id='word_1_236' title='bbox 168 1589 306 1627; x_wconf 88' lang='lat' dir='ltr'>neque</span> <span class='ocrx_word' id='word_1_237' title='bbox 331 1589 383 1617; x_wconf 86' lang='lat' dir='ltr'>ex</span> <span class='ocrx_word' id='word_1_238' title='bbox 406 1577 494 1617; x_wconf 86' lang='lat' dir='ltr'>iure</span> <span class='ocrx_word' id='word_1_239' title='bbox 511 1590 678 1618; x_wconf 86' lang='lat' dir='ltr'>manum</span> <span class='ocrx_word' id='word_1_240' title='bbox 698 1585 958 1626; x_wconf 87' lang='lat' dir='ltr'>consertum,</span> <span class='ocrx_word' id='word_1_241' title='bbox 992 1580 1067 1619; x_wconf 86' lang='lat' dir='ltr'>sed</span> <span class='ocrx_word' id='word_1_242' title='bbox 1090 1580 1198 1619; x_wconf 85' lang='lat' dir='ltr'>bello</span> <span class='ocrx_word' id='word_1_243' title='bbox 1221 1581 1415 1629; x_wconf 82' lang='lat' dir='ltr'>ferroque</span> <span class='ocrx_word' id='word_1_244' title='bbox 1444 1585 1484 1619; x_wconf 92' lang='lat' dir='ltr'>et</span> 
     </span>
     <span class='ocr_line' id='line_1_30' title="bbox 73 1634 1480 1686; baseline 0.001 -12"><span class='ocrx_word' id='word_1_245' title='bbox 73 1646 175 1674; x_wconf 89' lang='lat' dir='ltr'>uera</span> <span class='ocrx_word' id='word_1_246' title='bbox 190 1634 232 1674; x_wconf 93' lang='lat' dir='ltr'>ui</span> <span class='ocrx_word' id='word_1_247' title='bbox 254 1640 378 1684; x_wconf 84' lang='lat' dir='ltr'>atque</span> <span class='ocrx_word' id='word_1_248' title='bbox 401 1635 536 1674; x_wconf 85' lang='lat' dir='ltr'>solida</span> <span class='ocrx_word' id='word_1_249' title='bbox 555 1640 587 1683; x_wconf 94' lang='lat'>[.</span> <span class='ocrx_word' id='word_1_250' title='bbox 603 1665 611 1674; x_wconf 91' lang='lat'><strong>.</strong></span> <span class='ocrx_word' id='word_1_251' title='bbox 629 1665 637 1674; x_wconf 91' lang='lat'><strong>.</strong></span> <span class='ocrx_word' id='word_1_252' title='bbox 652 1639 708 1683; x_wconf 91' lang='lat'>.];</span> <span class='ocrx_word' id='word_1_253' title='bbox 741 1637 852 1686; x_wconf 84' lang='lat' dir='ltr'>quod</span> <span class='ocrx_word' id='word_1_254' title='bbox 871 1637 1037 1676; x_wconf 90' lang='lat' dir='ltr'>uidetur</span> <span class='ocrx_word' id='word_1_255' title='bbox 1058 1636 1237 1684; x_wconf 84' lang='lat' dir='ltr'>dixisse,</span> <span class='ocrx_word' id='word_1_256' title='bbox 1259 1638 1480 1676; x_wconf 82' lang='lat' dir='ltr'>conserens</span> 
     </span>
     <span class='ocr_line' id='line_1_31' title="bbox 73 1691 1480 1744; baseline 0.001 -14"><span class='ocrx_word' id='word_1_257' title='bbox 73 1691 155 1731; x_wconf 90' lang='lat' dir='ltr'>uim</span> <span class='ocrx_word' id='word_1_258' title='bbox 175 1691 285 1730; x_wconf 91' lang='lat' dir='ltr'>illam</span> <span class='ocrx_word' id='word_1_259' title='bbox 303 1691 464 1731; x_wconf 87' lang='lat' dir='ltr'>ciuilem</span> <span class='ocrx_word' id='word_1_260' title='bbox 483 1697 523 1731; x_wconf 88' lang='lat' dir='ltr'>et</span> <span class='ocrx_word' id='word_1_261' title='bbox 543 1693 827 1744; x_wconf 87' lang='lat' dir='ltr'>festucariam,</span> <span class='ocrx_word' id='word_1_262' title='bbox 864 1704 970 1743; x_wconf 89' lang='lat' dir='ltr'>quae</span> <span class='ocrx_word' id='word_1_263' title='bbox 999 1693 1125 1732; x_wconf 85' lang='lat' dir='ltr'>uerbo</span> <span class='ocrx_word' id='word_1_264' title='bbox 1146 1693 1363 1741; x_wconf 85' lang='lat' dir='ltr'>diceretur,</span> <span class='ocrx_word' id='word_1_265' title='bbox 1396 1705 1480 1733; x_wconf 86' lang='lat' dir='ltr'>non</span> 
     </span>
     <span class='ocr_line' id='line_1_32' title="bbox 16 1748 1111 1798; baseline 0 -10"><span class='ocrx_word' id='word_1_266' title='bbox 16 1773 18 1775; x_wconf 36' lang='lat' dir='ltr'>v</span> <span class='ocrx_word' id='word_1_267' title='bbox 73 1759 181 1798; x_wconf 89' lang='lat' dir='ltr'>quae</span> <span class='ocrx_word' id='word_1_268' title='bbox 204 1759 328 1788; x_wconf 86' lang='lat' dir='ltr'>manu</span> <span class='ocrx_word' id='word_1_269' title='bbox 350 1748 485 1796; x_wconf 88' lang='lat' dir='ltr'>fieret,</span> <span class='ocrx_word' id='word_1_270' title='bbox 520 1760 613 1788; x_wconf 91' lang='lat' dir='ltr'>cum</span> <span class='ocrx_word' id='word_1_271' title='bbox 635 1749 677 1788; x_wconf 94' lang='lat' dir='ltr'>ui</span> <span class='ocrx_word' id='word_1_272' title='bbox 701 1750 847 1789; x_wconf 85' lang='lat' dir='ltr'>bellica</span> <span class='ocrx_word' id='word_1_273' title='bbox 870 1756 909 1789; x_wconf 90' lang='lat' dir='ltr'>et</span> <span class='ocrx_word' id='word_1_274' title='bbox 930 1754 1111 1789; x_wconf 84' lang='lat' dir='ltr'>cruenta.</span> 
     </span>
    </p>
   </div>
   <div class='ocr_carea' id='block_1_4' title="bbox 753 1863 821 1902">
    <p class='ocr_par' dir='ltr' id='par_1_5' title="bbox 753 1863 821 1902">
     <span class='ocr_line' id='line_1_33' title="bbox 753 1863 821 1902; baseline -0.015 0"><span class='ocrx_word' id='word_1_275' title='bbox 753 1863 821 1902; x_wconf 88' lang='lat' dir='ltr'>XI.</span> 
     </span>
    </p>
   </div>
   <div class='ocr_carea' id='block_1_5' title="bbox 187 1943 1361 1992">
    <p class='ocr_par' dir='ltr' id='par_1_6' title="bbox 187 1943 1361 1992">
     <span class='ocr_line' id='line_1_34' title="bbox 187 1943 1361 1992; baseline 0 -12"><span class='ocrx_word' id='word_1_276' title='bbox 187 1943 303 1989; x_wconf 82' lang='lat' dir='ltr'>[Quid</span> <span class='ocrx_word' id='word_1_277' title='bbox 325 1944 372 1980; x_wconf 73' lang='lat' dir='ltr'>sit</span> <span class='ocrx_word' id='word_1_278' title='bbox 398 1945 552 1980; x_wconf 84' lang='lat' dir='ltr'>sculnae</span> <span class='ocrx_word' id='word_1_279' title='bbox 570 1946 725 1980; x_wconf 83' lang='lat' dir='ltr'>uerbum</span> <span class='ocrx_word' id='word_1_280' title='bbox 746 1947 909 1992; x_wconf 77' lang='lat' dir='ltr'>positum</span> <span class='ocrx_word' id='word_1_281' title='bbox 932 1945 1032 1992; x_wconf 78' lang='lat' dir='ltr'>apud</span> <span class='ocrx_word' id='word_1_282' title='bbox 1052 1946 1100 1981; x_wconf 74' lang='lat' dir='ltr'>M.</span> <span class='ocrx_word' id='word_1_283' title='bbox 1120 1946 1361 1990; x_wconf 55' lang='lat' dir='ltr'>Varronem]</span> 
     </span>
    </p>
   </div>
   <div class='ocr_carea' id='block_1_6' title="bbox 71 2031 1516 2310">
    <p class='ocr_par' dir='ltr' id='par_1_7' title="bbox 71 2031 1516 2310">
     <span class='ocr_line' id='line_1_35' title="bbox 155 2031 1515 2084; baseline 0.004 -14"><span class='ocrx_word' id='word_1_284' title='bbox 155 2031 200 2071; x_wconf 94' lang='lat' dir='ltr'>P.</span> <span class='ocrx_word' id='word_1_285' title='bbox 223 2031 441 2080; x_wconf 89' lang='lat' dir='ltr'>La[ui]ni</span> <span class='ocrx_word' id='word_1_286' title='bbox 471 2032 574 2071; x_wconf 90' lang='lat' dir='ltr'>liber</span> <span class='ocrx_word' id='word_1_287' title='bbox 597 2038 662 2072; x_wconf 91' lang='lat' dir='ltr'>est</span> <span class='ocrx_word' id='word_1_288' title='bbox 682 2044 765 2073; x_wconf 91' lang='lat' dir='ltr'>non</span> <span class='ocrx_word' id='word_1_289' title='bbox 782 2033 993 2073; x_wconf 87' lang='lat' dir='ltr'>incuriose</span> <span class='ocrx_word' id='word_1_290' title='bbox 1013 2035 1159 2073; x_wconf 81' lang='lat' dir='ltr'>sactus.</span> <span class='ocrx_word' id='word_1_291' title='bbox 1197 2035 1234 2073; x_wconf 85' lang='lat' dir='ltr'>Is</span> <span class='ocrx_word' id='word_1_292' title='bbox 1252 2033 1477 2084; x_wconf 86' lang='lat' dir='ltr'>inscriptus</span> <span class='ocrx_word' id='word_1_293' title='bbox 1496 2041 1515 2074; x_wconf 86' lang='grc'>1</span> 
     </span>
     <span class='ocr_line' id='line_1_36' title="bbox 72 2088 1514 2141; baseline 0.003 -15"><span class='ocrx_word' id='word_1_294' title='bbox 72 2091 138 2126; x_wconf 87' lang='lat' dir='ltr'>est</span> <span class='ocrx_word' id='word_1_295' title='bbox 172 2088 232 2127; x_wconf 89' lang='lat' dir='ltr'>de</span> <span class='ocrx_word' id='word_1_296' title='bbox 261 2088 439 2128; x_wconf 89' lang='lat' dir='ltr'>uerbis</span> <span class='ocrx_word' id='word_1_297' title='bbox 474 2089 722 2129; x_wconf 88' lang='lat' dir='ltr'>sordidis.</span> <span class='ocrx_word' id='word_1_298' title='bbox 782 2092 824 2129; x_wconf 88' lang='lat' dir='ltr'>In</span> <span class='ocrx_word' id='word_1_299' title='bbox 846 2101 895 2130; x_wconf 91' lang='lat' dir='ltr'>eo</span> <span class='ocrx_word' id='word_1_300' title='bbox 915 2091 1081 2141; x_wconf 90' lang='lat' dir='ltr'>scripsit</span> <span class='ocrx_word' id='word_1_301' title='bbox 1099 2092 1320 2130; x_wconf 73' lang='lat' dir='ltr'>esculnam’</span> <span class='ocrx_word' id='word_1_302' title='bbox 1349 2091 1514 2140; x_wconf 81' lang='lat' dir='ltr'>uolgo2</span> 
     </span>
     <span class='ocr_line' id='line_1_37' title="bbox 72 2143 1475 2196; baseline 0.003 -14"><span class='ocrx_word' id='word_1_303' title='bbox 72 2143 172 2192; x_wconf 85' lang='lat' dir='ltr'>dici,</span> <span class='ocrx_word' id='word_1_304' title='bbox 202 2144 323 2194; x_wconf 90' lang='lat' dir='ltr'>quasi</span> <span class='ocrx_word' id='word_1_305' title='bbox 344 2147 633 2193; x_wconf 71' lang='lat' dir='ltr'>‘seculnam’;</span> <span class='ocrx_word' id='word_1_306' title='bbox 666 2158 814 2196; x_wconf 89' lang='lat' dir='ltr'>quem</span> <span class='ocrx_word' id='word_1_307' title='bbox 852 2147 935 2196; x_wconf 91' lang='lat' dir='ltr'>qui</span> <span class='ocrx_word' id='word_1_308' title='bbox 973 2147 1300 2196; x_wconf 85' lang='lat' dir='ltr'>elegantius,</span> <span class='ocrx_word' id='word_1_309' title='bbox 1331 2147 1475 2196; x_wconf 90' lang='lat' dir='ltr'>inquit,</span> 
     </span>
     <span class='ocr_line' id='line_1_38' title="bbox 71 2200 1516 2254; baseline 0.004 -15"><span class='ocrx_word' id='word_1_310' title='bbox 71 2200 363 2250; x_wconf 89' lang='lat' dir='ltr'>loquuntur</span> <span class='ocrx_word' id='word_1_311' title='bbox 397 2205 410 2224; x_wconf 66' lang='lat'><strong>²</strong></span> <span class='ocrx_word' id='word_1_312' title='bbox 426 2214 587 2252; x_wconf 90' lang='lat' dir='ltr'>seque</span> <span class='ocrx_word' id='word_1_313' title='bbox 602 2206 782 2242; x_wconf 83' lang='lat' dir='ltr'>strem&#39;</span> <span class='ocrx_word' id='word_1_314' title='bbox 808 2205 1092 2254; x_wconf 88' lang='lat' dir='ltr'>appellant.</span> <span class='ocrx_word' id='word_1_315' title='bbox 1153 2205 1386 2252; x_wconf 83' lang='lat' dir='ltr'>Vtrumque</span> <span class='ocrx_word' id='word_1_316' title='bbox 1403 2216 1476 2243; x_wconf 93' lang='lat' dir='ltr'>uo·</span> <span class='ocrx_word' id='word_1_317' title='bbox 1492 2209 1516 2245; x_wconf 80' lang='lat'><strong>3</strong></span> 
     </span>
     <span class='ocr_line' id='line_1_39' title="bbox 71 2256 1477 2310; baseline 0.003 -14"><span class='ocrx_word' id='word_1_318' title='bbox 71 2256 263 2297; x_wconf 86' lang='lat' dir='ltr'>cabulum</span> <span class='ocrx_word' id='word_1_319' title='bbox 288 2268 312 2297; x_wconf 92' lang='lat' dir='ltr'>a</span> <span class='ocrx_word' id='word_1_320' title='bbox 333 2260 550 2309; x_wconf 88' lang='lat' dir='ltr'>sequendo</span> <span class='ocrx_word' id='word_1_321' title='bbox 575 2261 727 2299; x_wconf 83' lang='lat' dir='ltr'>factum</span> <span class='ocrx_word' id='word_1_322' title='bbox 752 2267 836 2308; x_wconf 87' lang='lat' dir='ltr'>est,</span> <span class='ocrx_word' id='word_1_323' title='bbox 868 2261 982 2310; x_wconf 92' lang='lat' dir='ltr'>quod</span> <span class='ocrx_word' id='word_1_324' title='bbox 1000 2262 1107 2307; x_wconf 80' lang='lat' dir='ltr'>eius,</span> <span class='ocrx_word' id='word_1_325' title='bbox 1143 2260 1211 2310; x_wconf 87' lang='lat' dir='ltr'>qui</span> <span class='ocrx_word' id='word_1_326' title='bbox 1235 2261 1393 2300; x_wconf 88' lang='lat' dir='ltr'>electus</span> <span class='ocrx_word' id='word_1_327' title='bbox 1413 2261 1477 2308; x_wconf 84' lang='lat' dir='ltr'>sit,</span> 
     </span>
    </p>
   </div>
  </div>
 </body>
</html>
