1635 2492
5 0 265 48 &vr
302 43 306 46 .

10 40 51 63 “”
111 57 114 59 -
678 33 825 74 XVIII.
855 42 885 72 1.
1409 33 1491 74 201

160 146 431 188 Reclamabat
444 146 526 187 hoc
542 146 583 186 in
604 148 699 187 loco
718 146 888 187 Stoicus
907 150 959 195 et,
984 149 1198 197 tamquam
1214 147 1320 187 duas
1338 146 1407 186 ille
1426 159 1493 188 res
1511 153 1534 190 6

77 203 270 244 diuersas
297 208 497 254 poneret,
525 203 771 252 mirabatur,
804 204 941 253 quod,
976 214 1069 243 cum
1101 209 1247 244 essent
1271 204 1426 244 malitia
1456 211 1497 244 et

76 260 210 301 uirtus
232 260 316 300 duo
335 260 556 309 contraria,
578 260 665 301 uita
681 260 834 300 misera
851 265 893 300 et
909 261 1031 300 beata
1055 272 1225 311 quoque
1246 272 1381 318 aeque
1398 272 1495 302 con-

32 363 34 365 ,
74 316 219 366 traria,
248 329 333 358 non
357 323 549 358 seruaret
567 317 608 357 in
627 318 817 368 utrisque
834 318 918 357 uim
948 323 988 356 et
1013 323 1203 358 naturam
1230 318 1426 358 contrarii
1454 323 1533 360 et7

13 379 26 400 ’-
75 374 130 415 ad
146 373 357 414 miseriam
380 374 549 425 quidem
565 374 675 415 uitae
692 375 997 415 conficiendam
1016 374 1116 415 satis
1134 377 1276 415 ualere
1298 375 1494 415 malitiam

75 432 210 472 solam
225 436 413 482 putaret,
444 433 498 471 ad
513 433 811 483 praestandam
834 443 936 471 uero
955 432 1118 471 beatam
1136 433 1263 472 uitam
1283 444 1366 472 non
1392 432 1494 473 satis

75 489 210 529 solam
227 499 325 528 esse
347 488 538 528 uirtutem
558 489 728 529 diceret.
784 492 923 538 Atque
945 488 986 527 id
1005 489 1182 529 maxime
1205 489 1412 529 dissidere
1428 501 1496 530 ne·
1512 495 1537 531 8

78 556 160 596 que
178 545 406 585 conuenire
423 545 605 594 dicebat,
640 546 776 597 quod,
811 545 880 596 qui
902 546 1191 596 profiteretur,
1224 546 1351 586 uitam
1378 548 1492 587 nullo

74 606 199 653 pacto
221 602 385 642 beatam
403 603 511 642 effici
528 614 671 654 posse,
705 602 741 644 si
756 603 890 643 uirtus
910 604 1002 643 sola
1018 604 1200 651 abesset,
1219 603 1329 643 idem
1348 608 1494 644 contra

75 663 269 710 negaret,
308 660 473 699 beatam
509 660 598 699 fieri
623 659 772 708 uitam,
807 671 900 699 cum
933 661 1024 700 sola
1056 659 1190 700 uirtus
1224 661 1417 709 adesset,
1454 667 1496 700 et

77 726 200 767 quem
223 715 342 756 daret
362 717 620 767 haberetque
636 717 778 757 uirtuti
796 717 959 757 absenti
976 717 1193 765 honorem,
1220 718 1400 757 eundem
1424 729 1494 768 pe-

74 773 178 813 tenti
204 777 330 824 atque
352 774 567 824 praesenti
584 773 798 814 adimeret.

161 857 264 896 Tum
279 856 583 907 Peripateticus
606 869 810 908 perquam
830 857 968 896 hercle
992 856 1161 896 festiue:
1189 861 1309 907 ‘rogo
1329 859 1401 902 te',
1428 854 1496 893 in-
1512 858 1536 893 9

77 913 178 963 quit,
197 917 310 954 ‘cum
326 914 439 954 bona
453 915 577 954 uenia
593 916 872 965 respondeas,
885 926 935 953 an
952 914 1179 959 existimes,
1200 926 1297 954 esse
1311 912 1396 953 uini
1412 923 1494 950 am-

74 971 265 1021 phoram,
295 982 389 1011 cum
414 972 535 1011 abest
557 972 607 1011 ab
633 983 682 1011 ca
700 984 807 1012 unus
833 971 1060 1020 congius?’
1096 971 1321 1018 ‘Minime',
1346 969 1554 1019 inquit,10

77 1027 190 1068 ‘uini
221 1028 424 1078 amphora
463 1028 543 1068 dici
579 1034 742 1079 potest,
781 1040 832 1068 ex
865 1040 947 1077 qua
977 1029 1098 1067 abest
1133 1028 1340 1077 congius’.
1404 1027 1549 1066 Hocll

74 1084 147 1124 ubi
176 1085 339 1135 accepit
362 1085 683 1135 Peripateticus:
721 1088 858 1125 <Vnus
895 1085 1017 1134 igitur
1049 1086 1224 1134 congius
1249 1084 1491 1134 amphoram

76 1142 216 1180 facere
247 1141 329 1180 dici
363 1142 551 1193 debebit,
591 1143 807 1192 quoniam,
848 1153 940 1181 cum
975 1142 1094 1181 deest
1128 1142 1194 1180 ille
1231 1153 1360 1185 unus,
1409 1152 1491 1179 non

76 1198 124 1237 fit
159 1197 362 1248 amphora
398 1198 484 1238 uini
521 1204 580 1247 et,
629 1211 722 1239 cum
769 1199 968 1245 accessit,
1011 1199 1056 1236 fit
1093 1199 1309 1248 amphora.
1373 1197 1494 1247 Quod

78 1254 113 1296 si
129 1253 171 1294 id
193 1254 333 1294 dicere
357 1255 586 1295 absurdum
603 1260 686 1303 est,
714 1268 797 1295 uno
818 1255 969 1304 congio
997 1256 1089 1294 solo
1120 1255 1209 1294 fieri
1235 1255 1494 1304 amphoram,

75 1310 219 1351 itidem
244 1311 473 1352 absurdum
501 1318 584 1359 est,
614 1325 696 1352 una
714 1314 804 1352 sola
822 1312 974 1351 uirtute
992 1312 1118 1351 uitam
1138 1312 1226 1350 lieri
1250 1312 1414 1350 beatam
1437 1311 1494 1349 di-

77 1379 193 1416 cere,
226 1368 442 1418 quoniam,
474 1380 567 1408 cum
585 1369 717 1409 uirtus
740 1370 879 1416 abest,
912 1370 1032 1408 beata
1051 1380 1147 1408 esse
1166 1369 1250 1408 uita
1268 1379 1494 1418 numquam

76 1428 250 1476 potest’.

162 1493 266 1534 Tum
289 1493 426 1534 Fauo
441 1494 587 1534 rinus
607 1494 816 1545 aspiciens
836 1493 1172 1545 Peripateticum,
1197 1496 1279 1532 ‘est
1296 1492 1494 1542 quidem’,
1508 1501 1552 1535 12

76 1548 230 1599 inquit,
266 1553 278 1572 ³
293 1551 500 1601 argutiola
522 1552 646 1599 haec,
679 1564 761 1601 qua
782 1553 833 1590 de
857 1551 1006 1600 congio
1026 1551 1111 1590 uini
1140 1561 1243 1589 usus
1264 1561 1330 1596 eS,
1363 1561 1494 1598 expo—

77 1606 156 1646 sita
170 1606 209 1646 in
228 1607 366 1654 libris;
397 1609 493 1656 sed,
523 1615 568 1647 ut
589 1609 695 1655 scis,
726 1608 862 1657 captio
890 1608 1022 1657 magis
1048 1608 1206 1657 lepida,
1241 1617 1365 1656 quam
1396 1618 1493 1656 pro-

76 1663 176 1702 bum
210 1669 283 1704 aut
311 1664 444 1704 simile
473 1670 763 1714 argumentum
796 1665 928 1704 uideri
959 1665 1095 1703 debet.
1147 1664 1329 1712 Congius
1367 1662 1490 1711 enim,
1506 1670 1551 1705 13

78 1730 172 1760 cum
191 1721 330 1769 deest,
363 1720 692 1770 efficitquidem‚
724 1733 777 1761 ne
795 1722 849 1761 sit
869 1721 1002 1761 iustae
1020 1731 1243 1760 mensurae
1267 1720 1490 1770 amphora;

78 1777 155 1817 sed
189 1788 280 1817 cum
306 1778 471 1818 accedit
491 1783 532 1817 et
554 1779 738 1826 additur,
772 1791 856 1819 non
890 1779 954 1817 ille
983 1789 1091 1817 unus
1117 1777 1213 1816 facit
1233 1777 1491 1827 amphoram,

78 1833 155 1873 sed
172 1836 354 1886 supplet.
415 1834 558 1874 Virtus
585 1840 735 1882 autem,
768 1841 813 1875 ut
830 1835 897 1875 isti
919 1835 1073 1882 dicunt,
1105 1846 1188 1874 non
1207 1833 1398 1874 accessio
1423 1843 1551 1877 ηεξ-14

79 1901 161 1941 que
185 1893 547 1943 supplementum,
575 1893 652 1932 sed
679 1894 771 1932 sola
788 1892 879 1942 ipsa
903 1892 1012 1932 uitae
1041 1892 1189 1931 beatae
1209 1891 1341 1931 instar
1366 1896 1431 1930 est
1452 1895 1494 1929 et

77 1952 306 1998 propterea
330 1948 457 1989 uitam
478 1949 644 1988 beatam
665 1950 757 1988 sola
782 1961 885 1997 una,
918 1961 1010 1989 cum
1032 1950 1164 1996 adest,
1189 1947 1317 1987 facit'.

162 2028 275 2069 Haec
293 2033 419 2079 atque
440 2029 520 2069 alia
542 2029 748 2079 quaedam
774 2029 930 2069 minuta
953 2029 1084 2079 magis
1113 2034 1153 2069 et
1175 2029 1360 2075 nodosa,
1394 2032 1549 2068 tam-15

81 2095 205 2135 quam
236 2087 348 2136 apud
379 2086 576 2126 arbitrum
606 2086 944 2136 Fauorinum,
974 2086 1015 2125 in
1050 2097 1169 2126 suam
1191 2090 1368 2134 uterque
1398 2094 1490 2123 sen-

78 2141 249 2193 tentiam
267 2143 550 2183 conferebant.
613 2142 697 2183 Sed
724 2154 816 2182 cum
832 2143 912 2183 iam
937 2143 1069 2193 prima
1093 2144 1162 2182 fax
1179 2141 1314 2181 noctis
1332 2146 1373 2180 et
1395 2140 1492 2180 den·
1503 2145 1549 2182 16

80 2196 216 2239 siores
241 2210 338 2240 esse
360 2200 560 2240 tenebrae
589 2199 843 2250 coepissent,
877 2199 1092 2250 prosecuti
1109 2197 1433 2239 Fauorinum
1449 2196 1490 2236 in

80 2254 273 2305 domum,
306 2256 361 2296 ad
378 2267 502 2307 quam
525 2257 791 2305 deuertebat,
826 2256 1114 2297 discessimus.
