1603 2508
625 40 654 79 1.
678 52 770 82 vui.
796 55 904 86 vnn.
1419 60 1476 102 49

48 142 135 184 suit
149 155 332 197 eumque
357 147 573 203 inscripsit
605 152 698 207 κέρ
710 170 737 195 α
749 171 771 206 ς
799 153 1146 217 Ἀμαλθείας.
1199 171 1260 210 Ea
1286 184 1370 214 uox
1392 175 1508 219 hoca

47 201 178 242 ferme
193 205 326 253 ualet,
351 210 565 259 tamquam
584 210 619 252 si
637 212 752 255 dicas
780 219 792 238 ‘
805 228 980 260 cornum
998 225 1185 275 eopiae'.

88 288 91 289 ν
131 261 176 299 In
194 272 245 302 eo
268 261 375 304 libro
404 276 536 317 super
557 269 710 312 Demo
724 275 908 316 sthene
934 279 1104 322 rhetore
1125 288 1166 323 et
1180 285 1309 327 Laide
1337 297 1502 332 mere-3

41 315 147 356 trice
157 317 333 359 historia
347 321 452 362 haec
469 324 625 376 scripta
642 334 728 369 est:
750 333 892 382 <Lais’,
910 334 1055 387 inquit,
1076 341 1307 384 <Corinthia
1319 346 1372 386 ob
1390 348 1469 387 eie—

39 374 224 423 gantiam
239 384 593 433 uenustatemque
619 386 779 428 formae
805 393 1009 440 grandem
1035 399 1258 446 pecuniam
1282 402 1469 444 demere—

38 430 112 471 bat
127 439 452 487 conuentusque
471 440 525 479 ad
542 452 634 482 eam
653 442 848 488 ditiorum
866 449 1081 493 hominum
1099 466 1151 495 ex
1170 458 1281 497 onmi
1295 460 1467 501 Graecia

39 489 229 531 celebres
247 498 384 542 erant,
403 506 544 547 neque
560 499 874 554 admittebatur,
896 507 975 548 nisi
993 510 1064 560 qui
1082 512 1230 562 dabat,
1259 518 1374 566 quod
1390 531 1464 569 po-

35 553 258 596 poscerat:
274 552 481 600 poscebat
497 560 637 596 autem
653 557 721 598 illa
736 561 906 604 nimium
926 574 1125 615 quantum
1138 574 1165 610 ’.
1198 572 1303 613 Hine
1322 575 1376 614 ait
1394 587 1462 615 na-
1474 581 1498 616 4

37 607 122 643 tum
138 615 236 646 esse
251 605 354 648 illud
374 610 574 661 frequens
595 617 708 665 apud
729 620 915 663 Graecos
935 624 1150 676 adagium:

35 665 115 711 Οὐ
146 670 359 725 παντὸς
391 671 603 732 ἀνδρὸς
635 680 686 731 ἐς
712 684 1008 739 Κόρινθον
1042 689 1163 735 ἔσθ’
1197 690 1219 736 ὁ
1259 701 1458 755 πλοῦς,

31 741 148 790 quod
163 742 318 783 frustra
333 743 411 785 iret
432 747 672 791 Corinthum
691 755 743 793 ad
759 756 951 807 Laidem,
981 763 1050 812 qui
1078 776 1162 805 non
1191 767 1326 816 quiret
1345 771 1457 820 dare,

29 798 146 847 quod
177 807 444 850 posceretur.
505 808 598 847 ‘Ad
629 809 736 851 hane
771 813 837 854 ille
869 818 1252 865 Demosthenes
1294 827 1489 869 clemen-5

8 855 112 895 ‘lum
135 856 222 897 adit
244 862 303 907 et,
328 865 374 900 ut
392 861 471 902 sibi
491 865 655 915 copiam
673 870 738 909 sui
756 872 933 922 faceret,
961 879 1076 927 petit.
1111 882 1167 921 At
1184 882 1278 923 Lais
1293 886 1457 937 μυρίας

23 907 225 966 δραχμὰς
249 919 480 968 poposcit’‚
504 921 586 962 hoe
612 926 708 966 facit
735 931 889 971 nummi
915 937 1113 977 nostratis
1142 939 1359 981 denarium
1386 944 1455 984 de-

13 979 117 1011 -eem
135 971 257 1012 milia.
302 975 406 1016 ‘Tali
422 981 652 1028 petulantia
672 986 857 1028 mulieris
882 996 1008 1041 atque
1024 996 1231 1044 pecuniae
1249 1001 1486 1049 magnitu-ti

22 1026 120 1068 dine
135 1027 244 1070 ictus
262 1034 585 1087 expauidusque
612 1041 762 1083 Demo
777 1046 994 1090 sthenes
1024 1053 1227 1094 auertitur
1253 1061 1293 1095 et
1317 1057 1451 1099 disee-

20 1082 148 1126 dens:
168 1090 311 1138 ‘ego’‚
329 1089 481 1141 inquit,
505 1097 744 1144 ‘paenitere
762 1104 863 1142 tanti
881 1117 963 1145 non
985 1120 1077 1149 emo
1093 1113 1139 1150 ’'.
1177 1111 1263 1152 Sed
1290 1115 1451 1157 Graeca

18 1139 135 1205 ipsa,
170 1155 278 1194 quae
311 1148 443 1189 fertur
475 1150 652 1203 dixisse,
680 1157 885 1208 lepidiora
909 1171 1026 1205 sunt:
1059 1162 1168 1208 εοὐκ
1201 1163 1446 1224 ὦνοῦμαι’,

17 1201 171 1250 inquit,
200 1203 405 1257 ‘avola-ov
422 1205 637 1262 δραχμῶν
661 1215 996 1268 μεταμε’λειαυ’.

673 1363 794 1406 Villi.

24 1430 107 1479 uuis
123 1434 262 1472 modus
279 1437 411 1485 suerit,
436 1443 520 1489 quis
549 1445 644 1481 ordo
664 1446 892 1497 disciplinae
912 1454 1216 1505 Pythagoricae,
1245 1469 1441 1510 quantum-

27 1490 42 1521 .·'
68 1499 141 1537 que
168 1495 348 1541 temporis
373 1498 598 1546 imperatum
631 1505 952 1557 obaeruatumque
982 1515 1029 1550 sit
1056 1515 1232 1555 discendi
1258 1521 1370 1558 simul
1396 1533 1438 1559 ae

19 1552 36 1600 ξἸ
66 1549 232 1586 tacendi.

15 1619 48 1641 ,ς’

10 1880 21 1913 χ
46 1864 231 1917 ,nificat,
251 1881 392 1913 mores
411 1880 670 1929 naturasque
687 1882 901 1925 hominum
920 1888 1227 1933 coniectatione
1248 1898 1429 1945 quadam

9 1925 46 1958 ὃ·
72 1922 157 1965 oris
175 1930 216 1966 et
231 1928 374 1970 uultus
393 1930 560 1982 ingenio
588 1937 727 1988 deque
755 1942 883 1983 totius
913 1947 1106 1996 eorporis
1125 1949 1195 1990 filo
1214 1956 1340 2003 atque
1358 1955 1426 1995 ha-

14 2302 31 2322 s
44 2322 46 2325 ,

23 2321 220 2376 pgssuuvs.
1104 2348 1133 2389 4
