1619 2476
161 97 241 139 102
750 97 798 134 ΙΙ.
821 106 958 134 xx1111.

157 209 237 249 ritu
255 212 267 232 ‘
280 208 551 255 mutitarent',
584 206 626 246 id
653 211 716 246 est
740 211 882 246 mutua
905 204 1011 244 inter
1028 216 1125 246 sese
1143 204 1325 246 dominia
1341 204 1555 256 agitarent,

157 266 294 305 iurare
318 265 429 315 apud
457 265 652 303 consules
668 262 807 302 uerbis
827 261 1040 312 conceptis
1057 273 1141 302 non
1158 261 1335 313 amplius
1352 261 1393 302 in
1419 261 1556 312 singu-

158 324 218 361 las
238 332 363 360 cenas
382 325 572 370 sumptus
597 331 693 359 esse
711 320 915 366 facturos,
943 329 1066 368 quarn
1083 323 1284 359 centenos
1297 318 1557 368 uicenosque

159 377 278 425 aeris,
297 381 463 427 praeter
480 377 571 416 olus
592 381 632 415 et
649 377 710 414 far
726 381 766 415 et
781 374 935 422 uinum,
954 385 1092 424 neque
1109 374 1206 415 uino
1224 374 1467 425 alienigena,
1481 374 1558 414 sed

158 433 332 484 patriae,
351 445 518 481 usuros,
536 444 673 482 neque
692 430 849 482 argenti
865 431 904 470 in
925 430 1118 472 conuiuio
1137 432 1232 482 plus
1249 432 1413 482 pondo,
1433 442 1557 482 quam

158 490 282 529 libras
301 494 464 528 centum
482 489 696 528 inlaturos.

123 552 145 587 3
246 546 329 585 Sed
360 550 457 596 post
486 545 529 584 id
561 549 730 585 senatus
763 546 999 584 consultum
1029 545 1112 583 lex
1142 543 1337 584 Fannia
1367 546 1448 583 lata
1478 549 1554 592 est,

161 613 267 652 quae
283 602 389 641 ludis
407 601 617 650 Romanis,
635 600 730 641 item
746 601 853 640 ludis
870 600 1029 650 plebeis
1048 605 1088 640 et
1105 599 1393 641 Saturnalibus
1411 604 1452 640 et
1468 599 1557 639 aliis

160 658 406 708 quibusdam
424 658 569 698 diebus
587 657 627 697 in
645 657 831 707 singulos
849 657 937 697 dies
957 662 1156 697 centenos
1175 657 1283 697 aeris
1299 656 1450 697 insumi
1461 668 1557 697 con-

160 714 286 754 cessit
302 715 532 764 decemque
557 714 645 753 aliis
673 714 819 753 diebus
844 713 885 752 in
916 713 1089 764 singulis
1116 713 1327 754 mensibus
1359 713 1555 761 tricenos,

124 777 146 811 4
160 770 306 810 ceteris
325 776 461 810 autem
479 771 624 810 diebus
645 769 835 810 omnibus
854 771 1000 810 denos.
1042 771 1158 809 Hanc
1174 769 1408 810 Lucilius
1433 775 1559 821 poeta

161 828 293 876 legem
312 826 537 877 significat,
560 839 652 867 curn
670 827 785 866 dicit:

435 905 596 945 Fanni
629 905 898 945 centussis
931 904 1183 945 misellus.

119 997 198 1036 51n
233 1007 314 1045 quo
349 1001 593 1035 errauerunt
627 995 834 1045 quidam
867 995 1358 1035 commentariorum
1388 994 1437 1034 in
1467 995 1558 1034 Lu-

161 1051 336 1091 cilium
382 1051 701 1099 scribtores‚
752 1052 865 1101 quod
897 1056 1171 1102 putauerunt,
1204 1051 1401 1090 Fannia
1443 1052 1560 1101 lege
1618 1055 1619 1061 ¹

159 1113 388 1158 perpetuos
420 1108 460 1147 in
493 1119 615 1148 omne
648 1107 806 1148 dierum
837 1119 969 1158 genus
1003 1112 1204 1148 centenos
1229 1107 1338 1148 aeris
1365 1111 1559 1148 statutos.

126 1171 148 1206 6
163 1166 333 1204 Centum
351 1164 458 1203 enim
476 1164 582 1205 aeris
603 1165 783 1204 Fannius
803 1164 1024 1212 constituit,
1044 1164 1165 1204 sicuti
1181 1176 1309 1215 supra
1329 1163 1424 1212 dixi,
1444 1163 1560 1203 festis
1618 1185 1619 1188 =

161 1220 408 1271 quibusdam
434 1221 579 1260 diebus
606 1232 767 1270 eosque
791 1221 908 1270 ipsos
928 1220 1017 1260 dies
1034 1221 1282 1269 nominauit,
1301 1221 1475 1260 aliorum
1492 1231 1561 1259 aur

159 1282 243 1316 tem
270 1276 429 1316 dierum
455 1277 635 1317 omniurn
660 1276 700 1315 in
725 1277 912 1326 singulos
940 1276 1028 1316 dies
1048 1282 1258 1326 sumptum
1274 1275 1440 1316 inclusit
1455 1275 1563 1315 intra

161 1333 268 1372 aeris
287 1332 387 1372 alias
405 1332 609 1380 tricenos,
630 1332 729 1372 alias
749 1333 893 1372 denos.

125 1393 147 1429 7
246 1390 346 1428 Lex
379 1388 528 1428 deinde
559 1388 760 1428 Licinia
791 1394 935 1438 rogata
962 1393 1044 1437 est,
1075 1400 1181 1438 quae
1208 1400 1300 1428 cum
1329 1388 1452 1428 certis
1479 1388 1562 1428 die-

159 1445 252 1493 bus,
272 1444 392 1484 sicuti
409 1445 618 1492 Fannia,
642 1451 842 1486 centenos
861 1444 968 1485 aeris
985 1445 1154 1495 inpendi
1170 1444 1443 1495 permisisset,
1461 1445 1562 1486 nub-

158 1501 213 1540 tis
232 1502 418 1541 ducenos
443 1501 612 1541 indulsit
636 1502 870 1551 ceterisque
896 1502 1040 1541 diebus
1067 1501 1208 1541 statuit
1232 1502 1339 1541 aeris
1357 1501 1560 1548 tricenos3

161 1569 253 1597 cum
280 1562 320 1596 et
346 1557 480 1597 carnis
505 1563 641 1598 autem
669 1564 709 1597 et
726 1557 964 1598 salsamenti
982 1565 1093 1598 certa
1109 1559 1301 1608 pondera
1315 1558 1356 1598 in
1373 1557 1561 1608 singulos

161 1613 250 1653 dies
268 1614 572 1662 constituisset,
593 1614 795 1665 quidquid
812 1621 925 1655 esset
940 1620 1077 1654 tamen
1095 1626 1117 1653 e
1133 1619 1264 1662 terra,
1282 1614 1378 1663 uite,
1397 1615 1559 1662 arbore,

125 1670 368 1720 8pr0misce
393 1676 519 1721 atque
535 1670 746 1710 indefinite
765 1671 910 1720 largita
926 1675 1003 1710 est.
1050 1670 1181 1710 Huius
1210 1670 1312 1720 legis
1334 1670 1561 1710 Laeuius

122 1729 284 1776 9p0e‘ta
316 1727 497 1767 meminit
527 1727 567 1766 in
600 1727 1027 1777 Erotopaegniis.
1082 1728 1224 1766 Verba
1252 1726 1428 1766 Laeuii
1458 1727 1562 1766 haee

158 1788 273 1831 sunt,
302 1783 451 1833 quibus
470 1783 674 1833 significat
689 1784 888 1831 haedum,
909 1783 979 1833 qui
998 1784 1049 1822 ad
1067 1785 1212 1833 epulas
1231 1784 1367 1823 fuerat
1383 1783 1559 1830 adlatus,

158 1839 372 1879 dimissum
399 1851 627 1889 cenamque
652 1839 725 1886 ita,
763 1843 807 1877 ut
833 1841 913 1878 lex
938 1839 1139 1878 Licinia
1167 1839 1396 1887 sanxisset,
1423 1838 1560 1890 pomis

158 1895 424 1946 oleribusque
450 1896 706 1936 instructam.
1413 1895 1415 1897 ’

269 1962 370 2000 Lex
402 1961 658 2009 Licini(a),
694 1959 845 2009 inquit,
880 1960 1264 2000 introducitur:

269 2018 375 2056 Lux
406 2017 612 2068 liquida
644 2017 810 2056 haedo
843 2015 1095 2055 redditur.

100 2089 145 2122 10
157 2082 224 2121 Lu
237 2083 386 2123 cilius
407 2096 575 2134 quoque
592 2083 695 2134 legis
713 2083 831 2123 istius
854 2082 1035 2122 meminit
1050 2082 1090 2121 in
1108 2082 1170 2122 his
1187 2081 1351 2122 uerbis:

487 2151 670 2199 Legem
704 2149 919 2189 uitemus
954 2147 1134 2187 Licini.

99 2233 142 2266 11
242 2227 392 2264 Postea
409 2227 451 2265 L.
472 2228 499 2266 S
511 2229 616 2266 ulla
634 2228 819 2274 dictator,
838 2237 948 2273 cum,
967 2225 1125 2275 legibus
1144 2224 1233 2266 istis
1252 2224 1332 2266 situ
1349 2229 1474 2275 atque
1490 2235 1554 2264 se-
1583 2208 1598 2276 ⁶,

155 2281 222 2321 nio
252 2282 498 2331 obliteratis,
526 2283 713 2333 plerique
739 2283 779 2322 in
806 2281 1062 2332 patrimoniis
1081 2281 1227 2332 amplis
1246 2283 1497 2322 elluarentur
1513 2284 1556 2320 et

1539 2442 1557 2462 τί
1564 2436 1592 2476 52⁶}
