1619 2476
156 50 236 93 138
645 47 735 86 XV.
763 57 831 84 xv.
849 55 938 85 xvi.
957 54 1060 84 xvu.

115 171 139 206 3
156 162 345 214 ‘Capillo'
362 170 529 210 quoque
547 169 642 198 esse
658 157 803 197 mulier
819 157 981 206 ‘passo'
1001 155 1283 206 dicitur,quasi
1298 160 1493 206 porrecto
1511 160 1552 196 et

157 229 359 269 expanso,
392 222 434 255 et
450 214 604 265 ‘passis
622 214 827 254 manibus'
844 219 886 252 et
903 211 1023 251 ‘uelis
1040 211 1194 261 passis'
1218 212 1404 260 dicimus,
1439 212 1551 261 quod

115 282 139 317 4
156 274 361 323 significat
378 271 555 311 diductis
578 274 703 320 atque
719 268 922 310 distentis.
978 268 1121 317 Itaque
1148 268 1365 308 Plautus
1395 268 1435 307 in
1463 268 1552 307 Mi-

155 330 190 369 li
204 335 219 368 t
231 342 252 369 e
277 331 358 380 glo
373 327 450 368 rio
462 339 481 367 s
495 340 540 375 o,
561 338 585 366 a
601 327 718 366 litera
741 326 781 365 in
799 337 821 365 e
838 328 1006 372 mutata,
1032 335 1110 374 per
1126 324 1344 374 compositi
1358 323 1554 364 uocabuli

156 397 335 433 morem,
368 385 484 434 disp
499 383 636 423 essis
659 382 756 422 dicit
771 394 847 432 pro
866 393 917 422 eo
930 411 939 429 ,
972 381 1087 429 quod
1105 385 1169 420 est
1194 383 1207 402 ‘
1221 380 1466 431 dispassis':

213 452 379 493 Credo
403 449 496 499 ego
516 449 652 490 istoc
675 445 912 498 exemplo
929 445 1024 486 tibi
1046 457 1163 486 esse
1183 445 1309 497 [per]
1334 446 1552 486 eundum

989 508 1138 543 extra
1161 501 1382 554 portam,

212 561 495 614 Dispe'ssis
526 560 762 601 manibus
793 558 1085 610 patibulum
1116 570 1227 599 cum
1259 557 1495 599 habebis.

375 731 427 766 De
446 742 543 766 nouo
561 741 697 776 genere
717 730 886 765 interitus
907 728 1161 765 Crotoniensis
1179 728 1341 764 Milonis.

121 822 139 854 1
242 808 338 847 Milo
356 805 661 852 Crotoniensis,
692 805 843 843 athleta
858 802 1040 843 inlustris
1055 834 1064 850 ,
1085 813 1208 852 quem
1223 801 1264 842 in
1289 802 1410 843 ehro
1423 803 1523 843 nici
1535 816 1552 843 s

162 864 360 914 scriptum
383 867 446 901 est
472 861 714 911 Olympiade
731 865 754 907 †
771 860 902 910 prima
921 864 1163 899 coronatum
1180 869 1288 909 esse,
1317 858 1470 898 exitum
1487 860 1554 898 ha-

119 933 141 966 2
161 921 247 961 buit
264 931 286 959 e
304 919 388 959 uita
405 917 684 957 miserandum
702 922 742 955 et
759 916 1002 955 mirandum.
1050 915 1149 954 Cum
1171 914 1251 954 iam
1266 919 1365 954 natu
1385 915 1553 964 grandis
1618 940 1619 943 =

161 982 290 1017 artem
307 974 537 1015 athleticam
557 973 736 1012 desisset
761 972 921 1022 iterque
946 973 1100 1011 faceret
1124 972 1229 1010 forte
1246 972 1362 1011 solus
1385 971 1426 1010 in
1451 972 1553 1011 loeis

161 1033 297 1073 Italiae
331 1030 609 1077 siluestribus,
643 1041 840 1078 quereum
865 1028 967 1068 uidit
991 1027 1180 1078 proxime
1211 1027 1317 1067 uiam
1337 1027 1488 1078 patulis
1514 1028 1554 1066 in

121 1100 143 1134 3
159 1094 276 1140 parte
294 1087 428 1127 media
448 1086 559 1126 rimis
577 1086 768 1125 hiantem.
830 1086 931 1124 Tum
950 1083 1140 1134 experiri,
1159 1084 1298 1132 credo,
1321 1084 1442 1124 etiam
1458 1089 1554 1123 tunc
1618 1097 1619 1104 ¹

159 1146 328 1191 uolens,
359 1155 411 1183 an
428 1144 535 1183 ullae
552 1142 629 1182 sibi
644 1142 827 1192 reliquae
843 1142 954 1181 uires
976 1141 1193 1188 adessent,
1221 1140 1403 1181 inmissis
1427 1140 1467 1180 in
1493 1151 1555 1179 ca-

159 1212 311 1241 uernas
330 1199 490 1240 arboris
509 1199 657 1249 digitis,
683 1199 884 1238 reducere
903 1203 943 1237 et
959 1197 1198 1236 rescindere
1215 1207 1414 1246 quercum
1434 1208 1555 1237 cona-

160 1263 227 1297 tus
261 1263 337 1296 est.
398 1258 462 1295 Ac
487 1255 663 1294 mediam
690 1255 855 1305 quidem
879 1257 1076 1304 (partem)
1102 1252 1267 1292 discidit
1296 1253 1554 1302 diuellitque;

121 1322 145 1356 4
163 1324 342 1363 quercus
370 1317 506 1351 autem
524 1312 563 1350 in
586 1312 688 1350 duas
709 1312 875 1350 diducta
891 1314 1053 1361 partes,
1088 1319 1180 1348 cum
1200 1308 1286 1357 ille,
1319 1309 1439 1358 quasi
1464 1320 1555 1359 per-

162 1370 285 1416 fecto,
319 1368 432 1417 quod
454 1372 542 1406 erat
559 1367 746 1413 conixus,
778 1377 924 1404 manus
943 1366 1140 1412 laxasset,
1167 1370 1358 1405 cessante
1381 1364 1423 1404 ui
1439 1365 1558 1404 rediit

160 1425 201 1465 in
224 1430 410 1464 naturam
433 1422 705 1472 manibusque
737 1422 824 1462 eius
854 1420 1024 1461 retentis
1049 1420 1305 1470 inclusisque
1326 1420 1468 1461 stricta
1489 1421 1556 1460 de-

162 1492 244 1521 nuo
263 1486 303 1520 et
326 1480 524 1527 cohaesa,
562 1479 868 1518 dilacerandum
892 1477 1100 1517 hominem
1121 1476 1217 1516 feris
1239 1477 1442 1527 praebuit.

797 1578 923 1618 xvu.

147 1649 280 1693 'Quam
305 1650 350 1685 ob
374 1660 528 1685 causam
550 1649 694 1684 nobiles
720 1649 827 1695 pueri
844 1647 1130 1684 Atheniensium
1155 1648 1253 1684 tibiis
1276 1657 1412 1683 canere
1438 1647 1559 1684 deSIe-

331 1706 420 1749 rint,
445 1715 528 1741 cum
546 1705 707 1751 patrium
724 1705 833 1740 istum
858 1715 1000 1739 morem
1017 1703 1178 1740 canendi
1193 1703 1386 1739 haberent.

126 1793 145 1825 1
245 1781 483 1821 Alcibiades
508 1780 794 1829 Atheniensis,
828 1792 920 1820 cum
950 1781 1063 1830 apud
1096 1781 1344 1820 auunculum
1373 1779 1558 1820 Periclen

165 1849 271 1888 puer
293 1838 448 1878 artibus
480 1848 529 1876 ac
559 1837 784 1887 disciplinis
816 1837 1052 1877 liberalibus
1075 1837 1308 1876 erudiretur
1339 1841 1380 1876 et
1402 1836 1560 1876 arcessi

165 1894 344 1934 Pericles
355 1890 645 1943 Antigenidam
661 1893 868 1933 tibicinem
884 1892 1088 1941 iussisset,
1099 1897 1144 1932 ut
1160 1903 1254 1932 eum
1272 1903 1421 1932 canere
1436 1893 1557 1940 tibiis,

168 1951 280 2000 quod
301 1949 641 1990 honestissimum
673 1954 758 1989 tum
787 1949 1025 1997 uidebatur,
1056 1949 1246 1997 doceret,
1277 1948 1449 1990 traditas
1481 1949 1560 1989 sibi

165 2007 308 2054 tibias,
341 2017 433 2046 eum
458 2006 511 2044 ad
538 2017 586 2046 os
605 2005 861 2046 adhibuisset
876 2005 1168 2055 inflassetque,
1195 2005 1443 2056 pudefactus
1475 2004 1559 2045 oris

127 2071 149 2105 2
168 2063 445 2110 deformitate,
473 2061 621 2101 abiecit
637 2061 896 2112 infregitque.
950 2062 1011 2100 Ea
1026 2073 1093 2101 res
1121 2072 1213 2101 cum
1237 2061 1559 2112 percrebuisset,

169 2118 348 2158 omnium
364 2125 450 2159 tum
469 2117 782 2158 Atheniensium
801 2129 1011 2158 consensu
1028 2117 1245 2169 disciplina
1259 2117 1367 2158 tibiis
1385 2116 1562 2157 canendi

132 2175 357 2214 3desitast.
434 2174 641 2224 Scriptum
677 2175 827 2215 hocin
872 2174 1226 2215 conmentario
1265 2173 1586 2225 Pamphilae*

169 2242 302 2269 nono
335 2236 381 2269 et
408 2230 671 2269 uicesimo.
1551 2237 1557 2242 ’
