1635 2492
644 58 735 97 XV.
757 68 864 97 v1111.
885 69 926 96 x.
1407 57 1488 98 133

82 171 286 219 fronte,
327 169 573 221 peditatu
615 169 945 221 (peditibuS,
988 169 1288 220 equitibus)
1334 176 1491 221 atque

80 226 182 267 alis
208 237 320 268 cum
343 227 572 269 hostium
595 227 898 278 legionibus
926 226 1288 277 pugnauimus.
1330 228 1489 268 Recto

80 294 252 334 quoque
276 284 456 324 fronte
482 284 592 324 idem
618 285 741 325 Cato
767 283 807 323 in
829 283 962 324 libro
987 284 1167 324 eodem
1193 284 1329 323 dicit'.

164 365 222 403 At
241 362 308 404 ille
326 363 582 405 semidoctus
604 363 919 414 grammaticus:
949 363 1147 411 ‘missas’‚
1166 363 1309 414 inquit,
1329 368 1485 405 ‘aucto-
1502 369 1525 405 6

81 420 224 460 ritates
248 419 398 469 facias,
432 432 536 471 quas
555 420 723 472 quidem
746 425 791 461 ut
813 421 970 461 habeas
996 432 1127 471 posse
1148 421 1238 461 fieri
1260 426 1382 472 puto,
1415 422 1492 461 sed

32 503 40 506 -
80 476 284 517 rationem
301 477 379 525 dic,
414 488 534 528 quam
556 489 640 518 non
658 478 821 518 habes'.
882 479 1022 528 Atque
1042 489 1119 528 ego
1142 478 1206 518 his
1230 477 1318 518 eius
1337 478 1489 523 uerbis,
1508 481 1528 517 7

80 538 125 574 ut
141 538 229 574 tum
249 533 409 574 ferebat
429 539 558 582 aetas,
576 534 799 575 inritatior:
829 534 971 583 ‘audi',
989 534 1171 585 inquam,
1191 535 1263 574 ‘mi
1279 535 1489 585 magister,

80 590 284 631 rationem
309 591 457 631 salsam
480 590 670 641 quidem,
702 592 778 632 sed
796 603 918 641 quam
943 592 1197 642 redarguere
1221 593 1364 632 falsam
1394 602 1489 632 esse

82 653 123 686 tu
139 658 224 688 non
247 658 392 698 queas.
433 647 605 697 Omnia’,
626 648 806 699 inquam,
832 649 1054 688 ‘uocabula
1072 648 1202 688 tribus
1220 648 1347 688 literis
1367 647 1492 690 finita,
1509 652 1532 687 8

83 703 232 753 quibus
259 705 409 745 ‘frons'
433 704 583 754 finitur,
618 705 783 756 generis
806 705 1022 745 masculini
1041 710 1148 754 sunt,
1177 705 1211 745 si
1231 705 1271 745 in
1295 705 1488 756 genetiuo

81 771 253 810 quoque
286 771 387 801 casu
415 762 562 802 eadem
588 763 750 813 syllaba
773 762 985 810 finiantur,
1017 767 1062 802 ut
1097 765 1283 811 <mons'‚
1317 764 1487 813 ‘pons',.

80 817 279 857 ‘frons”.
340 821 397 858 At
425 818 492 858 ille
532 824 678 859 contra
716 819 935 859 renidens:
978 819 1136 868 ‘audi',
1168 819 1318 869 inquit,
1354 818 1531 859 ‘disci-9

79 875 199 926 pule,
231 875 352 925 plura
382 875 460 915 alia
491 875 740 924 consimilia,
774 887 881 926 quae
905 887 989 916 non
1018 876 1100 916 sint
1130 875 1295 926 generis
1329 886 1490 915 mascu-

77 931 188 971 lini’.
250 931 451 972 Petebant
485 932 540 971 ibi
578 943 746 980 omnes,
794 938 838 973 ut
877 933 945 972 uel
982 945 1110 974 unum
1151 932 1287 972 statim
1320 932 1489 972 diceret.
1505 937 1548 971 10

79 987 165 1028 Sed
194 998 289 1028 cum
321 988 582 1040 intorqueret
610 990 734 1031 homo
766 990 925 1030 uoltum
956 994 996 1029 et
1026 1001 1109 1029 non
1141 989 1321 1030 hisceret
1350 993 1391 1029 et
1424 1000 1490 1029 co-

77 1045 190 1085 lores
231 1050 431 1094 mutaret,
483 1052 570 1087 tum
610 1058 688 1096 ego
726 1045 945 1086 intercessi
997 1051 1037 1085 et
1087 1047 1264 1093 ‘uade',
1307 1046 1488 1096 inquam,

79 1105 215 1141 ‘nunc
243 1106 285 1141 et
313 1102 468 1143 habeto
500 1104 554 1142 ad
582 1101 880 1152 requirendum
913 1102 1079 1152 triginta
1111 1103 1221 1150 dies;
1263 1107 1489 1152 postquam

77 1157 312 1207 inueneris,
345 1164 512 1209 repetes
540 1162 658 1199 nos'.
720 1162 859 1209 Atque
895 1158 950 1197 ita
977 1159 1186 1199 hominem
1218 1159 1317 1198 nulli
1348 1158 1407 1197 rei
1439 1158 1546 1197 adil

78 1213 361 1264 indagandum
388 1216 663 1264 uocabulum,
698 1227 779 1266 quo
812 1215 1071 1256 rescinderet
1088 1215 1315 1255 finitionem
1336 1215 1488 1263 fictam,

79 1270 324 1311 dimisimus.

758 1394 808 1434 X.

134 1488 188 1524 De
221 1489 432 1525 uoluntario
465 1494 501 1525 et
530 1488 753 1526 admirando
787 1491 937 1527 interitu
971 1491 1160 1538 uirginum
1185 1491 1430 1527 Milesiarum.

160 1588 478 1629 Plutarchus
519 1588 560 1629 in
591 1589 859 1638 librorum,
907 1602 1012 1641 quos
1052 1586 1179 1642 περὶ
1211 1590 1388 1642 ψυχῆς
1433 1590 1527 1633 in-i

79 1643 267 1694 scripsit,
299 1644 489 1695 primo,
522 1656 615 1685 cum
644 1647 696 1686 de
726 1647 882 1687 morbis
904 1647 1130 1687 dissereret
1160 1646 1200 1685 in
1226 1645 1386 1686 animos
1418 1647 1489 1687 ho-

78 1700 234 1740 minum
272 1700 572 1750 incidentibus,
619 1702 824 1752 uirginum
859 1703 960 1742 dixit
995 1702 1144 1743 Milesii
1182 1702 1361 1742 nominis
1401 1704 1489 1743 sere

80 1761 185 1808 quot
213 1762 302 1797 turn
338 1757 379 1798 in
420 1769 468 1798 ea
508 1758 673 1798 ciuitate
704 1765 821 1799 erant
859 1765 1031 1810 repente
1069 1760 1158 1799 sine
1194 1760 1277 1798 ulla
1308 1759 1491 1800 euidenti

80 1824 210 1854 causa
237 1815 496 1855 uoluntatem
528 1815 692 1864 cepisse
718 1816 937 1856 obeundae
965 1816 1110 1856 mortis
1142 1827 1190 1855 ac
1221 1815 1370 1855 deinde
1400 1818 1489 1867 plu-

79 1869 205 1910 rimas
235 1869 364 1911 uitam
392 1872 622 1922 suspendio
655 1871 860 1912 amisisse.
923 1873 968 1911 Id
989 1883 1081 1912 cum
1102 1872 1312 1912 accideret
1334 1872 1374 1912 in
1398 1873 1487 1913 dies
1503 1878 1529 1912 2

81 1926 268 1967 crebrius
304 1938 442 1978 neque
480 1928 625 1968 animis
655 1939 796 1968 earum
827 1929 932 1968 mori
961 1929 1322 1979 perseuerantium
1352 1930 1489 1969 medi—

80 1982 172 2022 cina
188 1983 375 2024 adhiberi
394 1984 549 2035 quiret,
582 1985 824 2025 decreujsse
840 1984 1046 2033 Milesios,
1081 1991 1124 2026 ut
1140 1985 1345 2036 uirgines,
1381 1997 1488 2036 quae

80 2039 330 2090 corporibus
355 2040 575 2093 suspensis
602 2042 845 2082 demortuae
873 2043 1029 2089 forent,
1061 2047 1108 2082 ut
1135 2043 1212 2082 hae
1239 2053 1384 2083 omnes
1415 2054 1488 2082 nu-

79 2096 160 2136 dae
200 2107 294 2137 cum
330 2099 481 2138 eodem
518 2099 689 2148 laqueo,
737 2109 819 2149 quo
864 2105 1005 2139 essent
1039 2099 1326 2150 praeuinctae,
1367 2098 1486 2138 effer-

78 2157 237 2194 rentur.
315 2155 417 2196 Post
465 2154 507 2195 id
562 2156 776 2195 decretum
821 2155 1003 2206 uirgines
1054 2156 1330 2196 uoluntariam
1378 2166 1486 2195 mor·

78 2212 166 2273 tem
188 2221 272 2251 non
300 2210 480 2262 petisse,
510 2212 674 2263 pudore
711 2213 801 2252 solo
829 2212 1046 2252 deterritas
1074 2217 1157 2252 tam
1186 2212 1393 2252 inhonesti
1426 2212 1471 2252 fu

78 2276 205 2306 neris.
