1635 2492
111 22 128 40 Ῥ

658 39 783 79 XIIII.
811 51 839 78 1.
1373 40 1458 84 109

42 154 252 202 ederetur,
285 153 612 204 quaerebatque,
631 152 703 204 qui
718 152 976 201 conueniret,
1008 152 1220 194 diuersam
1241 166 1371 206 super
1388 167 1458 196 eo-

42 211 139 251 dem
160 208 252 250 fieri
272 209 688 258 demonstrationem,
720 209 767 258 si,
791 214 837 250 ut
853 209 934 261 ipsi
950 215 1166 260 putarent,
1199 211 1305 252 alius
1331 217 1456 263 atque

40 267 148 308 alius
164 267 394 307 earundem
411 268 624 307 stellarum
642 267 747 308 situs
772 271 899 317 atque
918 267 1069 307 ductus
1087 267 1189 308 alias
1211 273 1338 318 atque
1356 270 1457 310 alias

42 325 233 367 fortunas
256 323 388 364 daret.
436 324 521 364 Sed
538 329 579 364 et
595 323 830 376 nuptiarum
851 329 1056 374 tempore,
1091 335 1143 364 ex
1169 325 1320 375 quibus
1344 326 1461 366 liberi
1471 332 1517 367 ‘20

43 384 368 433 quaererentur,
401 386 527 431 atque
543 380 637 432 ipso
657 381 781 421 etiam
801 381 870 421 illo
888 380 1014 421 maris
1032 386 1074 420 et
1090 381 1266 422 feminae
1287 382 1367 422 iam
1390 384 1458 423 de-

2 454 19 489 3‘
41 436 190 478 clarari
220 436 334 478 coitu
366 443 564 489 oportere
587 438 753 478 dicebat
785 442 899 478 certo
925 438 1109 488 quodam
1143 444 1184 478 et
1214 440 1457 480 necessario

5 527 7 533 ,
41 494 257 535 stellarum
279 494 439 543 ordine,
463 495 608 545 quales
626 494 820 546 qualique
844 495 1012 534 fortuna
1033 494 1224 535 homines
1242 495 1460 546 gigneren-

40 556 133 603 tur,
165 561 214 591 ac
242 552 371 592 multo
397 551 520 591 etiam
552 556 666 600 ante,
709 563 833 602 quam
875 556 994 602 pater
1033 551 1124 602 ipse
1164 557 1290 602 atque
1329 559 1461 592 mater

42 612 338 656 nascerentur,
373 619 426 648 ex
443 620 587 649 eorum
612 608 802 659 genitura
828 608 1027 649 debuisse
1045 608 1125 648 iarn
1144 614 1243 649 tunc
1260 609 1458 661 prospici,

43 663 212 715 quinam
228 664 329 705 olim
350 664 478 705 futuri
501 672 655 714 essent,
686 678 794 716 quos
816 666 842 705 ii
867 666 1046 706 creaturi
1072 667 1226 713 forent,
1261 671 1302 706 et
1332 679 1461 717 supra

41 722 169 772 longe
185 725 312 770 atque
335 723 460 772 longe
483 733 560 773 per
580 722 795 766 infinitum,
830 729 885 769 ut,
918 723 953 762 si
979 723 1201 774 disciplina
1216 723 1297 763 ista
1315 725 1460 764 funda-

43 782 185 818 mento
208 777 349 828 aliquo
368 778 556 819 ueritatis
573 779 671 820 nixa
688 785 764 828 est,
796 779 1029 820 centesimo
1054 791 1188 830 usque
1203 780 1354 820 abhinc
1372 793 1461 820 sae-

43 835 137 876 culo
155 835 223 875 uel
239 835 371 885 magis
393 836 528 886 primo
557 837 661 876 caeli
686 842 812 887 atque
838 837 980 877 mundi
1007 836 1182 877 exordio
1216 843 1341 888 atquc
1364 837 1461 877 inde

41 891 123 932 iam
166 891 388 943 deinceps,
437 893 634 933 continua
673 893 999 943 significatione,
1048 894 1242 943 quotiens
1295 894 1460 944 generis

42 952 240 990 auctores
272 949 461 989 eiusdem
485 950 676 991 homines
709 956 1008 998 nascerentur,
1042 952 1188 990 stellae
1214 951 1318 990 istae
1344 963 1460 1002 prae-

43 1010 280 1046 monstrare
301 1006 541 1054 debuerint,
573 1008 705 1057 qualis
726 1007 922 1057 qualique
944 1009 1028 1047 sato
1059 1009 1223 1048 futurus
1248 1008 1320 1056 sit,
1351 1008 1460 1058 quis-

44 1062 138 1112 quis
154 1062 282 1103 hodie
299 1068 422 1104 natus
441 1069 516 1104 est.
579 1065 686 1113 ‘Quo
705 1067 875 1111 autem',
908 1064 1061 1114 inquit,
1095 1069 1237 1114 ‘pacto
1259 1065 1373 1104 credi
1391 1069 1514 1115 po-21

0 1123 1 1127 ’
44 1123 140 1171 test,
171 1118 503 1171 uniuscuiusque
520 1122 735 1161 stellarum
756 1123 914 1161 formae
932 1127 972 1160 et
990 1121 1212 1171 positionis
1230 1127 1389 1162 sortem
1405 1128 1461 1160 at-

45 1186 128 1226 que
145 1176 355 1216 fortunam
376 1177 447 1216 uni
470 1178 639 1218 omnino
663 1178 818 1218 homini
838 1184 991 1217 certam
1011 1178 1346 1228 destinatamque
1365 1189 1461 1218 esse

44 1242 222 1282 eamque
245 1233 420 1273 sormam
443 1240 541 1284 post
569 1234 814 1285 longissima
838 1235 1105 1274 saeculorum
1134 1235 1267 1284 spatia
1285 1234 1461 1285 restitui,

43 1287 81 1330 si
97 1288 209 1329 uitae
226 1290 572 1340 fortunarumque
590 1291 779 1331 eiusdem
808 1291 986 1331 hominis
1005 1291 1156 1330 indicia
1172 1291 1212 1331 in
1228 1298 1310 1331 tam
1328 1291 1462 1332 breui-

43 1346 123 1386 bus
139 1345 368 1388 interuallis
387 1358 464 1398 per
485 1347 674 1397 singulos
698 1348 901 1388 maiorum
924 1348 1012 1387 cius
1035 1348 1193 1397 gradus
1215 1360 1376 1399 perque
1404 1348 1460 1387 in-

42 1402 205 1447 finitum
227 1404 548 1445 successionum
567 1404 757 1445 ordinem
774 1410 857 1445 tam
876 1416 1004 1455 saepe
1023 1416 1071 1444 ac
1085 1410 1166 1444 tam
1185 1405 1463 1456 multipliciter

10 1473 21 1485 ⁴
43 1460 193 1502 eadem
215 1460 329 1514 ipsa,
363 1473 447 1502 non
473 1462 619 1501 eadem
642 1463 855 1502 stellarum
890 1462 994 1502 facie
1027 1463 1311 1503 denotantur?
1344 1462 1462 1512 Quod
1476 1468 1519 1503 22

22 1516 81 1570 ‘si
103 1517 147 1557 id
175 1517 267 1558 fieri
288 1523 433 1569 potest
457 1519 844 1569 eaque-diuersitas
872 1524 998 1569 atque
1025 1518 1208 1560 uarietas
1235 1518 1464 1559 admittitur

13 1587 16 1591 ·
41 1585 120 1625 per
141 1574 277 1616 omnis
299 1574 554 1625 antiquitatis
579 1577 736 1626 gradus
763 1577 816 1616 ad
847 1575 1124 1626 significanda
1156 1588 1302 1617 eorum
1333 1576 1461 1616 homi-

43 1641 166 1684 num,
197 1631 268 1684 qui
301 1636 401 1682 post
421 1638 663 1684 nascentur,
695 1632 883 1683 exordia,
917 1632 1161 1683 imparilitas
1185 1633 1290 1672 haec
1323 1633 1463 1672 turbat

21 1691 27 1730 ἶ
45 1687 387 1731 obseruationem
405 1688 626 1741 omnisque
647 1689 751 1730 ratio
772 1690 1016 1740 disciplinae
1036 1689 1337 1730 confunditur’.
1378 1691 1462 1728 Iam
1475 1695 1520 1728 23

16 1740 147 1800 'tuero
177 1744 220 1785 id
241 1745 408 1786 minime
438 1747 659 1786 ferundum
683 1747 900 1794 censebat,
935 1747 1049 1796 quod
1077 1758 1160 1786 non
1184 1746 1310 1787 modo
1335 1757 1459 1786 casus

26 1805 88 1848 ‚set
108 1806 274 1851 euenta,
305 1813 413 1853 quae
435 1802 652 1843 euenirent
674 1803 958 1850 extrinsecus,
992 1803 1068 1842 sed
1091 1801 1266 1843 consilia
1289 1814 1459 1853 quoque

20 1855 138 1909 ·.=ipsa
163 1859 378 1901 hominum
408 1865 449 1899 et
479 1859 717 1900 arbitrarias
747 1865 787 1899 et
818 1859 955 1899 uarias
979 1861 1217 1900 uoluntates
1243 1859 1460 1910 adpetitio-

19 1925 209 1966 v„nesque
230 1921 272 1956 et
296 1915 600 1956 declinationes
622 1922 663 1956 et
697 1916 892 1957 fortuitos
918 1916 1248 1966 repentinosque
1271 1917 1310 1956 in
1337 1916 1459 1956 leuis-

45 1969 160 2012 simis
190 1973 318 2014 rebus
347 1973 580 2013 animorum
603 1973 781 2024 impetus
808 1984 1091 2023 recessusque
1115 1973 1275 2014 moueri
1297 1972 1458 2023 agitari-

17 2071 19 2076 ,
46 2029 130 2077 que
150 2029 336 2080 desuper
356 2040 381 2069 e
413 2031 529 2070 caelo
563 2035 775 2080 putarent:
804 2035 1016 2079 tamquam
1046 2029 1161 2080 quod
1194 2030 1301 2070 forte
1330 2030 1390 2069 ire
1420 2029 1460 2069 in

44 2082 216 2126 balneas
230 2085 418 2128 uolueris
440 2097 489 2127 ac
513 2086 664 2127 deinde
683 2086 866 2127 nolueris
890 2092 1015 2136 atque
1032 2086 1072 2126 id
1090 2097 1236 2126 rursus
1258 2086 1457 2133 uolueris,

44 2151 131 2182 non
147 2153 201 2183 ex
220 2142 361 2194 aliqua
382 2142 540 2194 dispari
563 2144 762 2194 uariaque
785 2142 908 2183 animi
941 2142 1178 2193 agitatione,
1212 2143 1288 2182 sed
1311 2154 1362 2182 ex
1390 2155 1458 2182 ne·

35 2197 419 2250 ·cessa1·iaquadam
436 2200 660 2241 errantium
673 2200 856 2240 siderum
874 2199 1206 2250 reciprocatione
1224 2199 1456 2249 contigerit,

18 2257 92 2316 put
116 2255 239 2304 plane
262 2255 454 2297 homines
475 2268 581 2306 non,
615 2257 728 2307 quod
751 2256 919 2304 dicitur,
952 2249 1127 2308 ςλογικοὶ
1150 2254 1268 2304 ζώα’,
1301 2257 1378 2295 sed
1400 2257 1457 2295 iu-

21 2376 62 2492 st
