1603 2508
124 0 309 24 asans-³:2⁹5·
324 16 328 17 γ
343 0 355 10 ‘-
380 7 385 21 ·.

0 71 99 100 ¹
141 84 145 85 ff
214 68 217 71 “
331 110 334 111 ⁷
430 105 442 115 ,
628 72 716 133 VII.
739 72 847 120 (VI.)
866 85 906 111 v.
1394 71 1479 115 217

741 185 793 226 V.

111 268 222 314 Quod
240 268 401 305 Alfenus
420 270 698 306 iureconsultus
718 270 754 305 in
778 271 902 306 uerbis
929 271 1122 307 ueteribus
1144 269 1436 317 interpretandis

694 327 846 362 errauit.

132 414 355 454 Alfenus
385 413 812 463 iureconsultus,
843 414 1015 454 Seruii
1040 414 1264 464 Sulpicii
1295 414 1476 465 discipu·
1493 422 1512 456 1

60 472 125 511 lus
163 481 389 520 rerumque
427 470 691 520 antiquarum
728 483 812 511 non
846 471 1104 518 incuriosus,
1154 471 1201 510 in
1220 471 1287 511 lib
1299 483 1352 511 ro
1395 473 1421 510 d
1438 471 1450 511 i
1465 495 1479 501 -

60 532 330 578 gestorum
362 526 596 566 tricesim
611 540 634 568 0
667 534 717 568 et
746 533 960 578 quarto,
1004 528 1282 568 coniectan
1299 540 1320 568 e
1336 539 1478 568 orum

59 589 199 624 autem
231 584 483 624 seeundo:
526 583 572 623 in
603 585 837 633 foedere,
879 585 1030 635 inquit,
1058 585 1196 634 quod
1222 585 1358 624 inter
1391 597 1416 635 p
1431 597 1479 625 o-

62 642 234 680 bulum
270 642 552 681 Romanum
599 647 654 681 et
688 642 1157 692 Carthaginienses
1210 643 1477 690 factumst,

60 697 318 748 scriptum
360 697 653 745 inuenitur,
710 704 764 738 ut
811 699 1289 748 Carthaginienses
1331 710 1428 749 quo
1444 704 1479 738 t-

58 755 212 794 annis
231 755 429 805 populo
447 755 680 796 Romano
711 757 901 795 darent
925 761 1120 795 certum
1146 756 1353 805 pondus
1379 759 1479 794 ‘ar-

57 811 206 861 genti
237 811 353 862 puri
383 811 533 862 puti’,
574 825 634 862 qu
651 813 877 853 aesitum
893 824 989 863 que
1029 819 1128 860 est,
1172 812 1294 863 quid
1332 824 1353 852 e
1369 819 1479 853 sset

60 872 270 918 ‘purum
301 871 524 918 putum'.
577 870 882 920 Respondi,
922 870 1073 919 inquit,
1114 881 1207 920 ego
1243 872 1476 919 ‘putum'

59 936 184 965 esse
216 925 369 965 ualde
410 937 618 976 purum,
661 927 805 966 sicut
839 938 1027 967 nouum
1059 926 1255 966 ‘nouici
1273 931 1371 966 um’
1404 926 1480 965 di-

60 981 218 1022 cimus
260 987 308 1021 et
347 983 616 1032 proprium
659 987 670 1005 ‘
691 984 985 1034 propicium
1000 987 1036 1031 ⁹,
1076 994 1269 1033 augere
1321 990 1478 1034 atque

56 1039 337 1078 intendere
377 1041 625 1079 uolentes
672 1040 794 1079 noui
847 1047 894 1079 et
940 1040 1150 1090 proprii
1196 1040 1478 1090 significa—

60 1096 130 1135 tio
141 1107 166 1134 n
178 1107 264 1134 em.

134 1153 226 1192 Hoc
253 1152 324 1191 ubi
350 1152 547 1202 legimus,
573 1153 824 1192 mirabamur
854 1154 1029 1193 eandem
1062 1154 1318 1194 adfinitatem
1343 1154 1478 1194 uisam
1494 1160 1518 1195 2

59 1220 156 1250 esse
174 1210 332 1249 Alsen
345 1220 368 1248 o
388 1209 513 1259 ‘puri’
533 1215 572 1248 et
591 1210 726 1260 εμαῖ’,
749 1222 855 1260 quae
874 1211 926 1250 sit
942 1210 1129 1251 ‘nouicii'
1144 1217 1184 1250 et
1201 1211 1350 1258 ‘noui23
1368 1223 1476 1259 nam,
1494 1216 1518 1252 3

59 1266 95 1306 si
112 1265 486 1317 esset‘puricium',
505 1270 590 1306 tum
611 1278 711 1306 sane
736 1268 952 1307 uideretur
974 1267 1054 1307 dici
1079 1268 1198 1318 quasi
1216 1268 1478 1308 ‘nouicium'.

57 1323 104 1362 Id
126 1323 247 1362 etiam
276 1322 422 1362 mirum
450 1322 542 1370 suit,
580 1324 694 1373 quod
721 1324 966 1364 ‘nouicium'
991 1336 1069 1375 per
1092 1325 1272 1375 augendi
1303 1325 1479 1375 figuram
1496 1331 1520 1366 4

59 1379 214 1420 dictum
225 1379 490 1428 existimauit,
505 1390 598 1420 cum
613 1381 665 1420 sit
677 1381 923 1421 ‘nouicium'
942 1393 1026 1421 non
1040 1382 1154 1432 quod
1171 1383 1303 1432 magis
1322 1394 1479 1423 nouum

0 1477 12 1487 ff
59 1435 131 1485 sit,
150 1437 227 1477 sed
244 1437 360 1487 quod
376 1447 399 1475 a
419 1440 568 1477 ‘nouo'
593 1438 747 1478 dictum
770 1439 822 1478 sit
846 1439 1185 1489 inclinatamque.
1210 1440 1284 1479 His
1303 1440 1478 1480 assenti-
1495 1446 1517 1480 5

0 1492 10 1547 f
57 1504 165 1542 mus,
179 1493 248 1544 qui
259 1497 440 1544 ‘putum'
452 1505 549 1534 esse
560 1494 704 1534 dicunt
719 1507 742 1534 a
752 1496 973 1545 ‘putando’
990 1496 1145 1536 dictum
1158 1502 1198 1536 et
1216 1497 1269 1537 ob
1281 1508 1372 1536 eam
1384 1508 1479 1537 cau-

59 1561 148 1591 sam
156 1550 291 1601 prima
302 1550 464 1602 syllaba
475 1551 592 1591 breui
609 1553 893 1602 pronuntiant,
907 1564 990 1592 non
1009 1554 1145 1603 longa.
1156 1559 1202 1592 ut
1213 1553 1479 1594 existimasse

7 1639 11 1642 .
57 1608 280 1647 Alfenus
297 1607 475 1656 uidetur,
490 1608 560 1657 qui
578 1612 754 1659 a‘puro'
766 1609 806 1648 id
819 1621 914 1649 esse
926 1611 1079 1649 sactum
1091 1610 1272 1660 scripsit.
1293 1611 1478 1650 <Putare’
1494 1614 1517 1651 6

59 1669 198 1705 autem
215 1669 383 1705 ueteres
398 1664 593 1704 dixerunt
611 1666 801 1706 uacantia
820 1677 871 1705 ex
883 1677 1049 1716 quaque
1061 1678 1105 1706 re
1124 1677 1171 1705 ac
1184 1678 1266 1706 non
1281 1678 1479 1707 necessa·

58 1721 120 1761 ria
136 1725 207 1761 aut
223 1721 346 1761 etiam
364 1722 574 1761 obstantia
597 1728 636 1762 et
659 1723 792 1762 aliena
818 1724 983 1762 auferre
1007 1728 1048 1762 et
1070 1723 1265 1763 excidere
1290 1728 1342 1771 et,
1363 1724 1479 1773 quod

0 1780 19 1812 .’
60 1789 157 1819 esse
166 1778 266 1818 utile
276 1778 424 1818 aesine
440 1778 540 1819 uitio
552 1779 777 1827 uideretur,
796 1780 1046 1829 relinquere.
1075 1780 1142 1820 Sic
1161 1791 1342 1830 namque
1359 1780 1479 1821 arbo·
1496 1786 1519 1823 7

58 1845 128 1875 res
147 1840 188 1874 et
203 1834 312 1875 uites
329 1840 370 1875 et
386 1835 446 1875 sic
457 1835 641 1877 rationes
655 1837 777 1876 etiam
796 1836 966 1887 ‘putari'
982 1836 1150 1876 dictum.
1174 1837 1362 1876 Verbum
1381 1848 1482 1887 quo·
1494 1844 1519 1880 8

0 1898 5 1919 ῑ
23 1922 26 1923 ⁷
60 1891 454 1943 queipsum‘puto'‚
475 1894 590 1943 quod
609 1894 888 1933 declarandae
907 1893 1138 1933 sententiae
1160 1899 1331 1933 nostrae
1351 1905 1480 1934 causa

60 1947 346 1997 dicimus,non
361 1948 569 1999 significat
587 1952 778 2001 profecto
794 1950 917 1997 aliud,
938 1961 1060 2000 quam
1079 1950 1119 1989 id
1132 1961 1258 2000 agere
1277 1962 1356 1990 nos
1374 1950 1416 1990 in
1433 1961 1479 1990 re

33 2058 37 2059 ⁷
60 2005 186 2045 dubia
208 2007 488 2056 obscuraque,
505 2013 551 2047 ut
564 2008 716 2048 decisis
736 2007 1044 2058 amputatisque
1065 2007 1178 2047 salsis
1197 2007 1477 2058 opinionibus,

0 2069 36 2114 '-·.
62 2062 178 2112 quod
193 2061 387 2103 uideatur
411 2074 508 2103 esse
527 2076 674 2115 uerum
699 2070 739 2104 et
767 2065 974 2114 integrum
1001 2069 1041 2103 et
1065 2063 1354 2114 incorruptum
1384 2064 1478 2104 reti-

0 2115 16 2152 ἔ)
39 2138 41 2140 -
60 2129 250 2160 neamus.
305 2119 536 2170 Argentum
561 2132 661 2171 ergo
694 2121 732 2160 in
754 2120 1080 2170 Carthaginiensi
1105 2121 1277 2160 foedere
1296 2124 1476 2172 ‘putum’
1493 2125 1516 2162 9

62 2174 218 2216 dictum
249 2180 314 2216 est
346 2176 467 2227 quasi
500 2184 744 2228 exputatum
777 2183 1084 2227 excoctumque
1117 2177 1313 2228 omnique
1344 2178 1478 2218 aliena

39 2279 41 2281 ¹
60 2231 232 2272 materia
249 2243 397 2273 carens
418 2234 697 2284 omnibusque
717 2246 768 2274 ex
787 2245 836 2274 eo
855 2234 967 2273 uitiis
984 2234 1182 2274 detractis
1201 2236 1476 2275 emaculatum

46 2291 105 2326 ‘et
119 2288 422 2330 candefactum.
