1603 2508
272 97 290 106 ,
529 62 612 101 IIII.
629 73 688 101 xr.
705 73 881 102 xinxm.
1333 64 1412 106 151

9 177 104 226 suit,
126 178 161 216 A
173 175 472 216 ristotelem
487 174 785 225 philosophum
802 174 970 224 scripsit
995 177 1141 215 eadem
1159 176 1251 226 ipsa
1269 178 1319 216 de
1336 178 1413 228 Py-

8 232 232 284 thagoricis
253 230 495 281 scripsisse,
517 231 631 280 quod
648 243 731 271 non
749 231 1023 271 abstinuerint
1039 233 1216 273 edundis
1234 233 1412 273 animali-

7 291 101 338 bus,
121 288 200 329 nisi
219 298 355 338 pauca
376 299 500 327 carne
516 287 708 337 quadam.
738 288 1407 339 Ve1ba1psaP1utarch1,qu0-
1426 297 1470 333 12

9 346 119 386 niam
134 357 203 386 res
219 344 434 395 inopinata
451 349 527 393 est,
545 338 794 394 subscripsi:
815 338 860 383 'A
871 357 896 395 ρ
910 358 926 383 ι
940 354 999 383 ov
1010 357 1033 383 ο
1045 359 1069 384 τ
1080 358 1098 384 ε
1093 343 1135 385 ’λ
1147 359 1173 397 η
1184 360 1205 393 ς
1225 342 1282 385 δὲ
1307 360 1337 398 μ
1349 342 1377 398 η’
1387 370 1411 375 -

7 415 140 456 τροις
172 397 261 442 καὶ
291 399 528 466 καρδίας
557 397 650 440 καὶ
684 395 972 452 ἀκαλήφης
1004 398 1092 440 καὶ
1131 398 1411 442 τοιούτων

8 458 180 499 τινῶν
209 451 392 497 ἄλλων
414 450 724 521 ἀπέχεσθαί
744 466 905 509 φησιν
925 453 1048 506 τοὺς
1072 459 1411 521 Πυθαγορι-

7 510 166 563 κούς·
192 514 430 566 χρῆσθαι
450 510 507 553 δὲ
532 517 648 560 τοῖς
671 507 827 553 ἄλλοι
843 527 875 560 9.
907 507 1169 566 “Ἀκαλήφη’
1189 519 1326 554 autem
1344 521 1407 555 est
1425 523 1468 558 13

8 571 158 612 animal
183 570 402 618 marinum,
437 571 550 619 quod
575 569 738 609 ‘urtica'
757 570 999 619 appellatur.
1046 570 1130 610 Sed
1158 576 1198 610 et
1220 571 1406 621 piscibus

7 628 180 677 (mullis)
198 626 407 667 abstinere
423 625 725 677 Pythagoricos
738 657 747 674 ,
772 627 1025 666 Plutarch
1037 639 1065 667 u
1078 639 1097 666 s
1123 626 1171 666 in
1191 627 1218 666 S
1229 640 1258 678 y
1272 639 1310 666 m
1322 640 1346 678 p
1360 640 1382 667 o
1397 651 1409 656 -

8 684 169 724 siacis
191 683 300 723 dicit.

93 741 443 791 Pythagoram
463 750 565 778 uero
585 738 720 789 ipsum
739 738 896 788 (sicuti)
919 740 1081 778 celebre
1109 745 1191 787 est,
1221 741 1407 790 Euphor·
1427 749 1468 784 14

5 798 104 837 bum
121 796 253 847 primo
272 796 401 836 fuisse
423 796 616 835 dictasse.

91 855 151 893 Ita
175 853 291 892 haee.
323 852 564 892 Remotiora
582 856 678 891 sunt
700 851 786 899 his,
815 862 920 901 quae
950 853 999 891 Cl
1014 863 1100 890 ear
1115 853 1244 892 chus
1269 858 1308 891 et
1331 853 1409 892 Di-

8 909 299 950 caearchus
341 909 564 948 memoriae
615 908 893 956 tradiderunt,
954 908 1084 947 fuisse
1129 920 1222 948 eum
1260 915 1410 959 postea

5 966 227 1016 Pyr[rhum
246 965 551 1016 Peranthium‚
582 965 732 1003 deinde
748 965 1015 1012 Aethaliden,
1043 965 1192 1004 deinde
1217 965 1410 1005 seminam

6 1023 152 1073 pulcra
177 1021 279 1060 facie
296 1022 574 1068 meretricem,
605 1021 669 1060 cui
685 1032 836 1060 nomen
856 1022 990 1061 fuerat
1004 1022 1123 1061 Alco.

669 1133 754 1173 XII.

65 1216 184 1252 Notae
202 1219 238 1250 et
256 1215 607 1252 animaduersiones
627 1216 823 1251 censoriae
842 1216 878 1251 in
895 1215 1082 1250 ueteribus
1100 1215 1350 1250 monumentis

425 1277 615 1319 repertae,
639 1272 820 1308 memoria
838 1272 990 1319 dignae.

93 1359 137 1399 Si
162 1358 254 1409 quis
278 1370 422 1409 agrum
455 1371 575 1398 suum
606 1370 761 1408 passus
794 1360 926 1398 fuerat
949 1358 1198 1397 sordescere
1229 1369 1407 1407 eumque
1433 1363 1451 1395 l

5 1414 269 1465 indiligenter
299 1415 470 1455 curabat
500 1426 548 1454 ae
579 1427 716 1465 neque
748 1420 938 1455 arauerat
970 1425 1107 1463 neque
1141 1420 1406 1462 purgauerat,

7 1472 98 1512 siue.
137 1471 230 1521 quis
267 1472 458 1513 arborem
496 1483 613 1511 suam
653 1472 902 1521 uineamque
941 1470 1142 1509 habuerat
1180 1470 1406 1510 derelictui.

2 1539 91 1583 'non
122 1526 166 1567 id
194 1527 283 1568 sine
311 1539 450 1578 poena
482 1528 574 1576 fuit,
610 1530 686 1567 sed
727 1532 815 1567 erat
847 1538 952 1577 opus
988 1526 1225 1567 censorium
1259 1537 1403 1567 censo-

7 1595 161 1634 resque
198 1584 401 1624 aerarium
440 1584 657 1625 faciebant.
733 1586 852 1631 Item,
892 1583 984 1633 quis
1022 1594 1152 1632 eques
1189 1584 1442 1622 Romanus2

10 1652 162 1690 equum
188 1641 343 1680 habere
375 1641 648 1691 gracilentum
680 1646 749 1680 aut
778 1651 925 1689 parum
960 1639 1132 1678 nitidum
1154 1639 1272 1678 uisus
1303 1644 1401 1684 erat,

7 1696 268 1746 finpolitiae'
301 1698 544 1745 notabatur3
581 1696 623 1736 id
653 1698 827 1736 uerbum
859 1695 1080 1745 significat,
1119 1694 1237 1744 quasi
1272 1699 1317 1733 tu
1351 1694 1406 1732 di-

7 1756 79 1792 cas
111 1752 356 1793 ‘incuriae'.
419 1753 542 1794 Cuius
578 1753 638 1793 rei
679 1753 896 1802 utriusque
936 1750 1202 1791 auctoritates
1235 1755 1331 1789 sunt
1367 1755 1444 1788 et3

6 1809 62 1851 Μ.
83 1810 205 1849 Cato
228 1809 271 1849 id
293 1821 596 1860 saepenumero
623 1814 842 1849 attestatus
871 1813 947 1848 est.

645 1922 749 1962 XIII.

10 2001 120 2046 Quod
136 2003 369 2039 incentiones
387 2003 575 2050 quaedam
595 2004 767 2039 tibiarum
780 2033 788 2048 ‚
807 2007 907 2039 cerlo
927 2001 1038 2038 modo
1057 2003 1178 2038 factae
1192 2030 1200 2045 ,
1228 2000 1404 2036 ischiacis

545 2059 688 2095 mederi
711 2064 884 2107 possunt.

96 2144 302 2185 Creditum
331 2146 412 2187 hoc
440 2158 463 2185 a
495 2147 707 2196 plerisque
731 2152 794 2186 est
831 2151 871 2185 et
903 2144 1127 2184 memoriae
1158 2144 1408 2191 mandatum,
1430 2150 1450 2183 1

9 2197 140 2238 ischia
172 2211 266 2241 cum
295 2202 473 2241 maxime
505 2204 692 2250 doleant,
723 2208 829 2250 tum,
857 2201 892 2240 si
923 2200 1101 2240 modulis
1132 2200 1294 2239 lenibus
1316 2199 1405 2238 tibi-

0 2264 89 2294 cen
134 2254 305 2305 induat,
344 2257 471 2297 minui
503 2259 686 2298 dolores.
761 2260 848 2306 Ego
892 2257 1126 2307 nuperrime
1173 2256 1224 2296 in
1270 2256 1443 2295 libr02
