1635 2492
18 0 92 98 ξ
105 10 108 13 1
218 8 221 9 ⁷
236 10 241 15 Ἥ
288 38 293 41 ’
607 38 768 78 XVllll.
787 49 843 76 vr.
863 48 933 76 vn.
1404 37 1488 79 225

739 152 808 193 VI.

63 237 192 288 [Quod
205 236 331 286 pudor
348 237 576 284 sanguinem
596 235 646 272 ad
661 239 790 271 extera
812 234 1004 279 diffundit,
1030 238 1140 271 timor
1159 246 1250 271 uero
1270 233 1487 285 contrahit]

20 364 43 381 4
150 327 198 367 In
218 327 566 397 problematis
587 326 908 367 Aristotelis
939 327 1180 377 philosophi
1201 326 1258 366 ita
1281 326 1484 377 scriptum
1505 332 1521 364 1

65 389 151 425 est.
201 380 313 425 Διὰ
351 384 405 424 τί
433 382 488 425 οἱ
513 380 613 437 μὲν
636 379 1057 450 αἰσχυνόμενοι
1095 380 1487 436 ἐρυθριῶσιν,

11 439 15 443 ’
65 439 119 482 οἱ
146 435 205 482 δε
227 437 588 508 φοβουμενοι
613 434 918 509 ωχριῶσιν,
939 440 1354 493 παραπλησίων
1380 440 1488 481 τῶν

64 498 262 540 παθῶν
287 493 491 555 &mmm
513 492 624 539 Ὅτι
647 511 757 538 των
782 512 879 550 μεν
905 495 1339 561 αἰσχυνομένων
1365 496 1489 538 δια-

64 560 245 609 χεῖται
288 550 347 596 τὸ
382 556 512 609 αἱμα
548 553 604 596 ἐκ
644 555 741 621 τῆς
776 554 1009 607 καρδίας
1051 554 1130 603 εἰς
1174 550 1391 594 ἅπαντα
1427 551 1489 595 τὰ

65 610 200 666 μέρη
233 612 332 653 τοῦ
368 623 642 666 σωματος,
681 607 818 652 ὥστε
851 609 1234 661 ἐπιπολάζειν·
1281 616 1397 676 τοζς
1433 609 1487 652 δὲ

65 670 422 723 φοβηθεῖσιν
454 667 756 737 συντρέχει
791 669 866 718 εἰς
906 665 1004 722 τὴν
1046 668 1309 722 καρδίαν,
1343 663 1525 710 ω’στε2

65 725 354 768 ἐκλείπειν
387 724 442 767 ἐκ
472 727 581 768 τῶν
610 722 795 767 α’λλων
823 727 1015 780 μερῶν.

151 785 245 825 Hoc
266 795 345 835 ego
363 784 541 826 Athenis
561 796 655 826 cum
671 785 839 825 Tauro
867 790 1014 824 nostro
1042 784 1239 834 legissem
1264 790 1487 835 perconta-

63 849 218 892 tusque
248 852 409 890 essem,
443 841 543 894 quid
566 842 619 882 de
648 842 809 883 ratione
835 842 915 882 ista
940 841 1104 881 reddita
1135 841 1328 889 senui-et,
1363 841 1491 882 ‘dixit

66 898 269 951 quidem',
300 898 446 950 inquit,
481 900 631 949 ‘probe
654 905 695 939 et
712 911 826 946 uere,
861 898 959 949 quid
983 899 1193 938 accideret
1219 898 1374 939 diffuso
1397 910 1489 939 san-

64 956 190 1008 guine
210 962 282 997 aut
299 961 530 1005 contracto,
555 956 633 997 sed
656 968 730 997 cur
746 956 802 996 ita
819 956 938 996 fieret
955 968 1038 996 non
1058 955 1171 995 dixit.
1204 956 1356 996 Adhuc
1378 956 1486 995 enim
1504 956 1526 992 3

66 1013 212 1065 quaeri
231 1018 395 1064 potest,
429 1025 554 1065 quam
573 1014 626 1054 ob
646 1025 816 1054 causam
834 1014 972 1064 pudor
996 1012 1243 1063 sanguinem
1265 1013 1489 1061 diffundat,

65 1070 190 1111 timor
214 1071 454 1120 contrahat,
488 1082 582 1111 cum
600 1071 654 1111 sit
677 1071 816 1122 pudor
833 1070 999 1120 species
1022 1070 1182 1110 timoris
1201 1076 1327 1120 atque
1345 1070 1401 1109 ita
1420 1071 1491 1109 de-

66 1127 252 1168 finiatur:
283 1127 423 1168 ‘timor
440 1128 574 1169 iustae
601 1127 976 1179 reprehensionis'.
1039 1129 1098 1167 Ita
1116 1127 1225 1167 enim
1248 1126 1488 1177 philosophi

3 1228 4 1231 Ἴ
66 1183 289 1225 definiunt:
323 1181 531 1237 ‘aloxtivq
554 1181 676 1224 ἐστὶν
698 1181 842 1237 φόβος
861 1183 1039 1224 δικαίου
1059 1180 1262 1235 ψόγου.”

735 1299 820 1339 Vn.

196 1380 315 1426 [Quid
343 1381 390 1418 sit
406 1382 589 1426 obesum3
622 1382 877 1429 nonnullaque
898 1383 971 1418 alia
989 1382 1115 1429 prisca
1140 1381 1357 1426 uocabula.]

152 1459 198 1498 ln
223 1468 324 1508 agro
348 1456 554 1498 Vaticano
581 1458 751 1498 Iulius
774 1459 965 1498 Paulus
998 1463 1146 1508 poeta,
1180 1456 1243 1497 uir
1277 1457 1415 1497 bonus
1450 1462 1490 1496 et
1509 1458 1526 1491 1

67 1525 207 1556 rerum
241 1514 538 1565 literarumque
569 1520 761 1556 ueterum
797 1515 974 1566 inpense
1013 1516 1184 1563 doctus,
1228 1514 1489 1554 herediolum

67 1576 193 1612 tenue
213 1571 481 1623 possidebat„
514 1572 576 1612 Eo
595 1583 723 1623 saepe
742 1584 821 1613 nos
845 1574 897 1612 ad
917 1584 1012 1612 sese
1031 1572 1213 1612 uocabat
1229 1577 1270 1611 et
1287 1571 1487 1611 olusculis

66 1628 292 1679 pomisque
323 1628 424 1669 satis
469 1629 642 1669 comiter
679 1629 938 1680 copioseque
974 1629 1187 1669 inuitabat.
1264 1630 1404 1678 Atque
1434 1627 1490 1667 ita
1508 1630 1530 1665 2

68 1685 182 1725 molli
199 1685 381 1736 quodam
398 1686 660 1736 tempestatis
683 1692 906 1727 autumnae
931 1687 996 1726 die
1020 1698 1099 1736 ego
1120 1692 1160 1726 et
1181 1685 1348 1725 Iulius
1381 1685 1490 1724 Cel·

67 1741 207 1791 sinus,
242 1754 337 1783 curn
358 1742 411 1782 ad
428 1753 523 1784 eum
551 1754 822 1784 cenassemus
849 1751 887 1784 et
903 1744 1015 1794 apud
1035 1754 1221 1783 mensam
1241 1742 1329 1782 eius
1352 1742 1489 1782 audis-

67 1809 210 1840 semus
239 1799 322 1850 legi
342 1799 505 1840 Laeui
530 1801 771 1841 Alcestin
803 1802 1120 1850 rediremusque
1152 1800 1192 1839 in
1221 1799 1368 1840 urbem
1399 1800 1488 1839 sole

66 1854 148 1895 iam
171 1857 260 1897 fere
277 1856 479 1909 occiduo,
508 1857 664 1907 figuras
688 1858 938 1909 habitusque
960 1858 1187 1898 uerborum
1206 1868 1315 1897 noue
1340 1861 1410 1896 aut
1431 1856 1489 1895 in-

68 1911 242 1963 signiter
270 1913 475 1954 dictorum
499 1914 538 1953 in
573 1913 839 1955 Laeuiano
864 1916 932 1955 illo
959 1915 1139 1955 carmine
1161 1913 1487 1954 ruminabamur.

67 1970 124 2009 Vt
164 1981 359 2021 quaeque
393 1982 480 2012 uox
519 1970 704 2010 indidem
741 1972 867 2022 digna
900 1972 1175 2013 animaduerti
1216 1971 1488 2021 subuenerat,

68 2037 152 2077 qua
181 2039 261 2069 nos
291 2039 462 2079 quoque
497 2039 723 2079 possemus
749 2028 828 2076 uti,
861 2029 1086 2070 memoriae
1111 2028 1428 2068 mandabamus.

147 2085 276 2124 Erant
293 2089 431 2126 autem
444 2085 594 2133 uerba,
620 2096 728 2136 quae
747 2091 844 2125 tunc
862 2087 1154 2137 suppetebant,
1175 2084 1486 2125 huiuscemodi:
1505 2085 1530 2121 3

126 2149 383 2202 Corpore,
414 2151 567 2202 inquit,
597 2157 923 2203 pectoreque
955 2151 1190 2202 undique
1216 2152 1377 2191 obeso
1401 2160 1458 2189 ac

123 2208 292 2248 Mente
313 2206 987 2260 exsensatardi[n]gemulo

124 2263 286 2306 Senio
325 2262 656 2316 obpressum.

124 2323 280 2361 Gmuvs
303 2325 347 2362 11.
1227 2323 1281 2365 15
