1619 2476
138 67 194 108 4⁶2
676 65 742 104 XI.
774 76 866 104 χιιι.
896 75 1005 104 x1111.

144 179 246 229 quit,
280 183 292 201 ‘
308 178 532 225 diceretur,
564 177 731 227 grauior
748 177 905 216 scilicet
921 176 1179 228 solidiorque
1196 178 1314 218 fleret
1336 179 1541 218 sententia

100 250 125 284 9
143 241 183 274 et
206 235 414 284 acciperet
438 234 592 283 aliquid
615 234 747 273 iustae
776 233 816 273 in
842 233 1049 274 audiendo
1074 234 1398 284 expectationis;
1429 245 1540 274 nunc

141 296 276 330 autem
317 290 446 329 uerba
474 290 576 329 haec
608 290 793 340 cupide
824 295 865 329 et
895 295 1107 339 temere,
1138 290 1178 330 in
1215 291 1365 341 quibus
1399 291 1539 331 uerbis

141 358 262 386 omne
279 351 532 386 momentum
549 347 607 386 rei
624 351 708 394 est,
739 358 822 386 non
848 346 888 385 in
916 347 1205 387 concludenda
1227 347 1431 388 sententia
1454 352 1539 386 tan-

138 409 222 442 tum
243 403 455 450 dicuntur,
489 403 563 442 sed
587 414 713 453 supra
736 414 904 452 quoque
927 403 1111 443 nondum
1129 403 1363 443 desiderata
1379 415 1539 454 ponun-

138 464 205 498 tur
237 465 277 498 et
309 469 415 508 quae
442 459 556 499 nasci
577 459 756 509 oririque
773 470 823 498 cx
842 459 930 509 ipsa
949 459 1006 498 rei
1026 459 1301 511 conceptione
1319 460 1537 507 debebant,

139 520 233 554 ante
267 515 456 563 omnino,
490 527 611 565 quarn
642 528 707 555 rcs
739 517 943 565 postulat,
976 516 1180 557 dicuntur.
1248 517 1348 556 Nam
1383 516 1452 566 qui
1485 516 1539 555 ita

137 571 254 610 dicit:
289 575 300 593 ‘
314 572 348 611 si
369 573 449 611 hoc
469 572 637 619 feceris,
671 572 819 621 cupide
837 572 987 612 fecisse
1006 572 1193 621 diceris',
1226 584 1313 613 rem
1331 572 1427 612 dicit
1447 583 1537 612 sen-

137 639 209 668 sus
243 628 415 667 alicuius
446 628 604 668 ratione
628 631 856 668 conlectam
887 634 928 668 et
959 636 1216 677 consertam3
1251 629 1320 680 qui
1349 640 1450 670 uero
1482 629 1537 668 ita

137 683 252 724 dicit:
288 685 346 724 ‘si
365 685 513 734 cupide
536 685 704 733 feceris,
738 686 887 735 cupide
919 685 1070 725 secisse
1101 686 1283 734 diceris'‚
1311 698 1395 727 non
1413 687 1537 735 longe

138 752 260 780 secus
287 741 383 780 dicit
401 747 524 792 atque
543 742 579 781 si
600 742 774 782 diceret:
809 742 861 782 ‘si
884 742 1033 792 cupide
1063 743 1231 791 feceris,
1265 741 1414 793 cupide
1431 743 1536 781 fece-

74 798 229 842 10ris’.
307 798 420 837 Haec
456 802 566 847 ego'‚
599 798 746 848 inquit,
779 799 1019 846 ‘admonui‚
1049 812 1131 840 non
1162 805 1207 840 ut
1240 801 1281 839 C.
1302 799 1533 839 Graccho

138 854 234 893 uitio
255 855 418 902 darem,
450 878 506 883 —-
525 855 578 894 dii
610 855 718 894 enim
751 861 931 895 mentem
963 857 1175 896 meliorem
1201 856 1319 895 mihi!
1352 867 1466 903 nam,
1501 855 1535 894 si

136 910 356 960 quicquam
381 911 418 949 in
444 917 526 950 tam
557 911 673 951 fortis
698 912 915 951 facundiae
938 913 1027 952 uiro
1060 913 1143 952 uitii
1167 914 1230 952 uel
1261 912 1413 953 erroris
1439 923 1535 951 esse

136 966 215 1006 dici
232 972 393 1016 potest,
426 968 466 1006 id
485 979 606 1008 omne
631 973 671 1007 ct
697 969 919 1008 auctoritas
946 969 1034 1008 eius
1060 970 1250 1009 exhausit
1278 974 1318 1008 et
1345 973 1533 1008 uetustas

136 1023 409 1073 consumpsit,
428 1046 484 1052 ——
502 1025 574 1064 sed
600 1024 655 1064 uti
673 1024 889 1073 caueretis,
908 1036 959 1064 ne
977 1036 1056 1065 uos
1076 1026 1193 1065 facile
1210 1025 1535 1076 praestringeret

135 1080 371 1119 modulatus
406 1080 551 1130 aliquis
579 1081 781 1121 currentis
811 1081 1026 1121 facundiae
1049 1082 1210 1123 sonitus
1232 1087 1358 1132 atque
1386 1087 1430 1122 ut
1453 1081 1532 1120 uim
1592 1079 1593 1082 ’

133 1135 267 1186 ipsam
294 1148 431 1176 rerum
453 1138 730 1187 uirtutemque
746 1139 970 1178 uerborum
992 1139 1107 1189 prius
1129 1137 1393 1189 pensitaretis
1412 1143 1470 1185 et,
1499 1138 1533 1177 si

135 1192 302 1241 quidem
333 1193 470 1242 grauis
501 1199 625 1244 atquc
649 1195 807 1244 integra
834 1200 874 1233 et
900 1195 1062 1235 sincera
1083 1195 1287 1235 sententia
1312 1194 1531 1241 diceretur,

133 1254 240 1296 tum,
272 1249 306 1287 si
337 1249 392 1287 ita
425 1250 643 1298 uideretur,
676 1251 889 1301 gressibus
922 1263 1091 1302 quoque
1121 1252 1224 1302 ipsis
1257 1250 1456 1291 orationis
1493 1254 1532 1289 et

133 1305 320 1354 gestibus
337 1307 609 1354 plauderetis,
638 1307 672 1346 si
692 1318 790 1347 uero
810 1307 944 1357 frigidi
963 1313 1003 1346 et
1019 1309 1133 1348 leues
1151 1313 1192 1347 et
1208 1307 1361 1347 futtiles
1379 1317 1530 1347 sensus

132 1360 172 1399 in
204 1361 331 1400 uerba
353 1367 447 1412 apte
478 1374 784 1412 numeroseque
807 1363 944 1411 posita
966 1363 1288 1411 includerentur,
1322 1375 1405 1403 non
1435 1374 1530 1403 esse

132 1417 174 1455 id
195 1428 317 1456 secus
337 1419 581 1465 crederetis,
617 1430 737 1468 quam
764 1430 856 1458 cum
879 1419 1066 1460 homines
1090 1419 1241 1470 insigni
1264 1420 1526 1460 deformitate

133 1473 186 1512 ad
205 1473 391 1513 facienda
408 1475 577 1514 ridicula
602 1475 809 1514 imitantur
825 1475 1046 1516 histriones
1072 1482 1111 1516 et
1127 1477 1320 1526 gestiunt.

764 1623 885 1661 xllll.

180 1708 313 1745 Sobria
328 1714 364 1745 el
380 1710 631 1756 pulcherrima
645 1711 791 1747 Romuli
810 1713 910 1759 regis
929 1714 1126 1758 responsio
1145 1704 1245 1748 circa
1261 1712 1338 1747 uini
1364 1720 1485 1746 usum.

94 1799 114 1832 1
220 1803 531 1853 Simplicissima
548 1806 750 1845 suauitate
767 1812 807 1845 et
830 1806 888 1845 rei
905 1811 944 1845 et
963 1805 1161 1845 orationis
1179 1807 1222 1844 L.
1239 1806 1268 1844 P
1280 1804 1291 1843 i
1303 1816 1356 1845 so
1375 1804 1524 1854 Frugi

136 1870 238 1899 usus
257 1860 374 1899 estin
400 1861 559 1909 primo
586 1862 781 1910 annali,
816 1874 908 1902 cum
926 1862 977 1900 de
996 1862 1158 1901 Romuli
1176 1861 1285 1910 regis
1303 1861 1525 1911 uitaatque

90 1912 117 1944 ⁴2
136 1915 246 1954 uictu
268 1916 481 1956 scriberet.
542 1919 602 1957 Ea
622 1919 770 1966 uerba,
804 1930 909 1968 quae
926 1917 1103 1965 scribsit,
1133 1918 1235 1956 haec
1253 1922 1371 1956 sunt:
1397 1917 1525 1956 Eun-

132 1972 239 2010 dem
265 1973 529 2013 Romulum
551 1974 752 2022 dicunt,
776 1975 834 2014 ad
857 1984 1031 2014 cenam
1047 1978 1308 2020 uocatum,
1331 1972 1400 2012 ibi
1424 1984 1521 2012 non

131 2029 577 2078 multumbibisse‚
601 2029 1523 2080 quiapostridienegotiumhaberet.

130 2083 183 2122 Ei
210 2084 414 2124 dicunt:
448 2087 700 2134 ‘Romule,
732 2087 773 2126 si
804 2087 946 2127 istud
974 2097 1148 2126 omnes
1181 2084 1419 2125 homines
1450 2086 1523 2125 fa-

131 2139 293 2187 ciant,
326 2141 498 2181 uinum
531 2142 687 2182 uilius
721 2143 828 2182 sit'.
889 2141 979 2181 His
1010 2141 1317 2192 respondit:
1352 2141 1521 2181 ‘immo

130 2206 252 2234 uero
286 2208 471 2245 carum,
515 2199 584 2246 si,
627 2204 866 2248 quantuni
897 2198 1121 2248 quisque
1153 2199 1317 2245 uolet,
1356 2197 1520 2246 bibat;
1573 2219 1577 2225 ·

131 2261 242 2289 nam
275 2263 367 2302 ego
396 2253 516 2302 bibi,
546 2260 786 2304 quantum
818 2255 999 2295 uolui'.
