1619 2476
120 57 176 98 44
675 55 743 93 XI.
777 65 846 93 xv.
874 64 962 93 xvr.

81 176 101 210 7
208 170 305 209 Cum
327 165 694 217 reprehensionem
710 169 846 204 autem
867 164 974 203 illam
993 164 1021 203 S
1033 175 1054 204 c
1066 175 1127 204 au
1139 163 1180 203 ri
1204 168 1457 210 notaremus,
1474 161 1514 201 in

120 224 355 264 memoriam
376 222 494 261 nobis
517 221 648 269 rediit,
683 221 796 270 quod
822 220 1042 260 Sisenna
1071 219 1111 259 in
1139 224 1320 270 quarto
1348 217 1516 258 histo-

118 281 308 319 riarum
333 278 517 326 eiusdem
539 278 696 327 figurae
713 277 842 316 uerbo
867 276 922 316 ita
938 288 1040 316 usus
1058 281 1135 316 est.
1176 276 1206 315 P
1219 287 1243 316 ο
1257 286 1282 325 p
1295 273 1488 314 ulabun
1502 296 1516 303 —

118 337 237 386 dus,
271 333 421 383 inquit,
441 345 567 383 agro
582 346 601 373 s
627 334 686 372 ad
714 332 912 383 oppidu
927 343 965 370 m
987 330 1252 382 peruenit,
1276 330 1389 381 quod
1409 329 1516 370 scili-

118 398 182 431 cet
203 390 407 441 significat
433 393 543 429 ‘cum
561 401 685 439 agros
703 390 1003 439 popularetur',
1026 400 1123 436 non,
1155 391 1202 427 ut
1227 387 1455 426 Scaurus
1474 385 1515 425 in

118 446 398 488 consimilibus
430 445 569 485 uerbis
593 445 658 493 ait,
694 448 802 484 ‘cum
824 445 1093 495 populantem
1124 445 1282 494 ageret'
1305 443 1373 482 uel
1404 445 1515 482 ‘cum

116 504 356 542 imitaretur-²

79 570 102 605 8
207 559 291 598 Sed
320 557 621 607 inquirentibus
651 557 792 604 nobis,
831 567 1034 606 quaenam
1064 555 1168 596 ratio
1191 559 1232 594 et
1253 553 1370 604 origo
1403 558 1516 594 esset

119 614 405 654 huiuscemodi
428 614 586 662 figurae
603 613 960 663 ‘populabundus'
981 617 1021 652 et
1041 611 1334 651 ‘errabundus'
1359 614 1400 650 et
1417 611 1514 649 ‘lae-

116 671 340 710 tabundus'
375 675 415 709 et
451 669 736 708 ‘ludibundus’
770 670 1077 718 multorumque
1110 667 1283 709 aliorum
1314 666 1355 705 id
1383 677 1514 716 genus

116 727 363 771 uerborum,
388 719 662 777 εὐεπιβόλως
689 726 827 764 hercle
852 724 1184 775 Apollinaris
1220 727 1364 763 noster
1383 721 1515 762 uideri

115 782 192 822 sibi
224 782 299 829 ait,
332 781 572 831 particulam
592 781 714 821 istam
746 786 1020 831 postremam,
1050 781 1091 820 in
1123 792 1246 831 quam
1267 779 1396 819 uerba
1417 777 1515 818 talia

116 843 279 885 exeunt,
298 838 379 877 uim
399 843 439 877 et
456 837 618 887 copiam
637 843 677 877 et
695 838 812 887 quasi
827 837 1119 877 abundantiam
1139 836 1210 884 rei,
1229 835 1345 875 cuius
1366 835 1409 874 id
1425 846 1515 874 uer-

114 895 210 933 bum
231 900 366 940 esset‚
405 894 714 933 demonstrare:
747 899 792 933 ut
823 894 1146 933 ‘laetabundus’
1169 893 1204 932 is
1228 891 1409 939 dicatur,
1446 890 1515 940 qui

114 951 279 989 abunde
300 951 431 989 laetus
456 949 519 997 sit,
538 950 898 997 et‘errabundus’,
919 949 988 999 qui
1004 952 1128 999 longo
1148 954 1273 998 atque
1290 946 1515 987 abundanti

115 1017 256 1046 errore
274 1006 346 1058 sit,
371 1010 594 1055 ceteraque
619 1006 755 1045 omnia
773 1017 824 1045 ex
842 1017 891 1045 ea
917 1006 1049 1055 figura
1070 1006 1125 1045 ita
1146 1005 1226 1045 dici
1247 1003 1448 1052 ostendit,
1471 1009 1515 1042 ut

114 1061 332 1111 productio
361 1062 464 1101 haec
491 1067 531 1101 et
548 1061 786 1102 extremitas
812 1063 967 1111 largam
988 1067 1029 1102 et
1051 1062 1250 1102 fluentem
1273 1059 1356 1100 uim
1376 1064 1418 1099 et
1445 1069 1513 1099 co-

113 1117 222 1167 piam
238 1118 479 1157 declararet.

755 1219 864 1260 XVI.

116 1297 224 1341 Quod
243 1298 469 1335 Graecorum
496 1300 696 1335 uerborum
718 1298 953 1345 quorundam
976 1298 1195 1335 difficillima
1211 1303 1269 1335 est
1292 1299 1329 1334 in
1345 1299 1513 1335 Latinam

167 1354 335 1400 linguam
355 1355 523 1398 mutatio,
543 1356 645 1390 uelut
661 1354 762 1400 quod
780 1354 921 1390 Graece
940 1353 1075 1390 dicitur
1091 1347 1467 1405 πολυπραγμοσύνη.

78 1458 88 1489 l
196 1451 436 1492 Adiecimus
454 1463 582 1503 saepe
599 1452 776 1492 animum
799 1453 851 1492 ad
867 1453 1072 1493 uocabula
1088 1464 1225 1493 rerum
1250 1465 1333 1494 non
1349 1453 1513 1504 paucis-

112 1507 226 1555 sima,
251 1519 356 1557 quae
373 1520 509 1559 neque
526 1509 698 1558 singulis
715 1508 867 1556 uerbis,
893 1514 939 1548 ut
955 1520 978 1548 a
1000 1508 1181 1557 Graecis,
1205 1521 1354 1560 neque,
1379 1510 1415 1550 si
1431 1522 1513 1550 ma-

108 1563 219 1605 xime
242 1565 429 1614 pluribus
449 1577 520 1605 eas
551 1576 618 1605 res
634 1565 774 1604 uerbis
793 1565 999 1613 dicamus,
1031 1570 1115 1605 tam
1137 1566 1314 1606 dilucide
1343 1571 1512 1617 tamque

110 1628 204 1671 apte
232 1621 508 1661 demonstrari
532 1621 675 1660 Latina
699 1621 886 1662 oratione
915 1627 1112 1671 possunt,
1140 1633 1264 1672 quam
1285 1622 1430 1662 Graeci
1462 1634 1512 1662 ea

70 1685 91 1717 2
109 1677 251 1716 dicunt
276 1677 404 1727 prinis
436 1677 625 1718 uocibus.
687 1679 827 1728 Nuper
856 1677 979 1717 etiam
1011 1689 1104 1718 cum
1135 1679 1281 1718 allatus
1314 1683 1429 1719 esset
1459 1679 1512 1718 ad

109 1745 187 1773 nos
208 1733 477 1773 Plutarchi
508 1734 610 1773 liber
634 1739 674 1773 et
700 1733 788 1774 eius
820 1734 911 1773 libri
935 1733 1112 1773 indicem
1143 1734 1413 1784 legissemus,
1444 1734 1512 1784 qui

110 1794 198 1828 erat
238 1787 365 1839 περὶ
401 1786 983 1842 πολυπραγμοσύνης,
1021 1791 1282 1840 percontanti
1320 1790 1510 1846 cuipiam,

111 1845 179 1894 qui
197 1850 238 1884 et
255 1845 462 1885 literarum
490 1851 530 1885 et
550 1857 702 1886 uocum
721 1847 972 1887 Graecarum
990 1857 1142 1896 expers
1169 1847 1262 1894 suit,
1296 1847 1511 1886 cuiusnam

110 1901 211 1940 liber
234 1906 274 1940 et
291 1913 373 1951 qua
389 1902 441 1941 de
472 1913 517 1941 re
542 1902 720 1943 scribtus
747 1908 880 1950 esset,
913 1913 1064 1943 nomen
1096 1901 1262 1952 quidem
1293 1902 1510 1952 scriptoris

111 1956 248 1996 statim
270 1957 460 2005 diximus,
493 1969 592 2006 rem,
626 1959 677 1998 de
696 1971 777 2009 qua
795 1959 994 1999 scribtum
1012 1958 1099 2006 fuit,
1119 1958 1267 1998 dicturi
1283 1958 1509 1998 haesimus.

71 2016 171 2052 3Ac
195 2018 281 2053 tum
301 2014 467 2063 quidem
490 2014 644 2063 primo,
679 2015 774 2064 quia
806 2027 889 2056 non
924 2015 1024 2054 satis
1057 2015 1276 2056 commode
1309 2013 1510 2064 opinabar

110 2068 470 2118 interpretaturum
497 2081 614 2118 esse,
648 2070 683 2110 si
703 2071 882 2111 dicerem
899 2071 1046 2110 librum
1064 2070 1264 2110 scribtum
1285 2073 1297 2092 ³
1314 2071 1367 2110 de
1382 2081 1509 2120 nego·

109 2124 319 2172 tiositate',
352 2125 463 2165 aliud
479 2125 635 2166 institui
655 2133 755 2176 aput
776 2139 841 2167 me
859 2126 1089 2176 exquirere,
1124 2128 1249 2176 quod,
1284 2131 1330 2166 ut
1345 2125 1508 2174 dicitur,

71 2185 94 2218 4
109 2180 281 2219 uerbum
299 2182 350 2220 de
367 2182 495 2222 uerbo
515 2193 763 2231 expressum
784 2188 911 2223 esset.
948 2183 1052 2221 Nihil
1069 2188 1158 2223 erat
1178 2193 1375 2233 prorsus,
1393 2182 1508 2232 quod

112 2240 180 2273 aut
211 2236 487 2276 meminissem
524 2240 662 2287 legere
699 2250 764 2278 me
792 2244 880 2286 aut,
924 2239 959 2278 si
993 2238 1113 2278 etiam
1149 2240 1298 2278 uellem
1331 2238 1500 2288 fingere,
