1603 2508
566 65 648 104 1111.
680 76 782 104 xvii.
812 75 931 102 xv111.
1356 62 1436 104 157

39 181 267 230 plerosque
291 177 426 218 omnis
442 182 579 216 tamen
602 179 741 227 legere
759 176 903 216 audias
923 189 951 215 u
975 176 1091 215 litera
1117 175 1335 226 producta.
1396 177 1442 216 ld
1453 185 1495 218 15

39 235 179 287 ipsum
199 238 338 274 autem
357 233 533 273 uerbum
555 234 610 272 M.
637 235 762 273 Cato
795 233 873 272 sub
899 232 977 271 alia
1004 231 1315 283 praepositione
1343 232 1438 272 dicit

37 291 88 331 in
120 291 395 342 oratione,
434 301 558 340 quam
597 290 663 329 de
709 290 986 329 consulatu
1026 301 1117 328 suo
1158 289 1320 337 habuit,
1359 290 1436 329 ita:

38 348 161 395 hos,
188 347 331 397 inquit,
364 348 465 386 fert
491 352 682 386 uentus
716 347 784 385 ad
816 346 1056 395 priorem
1087 346 1436 396 Pyrenaeum,

40 415 136 454 quo
160 403 378 454 proiicit
401 402 448 441 in
470 404 642 442 altum.
673 402 1001 441 EtPacuuius
1026 402 1122 440 item
1149 402 1196 440 in
1218 403 1434 452 Chryse:

99 513 108 522 .
135 513 145 522 .
168 483 223 522 Id
246 481 660 534 promunturium
683 482 828 521 cuius
860 479 1036 530 lingua
1065 482 1116 520 in
1141 483 1297 521 altum
1318 481 1436 532 pro-

863 544 991 577 licit.

668 640 812 681 XVIII.

38 711 93 747 De
105 711 336 748 P.Afrieano
355 711 550 757 superiore
573 714 720 755 sumpta
739 708 924 755 quaedam
942 720 989 744 ex
1006 711 1216 754 annalibus,
1232 715 1439 745 memor-alu

623 765 860 812 dignissima.

127 855 267 906 Scipio
285 855 508 896 Africanus
534 855 742 906 antiquior
768 861 920 905 quanta
945 855 1143 895 uirtutum
1165 855 1296 905 gloria
1322 866 1440 905 prae·
1459 861 1477 894 1

42 911 190 953 stiterit
216 917 257 951 et
283 924 405 962 quam
433 912 554 952 fuerit
579 914 685 952 altus
718 912 840 950 animi
871 917 994 961 atque
1021 913 1263 962 magnificus
1299 918 1338 951 et
1361 922 1442 961 qua

43 969 108 1010 sui
134 968 390 1010 conscientia
412 969 634 1016 subnixus,
668 969 853 1018 plurimis
879 969 1024 1015 rebus,
1060 980 1165 1018 quae
1188 968 1290 1007 dixit
1318 979 1440 1018 quae-

43 1036 124 1075 que
142 1025 249 1072 fecit,
274 1026 528 1064 declaratum
543 1030 620 1064 est.
659 1027 720 1064 Ex
738 1025 886 1074 quibus
906 1030 1001 1064 suut
1017 1026 1118 1064 haec
1142 1026 1224 1064 duo
1251 1026 1439 1075 exempla
1456 1029 1477 1062 2

43 1081 133 1121 eius
161 1081 340 1120 fiduciae
365 1086 489 1131 atque
512 1082 807 1131 exuperantiae
831 1082 1028 1131 ingentis:

131 1138 229 1178 Cum
244 1138 298 1177 Μ.
315 1137 494 1177 Naeuius
519 1138 708 1177 tribunus
732 1138 862 1187 plebis
881 1142 1097 1177 accusaret
1120 1148 1214 1176 eum
1238 1137 1289 1176 ad
1309 1149 1440 1187 popu·
1457 1144 1479 1178 3

43 1195 128 1234 lum
157 1193 420 1244 diceretque,
449 1194 664 1244 accepisse
696 1207 719 1233 a
756 1206 854 1244 rege
884 1194 1090 1233 Antiocho
1122 1194 1365 1243 pecuniam,
1398 1199 1442 1232 ut

45 1250 352 1291 conditionibus
383 1250 578 1300 gratiosis
607 1256 647 1290 et
671 1251 862 1290 mollibus
894 1261 977 1300 pax
1000 1261 1092 1289 cum
1115 1261 1164 1289 eo
1197 1250 1343 1300 populi
1363 1251 1442 1289 Ro-

43 1305 154 1347 mani
170 1306 336 1347 nomine
354 1307 471 1346 fieret
486 1311 526 1346 et
542 1308 745 1356 quaedam
764 1307 860 1346 item
877 1307 954 1345 alia
972 1306 1127 1345 crimini
1145 1307 1261 1346 daret
1277 1306 1443 1355 indigna

43 1363 114 1402 tali
137 1362 252 1411 uiro,
288 1369 371 1402 tum
389 1363 571 1413 Scipio
596 1375 730 1413 pauca
745 1365 978 1413 praefatus,
1012 1374 1118 1412 quae
1140 1363 1316 1412 dignitas
1334 1363 1442 1402 uitae

45 1430 148 1460 suae
171 1424 296 1469 atque
321 1419 454 1469 gloria
476 1421 738 1470 postulabat:
771 1419 1017 1467 ‘memoria',
1048 1420 1202 1470 inquit,
1233 1420 1440 1469 Quirites,

43 1480 208 1528 repeto,
237 1475 346 1515 diem
372 1487 468 1515 esse
483 1476 744 1529 hodiernum,
779 1489 860 1526 quo
884 1476 1155 1515 Hannibalem
1171 1477 1356 1515 Poenum
1374 1476 1443 1514 im-

12 1548 24 1561 ’-
43 1531 162 1583 perio
177 1536 321 1572 uestro
341 1531 666 1572 inimicissimum
683 1545 832 1583 magno
852 1533 1010 1583 proelio
1027 1532 1109 1572 uici
1125 1532 1164 1571 in
1181 1538 1292 1571 terra
1302 1532 1443 1571 Africa

43 1599 279 1639 pacemque
312 1592 352 1627 et
378 1588 596 1629 uictoriam
626 1590 749 1630 uobis
786 1589 930 1640 peperi
963 1588 1292 1639 inspectabilem.
1353 1589 1443 1628 Non

0 1651 16 1672 ⁵
43 1643 170 1695 igitur
186 1644 315 1684 simus
334 1645 558 1684 aduersum
575 1646 679 1686 deos
705 1646 853 1696 ingrati
875 1651 928 1697 et,
960 1656 1130 1697 censeo,
1162 1645 1442 1694 relinquamus

46 1700 298 1740 nebulonem
323 1701 452 1753 hunc,
481 1713 623 1742 eamus
648 1702 742 1742 hinc
767 1702 957 1753 protinus
983 1701 1073 1740 Ioui
1092 1700 1246 1751 optimo
1264 1701 1442 1741 maximo

42 1758 328 1807 gratulatum&
388 1758 434 1796 Id
466 1769 559 1797 cum
591 1758 788 1811 dixisset,
821 1759 968 1798 auertit
994 1763 1032 1797 et
1053 1758 1111 1796 ire
1138 1758 1190 1796 ad
1208 1757 1450 1807 Capitolium
1467 1764 1488 1798 4

23 1813 199 1864 eoepit.
260 1814 363 1853 Tum
388 1814 526 1855 contio
557 1815 774 1867 uniuersa,
808 1826 914 1865 quae
937 1816 991 1853 ad
1019 1813 1266 1854 sententiam
1296 1814 1347 1853 de
1365 1813 1448 1853 Sci·
1466 1821 1486 1854 ὁ

28 1867 174 1920 >pione
204 1871 418 1910 ferendam
446 1877 720 1924 conuenerat,
752 1872 894 1912 relicto
920 1871 1111 1921 tribuno,
1144 1870 1382 1920 Scipionem
1403 1870 1444 1909 in

48 1924 292 1976 Capitolium
315 1926 509 1966 comitata
534 1933 658 1977 atque
689 1928 786 1967 inde
815 1929 867 1968 ad
891 1929 1018 1967 aedes
1045 1927 1133 1966 eius
1170 1938 1263 1966 cum
1293 1926 1447 1966 laetitia

38 1985 92 2020 >et
104 1982 381 2030 gratulatione
397 1984 616 2034 sollempni
632 1990 857 2035 prosecuta
875 1989 952 2023 est.
1012 1985 1159 2023 Fertur
1188 1983 1309 2022 etiam
1339 1994 1449 2024 ora·
1466 1989 1487 2024 6

47 2035 142 2089 tio,
174 2050 281 2088 quae
304 2039 470 2079 uidetur
493 2040 629 2080 habita
649 2052 698 2080 eo
718 2041 784 2081 die
806 2052 830 2080 a
847 2040 1122 2091 Scipione,
1155 2044 1194 2079 et
1219 2039 1288 2089 qui
1305 2039 1446 2079 dicunt

50 2102 142 2132 eam
171 2105 256 2135 non
284 2106 449 2144 ueram,
481 2108 565 2136 non
583 2102 682 2136 eunt
698 2097 871 2149 infitias,
901 2096 998 2146 quin
1014 2097 1117 2135 haec
1137 2096 1303 2145 quidem
1318 2096 1446 2136 uerba

51 2147 218 2198 fuerint,
250 2162 356 2201 quae
387 2152 493 2200 dixi,
525 2153 802 2203 Scipionis.

56 2248 58 2251 ,
134 2205 237 2245 Item
258 2207 368 2247 aliud
394 2213 460 2248 est
488 2210 639 2248 sactum
665 2209 752 2249 eius
778 2210 1050 2260 praeclarum.
1110 2209 1240 2249 Petilii
1271 2209 1448 2258 quidam,
1467 2213 1486 2249 7

37 2257 204 2322 ''tribuni
235 2263 388 2313 plebis,
419 2275 444 2303 a
475 2266 553 2313 M.,
585 2271 628 2305 ut
657 2266 788 2316 aiunt,
821 2267 998 2314 Catone,
1029 2265 1191 2306 inimico
1224 2265 1445 2316 Scipionis,

24 2378 159 2508 ὲ,ἒ
