<?xml version="1.0" encoding="UTF-8"?>
<!DOCTYPE html PUBLIC "-//W3C//DTD XHTML 1.0 Transitional//EN"
    "http://www.w3.org/TR/xhtml1/DTD/xhtml1-transitional.dtd">
<html xmlns="http://www.w3.org/1999/xhtml" xml:lang="en" lang="en">
 <head>
  <title>
</title>
<meta http-equiv="Content-Type" content="text/html;charset=utf-8" />
  <meta name='ocr-system' content='tesseract 3.04.00' />
  <meta name='ocr-capabilities' content='ocr_page ocr_carea ocr_par ocr_line ocrx_word'/>
</head>
<body>
  <div class='ocr_page' id='page_1' title='image "./agelliinoctivmat00gelluoft_0028.png"; bbox 0 0 1619 2476; ppageno 0'>
   <div class='ocr_carea' id='block_1_1' title="bbox 121 77 1100 117">
    <p class='ocr_par' dir='ltr' id='par_1_1' title="bbox 121 77 1100 117">
     <span class='ocr_line' id='line_1_1' title="bbox 121 77 1100 117; baseline 0.003 -5"><span class='ocrx_word' id='word_1_1' title='bbox 121 77 148 117; x_wconf 83' lang='lat'>6</span> <span class='ocrx_word' id='word_1_2' title='bbox 552 78 700 114; x_wconf 87' lang='lat' dir='ltr'><strong>INDEX</strong></span> <span class='ocrx_word' id='word_1_3' title='bbox 741 78 1100 116; x_wconf 78' lang='lat' dir='ltr'><strong>CAPITVLORVM.</strong></span> 
     </span>
    </p>
   </div>
   <div class='ocr_carea' id='block_1_2' title="bbox 121 191 1527 565">
    <p class='ocr_par' dir='ltr' id='par_1_2' title="bbox 121 191 1526 293">
     <span class='ocr_line' id='line_1_2' title="bbox 121 191 1526 239; baseline 0.006 -16"><span class='ocrx_word' id='word_1_4' title='bbox 121 193 238 239; x_wconf 77' lang='lat' dir='ltr'>probe</span> <span class='ocrx_word' id='word_1_5' title='bbox 267 191 444 237; x_wconf 87' lang='lat' dir='ltr'>scriptum</span> <span class='ocrx_word' id='word_1_6' title='bbox 466 202 663 237; x_wconf 78' lang='lat' dir='ltr'>perperam</span> <span class='ocrx_word' id='word_1_7' title='bbox 681 194 861 235; x_wconf 81' lang='lat' dir='ltr'>inutatur3</span> <span class='ocrx_word' id='word_1_8' title='bbox 894 196 929 226; x_wconf 90' lang='lat' dir='ltr'>et</span> <span class='ocrx_word' id='word_1_9' title='bbox 955 203 1113 238; x_wconf 88' lang='lat' dir='ltr'>aspersa</span> <span class='ocrx_word' id='word_1_10' title='bbox 1139 203 1262 239; x_wconf 88' lang='lat' dir='ltr'>pauca</span> <span class='ocrx_word' id='word_1_11' title='bbox 1291 193 1337 229; x_wconf 90' lang='lat' dir='ltr'>de</span> <span class='ocrx_word' id='word_1_12' title='bbox 1363 194 1526 231; x_wconf 83' lang='lat' dir='ltr'>modulis</span> 
     </span>
     <span class='ocr_line' id='line_1_3' title="bbox 123 247 1259 293; baseline 0.001 -10"><span class='ocrx_word' id='word_1_13' title='bbox 123 248 364 293; x_wconf 80' lang='lat' dir='ltr'>numerisque</span> <span class='ocrx_word' id='word_1_14' title='bbox 382 248 581 290; x_wconf 84' lang='lat' dir='ltr'>orationis,</span> <span class='ocrx_word' id='word_1_15' title='bbox 612 258 706 293; x_wconf 90' lang='lat' dir='ltr'>quos</span> <span class='ocrx_word' id='word_1_16' title='bbox 725 247 854 283; x_wconf 84' lang='lat' dir='ltr'>Cicero</span> <span class='ocrx_word' id='word_1_17' title='bbox 880 247 991 283; x_wconf 88' lang='lat' dir='ltr'>auide</span> <span class='ocrx_word' id='word_1_18' title='bbox 1014 252 1174 284; x_wconf 81' lang='lat' dir='ltr'>sectatus</span> <span class='ocrx_word' id='word_1_19' title='bbox 1190 253 1259 285; x_wconf 88' lang='lat' dir='ltr'>est.</span> 
     </span>
    </p>

    <p class='ocr_par' dir='ltr' id='par_1_3' title="bbox 122 303 1527 396">
     <span class='ocr_line' id='line_1_4' title="bbox 236 303 1527 353; baseline 0.003 -15"><span class='ocrx_word' id='word_1_20' title='bbox 236 304 332 338; x_wconf 81' lang='lat' dir='ltr'><strong>VIII.</strong></span> <span class='ocrx_word' id='word_1_21' title='bbox 375 304 537 339; x_wconf 76' lang='lat' dir='ltr'>Historia</span> <span class='ocrx_word' id='word_1_22' title='bbox 569 304 606 338; x_wconf 89' lang='lat' dir='ltr'>in</span> <span class='ocrx_word' id='word_1_23' title='bbox 635 304 738 339; x_wconf 88' lang='lat' dir='ltr'>libris</span> <span class='ocrx_word' id='word_1_24' title='bbox 771 303 933 340; x_wconf 87' lang='lat' dir='ltr'>Sotionis</span> <span class='ocrx_word' id='word_1_25' title='bbox 968 304 1184 352; x_wconf 86' lang='lat' dir='ltr'>philosophi</span> <span class='ocrx_word' id='word_1_26' title='bbox 1225 309 1373 353; x_wconf 85' lang='lat' dir='ltr'>reperta</span> <span class='ocrx_word' id='word_1_27' title='bbox 1414 317 1527 353; x_wconf 86' lang='lat' dir='ltr'>super</span> 
     </span>
     <span class='ocr_line' id='line_1_5' title="bbox 122 359 955 396; baseline -0.001 0"><span class='ocrx_word' id='word_1_28' title='bbox 122 360 238 396; x_wconf 80' lang='lat' dir='ltr'>Laide</span> <span class='ocrx_word' id='word_1_29' title='bbox 256 361 451 396; x_wconf 83' lang='lat' dir='ltr'>meretrice</span> <span class='ocrx_word' id='word_1_30' title='bbox 470 364 505 395; x_wconf 89' lang='lat' dir='ltr'>et</span> <span class='ocrx_word' id='word_1_31' title='bbox 520 359 770 396; x_wconf 80' lang='lat' dir='ltr'>Demosthene</span> <span class='ocrx_word' id='word_1_32' title='bbox 793 360 955 396; x_wconf 77' lang='lat' dir='ltr'>rhetore.</span> 
     </span>
    </p>

    <p class='ocr_par' dir='ltr' id='par_1_4' title="bbox 123 416 1527 565">
     <span class='ocr_line' id='line_1_6' title="bbox 236 416 1525 464; baseline 0.002 -14"><span class='ocrx_word' id='word_1_33' title='bbox 236 417 349 451; x_wconf 82' lang='lat' dir='ltr'><strong>VIIII.</strong></span> <span class='ocrx_word' id='word_1_34' title='bbox 381 416 471 460; x_wconf 89' lang='lat' dir='ltr'>Quis</span> <span class='ocrx_word' id='word_1_35' title='bbox 489 416 624 452; x_wconf 87' lang='lat' dir='ltr'>modus</span> <span class='ocrx_word' id='word_1_36' title='bbox 641 417 768 461; x_wconf 85' lang='lat' dir='ltr'>suerit,</span> <span class='ocrx_word' id='word_1_37' title='bbox 787 417 869 463; x_wconf 89' lang='lat' dir='ltr'>quis</span> <span class='ocrx_word' id='word_1_38' title='bbox 888 417 980 452; x_wconf 89' lang='lat' dir='ltr'>ordo</span> <span class='ocrx_word' id='word_1_39' title='bbox 1000 416 1221 464; x_wconf 88' lang='lat' dir='ltr'>disciplinae</span> <span class='ocrx_word' id='word_1_40' title='bbox 1237 417 1525 464; x_wconf 78' lang='lat' dir='ltr'>Pythagoricae,</span> 
     </span>
     <span class='ocr_line' id='line_1_7' title="bbox 124 473 1527 520; baseline 0.001 -12"><span class='ocrx_word' id='word_1_41' title='bbox 124 478 375 520; x_wconf 88' lang='lat' dir='ltr'>quantumque</span> <span class='ocrx_word' id='word_1_42' title='bbox 393 474 571 519; x_wconf 89' lang='lat' dir='ltr'>temporis</span> <span class='ocrx_word' id='word_1_43' title='bbox 589 474 810 519; x_wconf 87' lang='lat' dir='ltr'>imperatum</span> <span class='ocrx_word' id='word_1_44' title='bbox 829 475 1141 520; x_wconf 86' lang='lat' dir='ltr'>obseruatumque</span> <span class='ocrx_word' id='word_1_45' title='bbox 1160 474 1206 510; x_wconf 89' lang='lat' dir='ltr'>sit</span> <span class='ocrx_word' id='word_1_46' title='bbox 1229 473 1400 510; x_wconf 82' lang='lat' dir='ltr'>d‘1scendi</span> <span class='ocrx_word' id='word_1_47' title='bbox 1419 474 1527 510; x_wconf 89' lang='lat' dir='ltr'>simul</span> 
     </span>
     <span class='ocr_line' id='line_1_8' title="bbox 123 529 348 565; baseline -0.004 0"><span class='ocrx_word' id='word_1_48' title='bbox 123 541 166 565; x_wconf 85' lang='lat' dir='ltr'>ac</span> <span class='ocrx_word' id='word_1_49' title='bbox 184 529 348 565; x_wconf 84' lang='lat' dir='ltr'>tacendi.</span> 
     </span>
    </p>
   </div>
   <div class='ocr_carea' id='block_1_3' title="bbox 123 585 1539 2323">
    <p class='ocr_par' dir='ltr' id='par_1_5' title="bbox 123 585 1528 688">
     <span class='ocr_line' id='line_1_9' title="bbox 236 585 1528 633; baseline 0.002 -13"><span class='ocrx_word' id='word_1_50' title='bbox 236 585 283 620; x_wconf 91' lang='lat' dir='ltr'>X.</span> <span class='ocrx_word' id='word_1_51' title='bbox 323 585 463 629; x_wconf 79' lang='lat' dir='ltr'>Quibus</span> <span class='ocrx_word' id='word_1_52' title='bbox 490 586 614 621; x_wconf 86' lang='lat' dir='ltr'>uerbis</span> <span class='ocrx_word' id='word_1_53' title='bbox 643 586 922 631; x_wconf 86' lang='lat' dir='ltr'>compellauerit</span> <span class='ocrx_word' id='word_1_54' title='bbox 937 585 1145 622; x_wconf 86' lang='lat' dir='ltr'>Fauorinus</span> <span class='ocrx_word' id='word_1_55' title='bbox 1163 586 1412 633; x_wconf 86' lang='lat' dir='ltr'>philosophus</span> <span class='ocrx_word' id='word_1_56' title='bbox 1437 585 1528 622; x_wconf 87' lang='lat' dir='ltr'>adu-</span> 
     </span>
     <span class='ocr_line' id='line_1_10' title="bbox 123 642 1018 688; baseline -0.002 -10"><span class='ocrx_word' id='word_1_57' title='bbox 123 644 327 678; x_wconf 85' lang='lat' dir='ltr'>lescentem</span> <span class='ocrx_word' id='word_1_58' title='bbox 347 652 456 678; x_wconf 81' lang='lat' dir='ltr'>casce</span> <span class='ocrx_word' id='word_1_59' title='bbox 475 643 584 677; x_wconf 81' lang='lat' dir='ltr'>nimis</span> <span class='ocrx_word' id='word_1_60' title='bbox 603 646 637 677; x_wconf 87' lang='lat' dir='ltr'>et</span> <span class='ocrx_word' id='word_1_61' title='bbox 650 642 775 688; x_wconf 88' lang='lat' dir='ltr'>prisce</span> <span class='ocrx_word' id='word_1_62' title='bbox 793 643 1018 688; x_wconf 86' lang='lat' dir='ltr'>loquentem.</span> 
     </span>
    </p>

    <p class='ocr_par' dir='ltr' id='par_1_6' title="bbox 124 698 1529 960">
     <span class='ocr_line' id='line_1_11' title="bbox 235 698 1528 745; baseline 0.001 -12"><span class='ocrx_word' id='word_1_63' title='bbox 235 699 300 733; x_wconf 89' lang='lat' dir='ltr'>XI.</span> <span class='ocrx_word' id='word_1_64' title='bbox 340 698 449 742; x_wconf 87' lang='lat' dir='ltr'>Quod</span> <span class='ocrx_word' id='word_1_65' title='bbox 479 698 723 745; x_wconf 79' lang='lat' dir='ltr'>Thucydides</span> <span class='ocrx_word' id='word_1_66' title='bbox 755 699 911 744; x_wconf 84' lang='lat' dir='ltr'>scriptor</span> <span class='ocrx_word' id='word_1_67' title='bbox 956 699 1101 734; x_wconf 86' lang='lat' dir='ltr'>inclitus</span> <span class='ocrx_word' id='word_1_68' title='bbox 1140 698 1460 734; x_wconf 87' lang='lat' dir='ltr'>Lacedaemonios</span> <span class='ocrx_word' id='word_1_69' title='bbox 1490 700 1528 733; x_wconf 89' lang='lat' dir='ltr'>in</span> 
     </span>
     <span class='ocr_line' id='line_1_12' title="bbox 125 754 1528 802; baseline -0.002 -10"><span class='ocrx_word' id='word_1_70' title='bbox 125 756 206 792; x_wconf 85' lang='lat' dir='ltr'>acie</span> <span class='ocrx_word' id='word_1_71' title='bbox 224 766 298 789; x_wconf 92' lang='lat' dir='ltr'>non</span> <span class='ocrx_word' id='word_1_72' title='bbox 316 756 422 798; x_wconf 83' lang='lat' dir='ltr'>tuba,</span> <span class='ocrx_word' id='word_1_73' title='bbox 452 754 520 790; x_wconf 91' lang='lat' dir='ltr'>sed</span> <span class='ocrx_word' id='word_1_74' title='bbox 546 756 643 791; x_wconf 89' lang='lat' dir='ltr'>tibiis</span> <span class='ocrx_word' id='word_1_75' title='bbox 662 765 747 790; x_wconf 90' lang='lat' dir='ltr'>esse</span> <span class='ocrx_word' id='word_1_76' title='bbox 767 766 856 790; x_wconf 91' lang='lat' dir='ltr'>usos</span> <span class='ocrx_word' id='word_1_77' title='bbox 884 754 991 799; x_wconf 89' lang='lat' dir='ltr'>dicit,</span> <span class='ocrx_word' id='word_1_78' title='bbox 1024 757 1212 802; x_wconf 89' lang='lat' dir='ltr'>uerbaque</span> <span class='ocrx_word' id='word_1_79' title='bbox 1240 756 1320 791; x_wconf 90' lang='lat' dir='ltr'>eius</span> <span class='ocrx_word' id='word_1_80' title='bbox 1346 765 1459 801; x_wconf 89' lang='lat' dir='ltr'>super</span> <span class='ocrx_word' id='word_1_81' title='bbox 1484 765 1528 790; x_wconf 88' lang='lat' dir='ltr'>ea</span> 
     </span>
     <span class='ocr_line' id='line_1_13' title="bbox 124 811 1529 858; baseline -0.001 -11"><span class='ocrx_word' id='word_1_82' title='bbox 124 823 164 847; x_wconf 91' lang='lat' dir='ltr'>re</span> <span class='ocrx_word' id='word_1_83' title='bbox 197 812 342 858; x_wconf 79' lang='lat' dir='ltr'>posita3</span> <span class='ocrx_word' id='word_1_84' title='bbox 375 811 548 857; x_wconf 87' lang='lat' dir='ltr'>quodque</span> <span class='ocrx_word' id='word_1_85' title='bbox 576 811 787 846; x_wconf 88' lang='lat' dir='ltr'>Herodotus</span> <span class='ocrx_word' id='word_1_86' title='bbox 814 812 1004 858; x_wconf 78' lang='lat' dir='ltr'>Alyattem</span> <span class='ocrx_word' id='word_1_87' title='bbox 1031 822 1158 858; x_wconf 83' lang='lat' dir='ltr'>regem</span> <span class='ocrx_word' id='word_1_88' title='bbox 1187 811 1360 847; x_wconf 87' lang='lat' dir='ltr'>fidicinas</span> <span class='ocrx_word' id='word_1_89' title='bbox 1386 812 1423 846; x_wconf 90' lang='lat' dir='ltr'>in</span> <span class='ocrx_word' id='word_1_90' title='bbox 1444 822 1529 857; x_wconf 88' lang='lat' dir='ltr'>pro-</span> 
     </span>
     <span class='ocr_line' id='line_1_14' title="bbox 125 867 1528 914; baseline -0.001 -10"><span class='ocrx_word' id='word_1_91' title='bbox 125 870 245 904; x_wconf 84' lang='lat' dir='ltr'>cinctu</span> <span class='ocrx_word' id='word_1_92' title='bbox 276 867 456 903; x_wconf 83' lang='lat' dir='ltr'>habuisse</span> <span class='ocrx_word' id='word_1_93' title='bbox 488 867 620 912; x_wconf 84' lang='lat' dir='ltr'>tradit;</span> <span class='ocrx_word' id='word_1_94' title='bbox 663 872 771 914; x_wconf 83' lang='lat' dir='ltr'>atque</span> <span class='ocrx_word' id='word_1_95' title='bbox 803 868 891 903; x_wconf 88' lang='lat' dir='ltr'>inibi</span> <span class='ocrx_word' id='word_1_96' title='bbox 922 867 1106 914; x_wconf 89' lang='lat' dir='ltr'>quaedam</span> <span class='ocrx_word' id='word_1_97' title='bbox 1137 871 1262 904; x_wconf 88' lang='lat' dir='ltr'>notata</span> <span class='ocrx_word' id='word_1_98' title='bbox 1293 867 1338 903; x_wconf 88' lang='lat' dir='ltr'>de</span> <span class='ocrx_word' id='word_1_99' title='bbox 1372 867 1528 903; x_wconf 87' lang='lat' dir='ltr'>Gracchi</span> 
     </span>
     <span class='ocr_line' id='line_1_15' title="bbox 124 922 510 960; baseline -0.008 0"><span class='ocrx_word' id='word_1_100' title='bbox 124 925 249 960; x_wconf 78' lang='lat' dir='ltr'>fistula</span> <span class='ocrx_word' id='word_1_101' title='bbox 267 922 510 960; x_wconf 84' lang='lat' dir='ltr'>contionaria.</span> 
     </span>
    </p>

    <p class='ocr_par' dir='ltr' id='par_1_7' title="bbox 126 979 1530 1252">
     <span class='ocr_line' id='line_1_16' title="bbox 236 979 1530 1028; baseline -0.001 -13"><span class='ocrx_word' id='word_1_102' title='bbox 236 980 316 1015; x_wconf 93' lang='lat' dir='ltr'><strong>XII.</strong></span> <span class='ocrx_word' id='word_1_103' title='bbox 345 981 463 1028; x_wconf 87' lang='lat' dir='ltr'>Virgo</span> <span class='ocrx_word' id='word_1_104' title='bbox 478 981 617 1016; x_wconf 77' lang='lat' dir='ltr'>Vestae</span> <span class='ocrx_word' id='word_1_105' title='bbox 636 980 725 1026; x_wconf 90' lang='lat' dir='ltr'>quid</span> <span class='ocrx_word' id='word_1_106' title='bbox 746 981 875 1015; x_wconf 82' lang='lat' dir='ltr'>aetatis</span> <span class='ocrx_word' id='word_1_107' title='bbox 894 984 928 1014; x_wconf 90' lang='lat' dir='ltr'>et</span> <span class='ocrx_word' id='word_1_108' title='bbox 949 991 995 1014; x_wconf 86' lang='lat' dir='ltr'>ex</span> <span class='ocrx_word' id='word_1_109' title='bbox 1014 981 1113 1026; x_wconf 86' lang='lat' dir='ltr'>quali</span> <span class='ocrx_word' id='word_1_110' title='bbox 1137 980 1274 1015; x_wconf 79' lang='lat' dir='ltr'>familia</span> <span class='ocrx_word' id='word_1_111' title='bbox 1300 983 1335 1014; x_wconf 87' lang='lat' dir='ltr'>et</span> <span class='ocrx_word' id='word_1_112' title='bbox 1359 990 1431 1026; x_wconf 88' lang='lat' dir='ltr'>quo</span> <span class='ocrx_word' id='word_1_113' title='bbox 1458 979 1530 1014; x_wconf 83' lang='lat' dir='ltr'>ritu</span> 
     </span>
     <span class='ocr_line' id='line_1_17' title="bbox 126 1035 1529 1084; baseline -0.002 -11"><span class='ocrx_word' id='word_1_114' title='bbox 126 1038 334 1084; x_wconf 66' lang='lat' dir='ltr'>quibusque</span> <span class='ocrx_word' id='word_1_115' title='bbox 358 1037 595 1073; x_wconf 82' lang='lat' dir='ltr'>caerimoniis</span> <span class='ocrx_word' id='word_1_116' title='bbox 629 1042 663 1072; x_wconf 88' lang='lat' dir='ltr'>et</span> <span class='ocrx_word' id='word_1_117' title='bbox 693 1037 937 1083; x_wconf 78' lang='lat' dir='ltr'>religionibus</span> <span class='ocrx_word' id='word_1_118' title='bbox 963 1047 1007 1071; x_wconf 90' lang='lat' dir='ltr'>ac</span> <span class='ocrx_word' id='word_1_119' title='bbox 1035 1047 1106 1083; x_wconf 91' lang='lat' dir='ltr'>quo</span> <span class='ocrx_word' id='word_1_120' title='bbox 1132 1036 1281 1070; x_wconf 88' lang='lat' dir='ltr'>nomine</span> <span class='ocrx_word' id='word_1_121' title='bbox 1307 1047 1328 1071; x_wconf 91' lang='lat' dir='ltr'>a</span> <span class='ocrx_word' id='word_1_122' title='bbox 1355 1035 1529 1082; x_wconf 88' lang='lat' dir='ltr'>pontifice</span> 
     </span>
     <span class='ocr_line' id='line_1_18' title="bbox 126 1092 1530 1140; baseline -0.001 -12"><span class='ocrx_word' id='word_1_123' title='bbox 126 1094 290 1129; x_wconf 83' lang='lat' dir='ltr'>maximo</span> <span class='ocrx_word' id='word_1_124' title='bbox 309 1094 496 1140; x_wconf 86' lang='lat' dir='ltr'>capiatur;</span> <span class='ocrx_word' id='word_1_125' title='bbox 529 1098 565 1128; x_wconf 90' lang='lat' dir='ltr'>et</span> <span class='ocrx_word' id='word_1_126' title='bbox 583 1105 654 1139; x_wconf 85' lang='lat' dir='ltr'>quo</span> <span class='ocrx_word' id='word_1_127' title='bbox 673 1094 794 1129; x_wconf 89' lang='lat' dir='ltr'>statim</span> <span class='ocrx_word' id='word_1_128' title='bbox 811 1093 890 1128; x_wconf 86' lang='lat' dir='ltr'>iure</span> <span class='ocrx_word' id='word_1_129' title='bbox 909 1103 994 1128; x_wconf 90' lang='lat' dir='ltr'>esse</span> <span class='ocrx_word' id='word_1_130' title='bbox 1012 1092 1165 1138; x_wconf 84' lang='lat' dir='ltr'>incipiat</span> <span class='ocrx_word' id='word_1_131' title='bbox 1182 1092 1403 1138; x_wconf 77' lang='lat' dir='ltr'>simulatque</span> <span class='ocrx_word' id='word_1_132' title='bbox 1421 1096 1530 1137; x_wconf 88' lang='lat' dir='ltr'>capta</span> 
     </span>
     <span class='ocr_line' id='line_1_19' title="bbox 126 1148 1530 1196; baseline -0.002 -11"><span class='ocrx_word' id='word_1_133' title='bbox 126 1155 204 1194; x_wconf 87' lang='lat' dir='ltr'>est;</span> <span class='ocrx_word' id='word_1_134' title='bbox 221 1149 395 1196; x_wconf 91' lang='lat' dir='ltr'>quodque</span> <span class='ocrx_word' id='word_1_135' title='bbox 408 1179 416 1194; x_wconf 89' lang='lat'>,</span> <span class='ocrx_word' id='word_1_136' title='bbox 434 1154 471 1185; x_wconf 88' lang='lat' dir='ltr'>ut</span> <span class='ocrx_word' id='word_1_137' title='bbox 489 1150 612 1185; x_wconf 82' lang='lat' dir='ltr'>Labeo</span> <span class='ocrx_word' id='word_1_138' title='bbox 632 1149 740 1193; x_wconf 77' lang='lat' dir='ltr'>dieu,</span> <span class='ocrx_word' id='word_1_139' title='bbox 771 1159 839 1184; x_wconf 85' lang='lat' dir='ltr'>nec</span> <span class='ocrx_word' id='word_1_140' title='bbox 857 1149 1026 1185; x_wconf 88' lang='lat' dir='ltr'>intestato</span> <span class='ocrx_word' id='word_1_141' title='bbox 1044 1149 1218 1194; x_wconf 87' lang='lat' dir='ltr'>cuiquam</span> <span class='ocrx_word' id='word_1_142' title='bbox 1235 1158 1304 1183; x_wconf 86' lang='lat' dir='ltr'>nec</span> <span class='ocrx_word' id='word_1_143' title='bbox 1331 1149 1410 1184; x_wconf 85' lang='lat' dir='ltr'>eius</span> <span class='ocrx_word' id='word_1_144' title='bbox 1438 1148 1530 1183; x_wconf 88' lang='lat' dir='ltr'>inte-</span> 
     </span>
     <span class='ocr_line' id='line_1_20' title="bbox 129 1206 783 1252; baseline -0.003 -10"><span class='ocrx_word' id='word_1_145' title='bbox 129 1210 245 1242; x_wconf 85' lang='lat' dir='ltr'>statae</span> <span class='ocrx_word' id='word_1_146' title='bbox 272 1207 471 1252; x_wconf 87' lang='lat' dir='ltr'>quisquam</span> <span class='ocrx_word' id='word_1_147' title='bbox 490 1207 568 1241; x_wconf 88' lang='lat' dir='ltr'>iure</span> <span class='ocrx_word' id='word_1_148' title='bbox 585 1206 696 1242; x_wconf 89' lang='lat' dir='ltr'>heres</span> <span class='ocrx_word' id='word_1_149' title='bbox 715 1210 783 1241; x_wconf 86' lang='lat' dir='ltr'>est.</span> 
     </span>
    </p>

    <p class='ocr_par' dir='ltr' id='par_1_8' title="bbox 128 1259 1532 1477">
     <span class='ocr_line' id='line_1_21' title="bbox 239 1259 1531 1307; baseline -0.002 -10"><span class='ocrx_word' id='word_1_150' title='bbox 239 1263 335 1298; x_wconf 89' lang='lat' dir='ltr'><strong>XIII.</strong></span> <span class='ocrx_word' id='word_1_151' title='bbox 372 1262 589 1306; x_wconf 80' lang='lat' dir='ltr'>Quaesitum</span> <span class='ocrx_word' id='word_1_152' title='bbox 616 1273 701 1298; x_wconf 88' lang='lat' dir='ltr'>esse</span> <span class='ocrx_word' id='word_1_153' title='bbox 727 1263 763 1296; x_wconf 90' lang='lat' dir='ltr'>in</span> <span class='ocrx_word' id='word_1_154' title='bbox 794 1261 1055 1307; x_wconf 81' lang='lat' dir='ltr'>philosophia,</span> <span class='ocrx_word' id='word_1_155' title='bbox 1090 1260 1266 1306; x_wconf 86' lang='lat' dir='ltr'>quidnam</span> <span class='ocrx_word' id='word_1_156' title='bbox 1293 1261 1388 1295; x_wconf 82' lang='lat' dir='ltr'>foret</span> <span class='ocrx_word' id='word_1_157' title='bbox 1414 1259 1450 1294; x_wconf 89' lang='lat' dir='ltr'>in</span> <span class='ocrx_word' id='word_1_158' title='bbox 1476 1269 1531 1294; x_wconf 89' lang='lat' dir='ltr'>re-</span> 
     </span>
     <span class='ocr_line' id='line_1_22' title="bbox 128 1315 1530 1365; baseline -0.005 -9"><span class='ocrx_word' id='word_1_159' title='bbox 128 1323 236 1365; x_wconf 85' lang='lat' dir='ltr'>cepto</span> <span class='ocrx_word' id='word_1_160' title='bbox 264 1317 439 1354; x_wconf 89' lang='lat' dir='ltr'>mandato</span> <span class='ocrx_word' id='word_1_161' title='bbox 474 1319 631 1362; x_wconf 91' lang='lat' dir='ltr'>rectius,</span> <span class='ocrx_word' id='word_1_162' title='bbox 665 1318 752 1353; x_wconf 91' lang='lat' dir='ltr'>idne</span> <span class='ocrx_word' id='word_1_163' title='bbox 775 1318 924 1352; x_wconf 89' lang='lat' dir='ltr'>omnino</span> <span class='ocrx_word' id='word_1_164' title='bbox 945 1318 1068 1352; x_wconf 83' lang='lat' dir='ltr'>facere</span> <span class='ocrx_word' id='word_1_165' title='bbox 1094 1316 1194 1362; x_wconf 91' lang='lat' dir='ltr'>quod</span> <span class='ocrx_word' id='word_1_166' title='bbox 1221 1315 1437 1352; x_wconf 86' lang='lat' dir='ltr'>mandatum</span> <span class='ocrx_word' id='word_1_167' title='bbox 1462 1320 1530 1358; x_wconf 82' lang='lat' dir='ltr'>est,</span> 
     </span>
     <span class='ocr_line' id='line_1_23' title="bbox 129 1371 1532 1421; baseline -0.004 -10"><span class='ocrx_word' id='word_1_168' title='bbox 129 1387 177 1411; x_wconf 90' lang='lat' dir='ltr'>an</span> <span class='ocrx_word' id='word_1_169' title='bbox 193 1385 473 1421; x_wconf 88' lang='lat' dir='ltr'>nonnumquam</span> <span class='ocrx_word' id='word_1_170' title='bbox 490 1376 601 1410; x_wconf 84' lang='lat' dir='ltr'>etiam</span> <span class='ocrx_word' id='word_1_171' title='bbox 619 1379 746 1410; x_wconf 90' lang='lat' dir='ltr'>contra</span> <span class='ocrx_word' id='word_1_172' title='bbox 759 1403 767 1418; x_wconf 82' lang='lat'>,</span> <span class='ocrx_word' id='word_1_173' title='bbox 801 1374 832 1409; x_wconf 83' lang='lat' dir='ltr'>si</span> <span class='ocrx_word' id='word_1_174' title='bbox 851 1374 889 1409; x_wconf 92' lang='lat' dir='ltr'>id</span> <span class='ocrx_word' id='word_1_175' title='bbox 906 1384 1035 1420; x_wconf 82' lang='lat' dir='ltr'>speres</span> <span class='ocrx_word' id='word_1_176' title='bbox 1053 1373 1106 1416; x_wconf 91' lang='lat' dir='ltr'>ei,</span> <span class='ocrx_word' id='word_1_177' title='bbox 1139 1373 1200 1419; x_wconf 88' lang='lat' dir='ltr'>qui</span> <span class='ocrx_word' id='word_1_178' title='bbox 1223 1372 1432 1415; x_wconf 87' lang='lat' dir='ltr'>mandauit,</span> <span class='ocrx_word' id='word_1_179' title='bbox 1464 1371 1532 1406; x_wconf 86' lang='lat' dir='ltr'>uti-</span> 
     </span>
     <span class='ocr_line' id='line_1_24' title="bbox 129 1428 1505 1477; baseline -0.004 -10"><span class='ocrx_word' id='word_1_180' title='bbox 129 1432 201 1468; x_wconf 88' lang='lat' dir='ltr'>lius</span> <span class='ocrx_word' id='word_1_181' title='bbox 219 1431 321 1475; x_wconf 84' lang='lat' dir='ltr'>sorc;</span> <span class='ocrx_word' id='word_1_182' title='bbox 355 1442 541 1477; x_wconf 89' lang='lat' dir='ltr'>superque</span> <span class='ocrx_word' id='word_1_183' title='bbox 563 1442 607 1466; x_wconf 88' lang='lat' dir='ltr'>ea</span> <span class='ocrx_word' id='word_1_184' title='bbox 625 1431 845 1477; x_wconf 81' lang='lat' dir='ltr'>quaestione</span> <span class='ocrx_word' id='word_1_185' title='bbox 874 1430 1067 1477; x_wconf 81' lang='lat' dir='ltr'>expositae</span> <span class='ocrx_word' id='word_1_186' title='bbox 1096 1428 1269 1465; x_wconf 90' lang='lat' dir='ltr'>diuersae</span> <span class='ocrx_word' id='word_1_187' title='bbox 1287 1428 1505 1464; x_wconf 84' lang='lat' dir='ltr'>sententiae.</span> 
     </span>
    </p>

    <p class='ocr_par' dir='ltr' id='par_1_9' title="bbox 131 1484 1533 1647">
     <span class='ocr_line' id='line_1_25' title="bbox 242 1484 1533 1533; baseline -0.003 -10"><span class='ocrx_word' id='word_1_188' title='bbox 242 1487 355 1523; x_wconf 89' lang='lat' dir='ltr'><strong>XIIII.</strong></span> <span class='ocrx_word' id='word_1_189' title='bbox 388 1487 486 1531; x_wconf 86' lang='lat' dir='ltr'>Quid</span> <span class='ocrx_word' id='word_1_190' title='bbox 503 1487 636 1523; x_wconf 78' lang='lat' dir='ltr'>dixerit</span> <span class='ocrx_word' id='word_1_191' title='bbox 654 1488 854 1533; x_wconf 86' lang='lat' dir='ltr'>feceritque</span> <span class='ocrx_word' id='word_1_192' title='bbox 875 1486 1142 1528; x_wconf 64' lang='lat' dir='ltr'>C.&#39;Fab1·ieius‚</span> <span class='ocrx_word' id='word_1_193' title='bbox 1172 1496 1308 1532; x_wconf 89' lang='lat' dir='ltr'>magna</span> <span class='ocrx_word' id='word_1_194' title='bbox 1332 1485 1388 1521; x_wconf 87' lang='lat' dir='ltr'>uir</span> <span class='ocrx_word' id='word_1_195' title='bbox 1412 1484 1533 1531; x_wconf 85' lang='lat' dir='ltr'>gloria</span> 
     </span>
     <span class='ocr_line' id='line_1_26' title="bbox 131 1540 1532 1591; baseline -0.003 -12"><span class='ocrx_word' id='word_1_196' title='bbox 131 1544 354 1591; x_wconf 83' lang='lat' dir='ltr'>magnisque</span> <span class='ocrx_word' id='word_1_197' title='bbox 372 1545 484 1579; x_wconf 85' lang='lat' dir='ltr'>rebus</span> <span class='ocrx_word' id='word_1_198' title='bbox 501 1544 639 1591; x_wconf 85' lang='lat' dir='ltr'>gestis,</span> <span class='ocrx_word' id='word_1_199' title='bbox 662 1544 730 1579; x_wconf 86' lang='lat' dir='ltr'>sed</span> <span class='ocrx_word' id='word_1_200' title='bbox 755 1544 916 1579; x_wconf 86' lang='lat' dir='ltr'>familiae</span> <span class='ocrx_word' id='word_1_201' title='bbox 938 1542 1195 1590; x_wconf 89' lang='lat' dir='ltr'>pecuniaeque</span> <span class='ocrx_word' id='word_1_202' title='bbox 1224 1542 1354 1588; x_wconf 88' lang='lat' dir='ltr'>inops,</span> <span class='ocrx_word' id='word_1_203' title='bbox 1384 1551 1469 1577; x_wconf 82' lang='lat' dir='ltr'>curn</span> <span class='ocrx_word' id='word_1_204' title='bbox 1499 1540 1532 1576; x_wconf 87' lang='lat' dir='ltr'>ei</span> 
     </span>
     <span class='ocr_line' id='line_1_27' title="bbox 133 1598 1219 1647; baseline -0.003 -11"><span class='ocrx_word' id='word_1_205' title='bbox 133 1600 319 1637; x_wconf 80' lang='lat' dir='ltr'>Samnites</span> <span class='ocrx_word' id='word_1_206' title='bbox 337 1604 525 1646; x_wconf 80' lang='lat' dir='ltr'>tamquam</span> <span class='ocrx_word' id='word_1_207' title='bbox 541 1600 722 1647; x_wconf 81' lang='lat' dir='ltr'>indigenti</span> <span class='ocrx_word' id='word_1_208' title='bbox 740 1611 855 1647; x_wconf 87' lang='lat' dir='ltr'>graue</span> <span class='ocrx_word' id='word_1_209' title='bbox 876 1610 1006 1636; x_wconf 83' lang='lat' dir='ltr'>aurum</span> <span class='ocrx_word' id='word_1_210' title='bbox 1025 1598 1219 1634; x_wconf 85' lang='lat' dir='ltr'>donarent.</span> 
     </span>
    </p>

    <p class='ocr_par' dir='ltr' id='par_1_10' title="bbox 133 1653 1534 1816">
     <span class='ocr_line' id='line_1_28' title="bbox 245 1653 1534 1703; baseline -0.002 -11"><span class='ocrx_word' id='word_1_211' title='bbox 245 1656 328 1692; x_wconf 90' lang='lat' dir='ltr'>XV.</span> <span class='ocrx_word' id='word_1_212' title='bbox 359 1656 477 1701; x_wconf 86' lang='lat' dir='ltr'>Quam</span> <span class='ocrx_word' id='word_1_213' title='bbox 494 1656 732 1703; x_wconf 87' lang='lat' dir='ltr'>inportunum</span> <span class='ocrx_word' id='word_1_214' title='bbox 748 1657 876 1692; x_wconf 88' lang='lat' dir='ltr'>uitium</span> <span class='ocrx_word' id='word_1_215' title='bbox 894 1657 1118 1702; x_wconf 90' lang='lat' dir='ltr'>plenumque</span> <span class='ocrx_word' id='word_1_216' title='bbox 1135 1654 1212 1690; x_wconf 92' lang='lat' dir='ltr'>odii</span> <span class='ocrx_word' id='word_1_217' title='bbox 1239 1655 1286 1690; x_wconf 86' lang='lat' dir='ltr'>sit</span> <span class='ocrx_word' id='word_1_218' title='bbox 1308 1654 1432 1690; x_wconf 85' lang='lat' dir='ltr'>futtilis</span> <span class='ocrx_word' id='word_1_219' title='bbox 1457 1653 1534 1688; x_wconf 73' lang='lat' dir='ltr'>ina·</span> 
     </span>
     <span class='ocr_line' id='line_1_29' title="bbox 133 1710 1533 1760; baseline -0.004 -12"><span class='ocrx_word' id='word_1_220' title='bbox 133 1713 266 1760; x_wconf 90' lang='lat' dir='ltr'>nisque</span> <span class='ocrx_word' id='word_1_221' title='bbox 292 1713 498 1759; x_wconf 86' lang='lat' dir='ltr'>loquacitas</span> <span class='ocrx_word' id='word_1_222' title='bbox 522 1717 557 1748; x_wconf 88' lang='lat' dir='ltr'>et</span> <span class='ocrx_word' id='word_1_223' title='bbox 586 1724 696 1759; x_wconf 87' lang='lat' dir='ltr'>quam</span> <span class='ocrx_word' id='word_1_224' title='bbox 725 1714 848 1748; x_wconf 64' lang='lat' dir='ltr'>multis</span> <span class='ocrx_word' id='word_1_225' title='bbox 873 1714 910 1748; x_wconf 92' lang='lat' dir='ltr'>in</span> <span class='ocrx_word' id='word_1_226' title='bbox 938 1712 1030 1748; x_wconf 82' lang='lat' dir='ltr'>loeiS</span> <span class='ocrx_word' id='word_1_227' title='bbox 1053 1722 1074 1746; x_wconf 88' lang='lat' dir='ltr'>a</span> <span class='ocrx_word' id='word_1_228' title='bbox 1091 1711 1321 1758; x_wconf 85' lang='lat' dir='ltr'>principibus</span> <span class='ocrx_word' id='word_1_229' title='bbox 1344 1710 1533 1755; x_wconf 86' lang='lat' dir='ltr'>utriusque</span> 
     </span>
     <span class='ocr_line' id='line_1_30' title="bbox 134 1769 1032 1816; baseline -0.001 -11"><span class='ocrx_word' id='word_1_230' title='bbox 134 1769 284 1816; x_wconf 84' lang='lat' dir='ltr'>linguae</span> <span class='ocrx_word' id='word_1_231' title='bbox 301 1771 392 1805; x_wconf 87' lang='lat' dir='ltr'>uiris</span> <span class='ocrx_word' id='word_1_232' title='bbox 419 1769 664 1806; x_wconf 88' lang='lat' dir='ltr'>detestatione</span> <span class='ocrx_word' id='word_1_233' title='bbox 688 1770 783 1805; x_wconf 89' lang='lat' dir='ltr'>iusta</span> <span class='ocrx_word' id='word_1_234' title='bbox 801 1770 948 1815; x_wconf 88' lang='lat' dir='ltr'>culpata</span> <span class='ocrx_word' id='word_1_235' title='bbox 973 1769 1032 1804; x_wconf 81' lang='lat' dir='ltr'>sit.</span> 
     </span>
    </p>

    <p class='ocr_par' dir='ltr' id='par_1_11' title="bbox 134 1821 1536 1986">
     <span class='ocr_line' id='line_1_31' title="bbox 246 1821 1534 1872; baseline -0.005 -11"><span class='ocrx_word' id='word_1_236' title='bbox 246 1825 346 1861; x_wconf 89' lang='lat' dir='ltr'><strong>XVI.</strong></span> <span class='ocrx_word' id='word_1_237' title='bbox 378 1826 487 1870; x_wconf 88' lang='lat' dir='ltr'>Quod</span> <span class='ocrx_word' id='word_1_238' title='bbox 501 1828 617 1862; x_wconf 89' lang='lat' dir='ltr'>uerba</span> <span class='ocrx_word' id='word_1_239' title='bbox 636 1827 752 1862; x_wconf 86' lang='lat' dir='ltr'>istaec</span> <span class='ocrx_word' id='word_1_240' title='bbox 770 1825 994 1872; x_wconf 81' lang='lat' dir='ltr'>Quadrigari</span> <span class='ocrx_word' id='word_1_241' title='bbox 1011 1835 1057 1860; x_wconf 87' lang='lat' dir='ltr'>ex</span> <span class='ocrx_word' id='word_1_242' title='bbox 1073 1825 1198 1860; x_wconf 86' lang='lat' dir='ltr'>annali</span> <span class='ocrx_word' id='word_1_243' title='bbox 1213 1824 1341 1859; x_wconf 85' lang='lat' dir='ltr'>tertio:</span> <span class='ocrx_word' id='word_1_244' title='bbox 1366 1822 1415 1858; x_wconf 91' lang='lat' dir='ltr'>ibi</span> <span class='ocrx_word' id='word_1_245' title='bbox 1435 1821 1534 1856; x_wconf 89' lang='lat' dir='ltr'>mille</span> 
     </span>
     <span class='ocr_line' id='line_1_32' title="bbox 134 1876 1536 1927; baseline -0.004 -9"><span class='ocrx_word' id='word_1_246' title='bbox 134 1882 327 1918; x_wconf 85' lang='lat' dir='ltr'>hominum</span> <span class='ocrx_word' id='word_1_247' title='bbox 352 1882 555 1927; x_wconf 89' lang='lat' dir='ltr'>occiditur,</span> <span class='ocrx_word' id='word_1_248' title='bbox 587 1894 661 1918; x_wconf 89' lang='lat' dir='ltr'>non</span> <span class='ocrx_word' id='word_1_249' title='bbox 686 1883 838 1918; x_wconf 84' lang='lat' dir='ltr'>licenter</span> <span class='ocrx_word' id='word_1_250' title='bbox 863 1892 983 1927; x_wconf 89' lang='lat' dir='ltr'>neque</span> <span class='ocrx_word' id='word_1_251' title='bbox 1011 1880 1057 1916; x_wconf 87' lang='lat' dir='ltr'>de</span> <span class='ocrx_word' id='word_1_252' title='bbox 1085 1884 1278 1927; x_wconf 90' lang='lat' dir='ltr'>poetarum</span> <span class='ocrx_word' id='word_1_253' title='bbox 1293 1879 1436 1925; x_wconf 85' lang='lat' dir='ltr'>figura,</span> <span class='ocrx_word' id='word_1_254' title='bbox 1467 1876 1536 1913; x_wconf 86' lang='lat' dir='ltr'>sed</span> 
     </span>
     <span class='ocr_line' id='line_1_33' title="bbox 136 1936 1331 1986; baseline -0.001 -14"><span class='ocrx_word' id='word_1_255' title='bbox 136 1938 279 1974; x_wconf 89' lang='lat' dir='ltr'>ratione</span> <span class='ocrx_word' id='word_1_256' title='bbox 297 1943 397 1975; x_wconf 83' lang='lat' dir='ltr'>certa</span> <span class='ocrx_word' id='word_1_257' title='bbox 414 1943 448 1974; x_wconf 89' lang='lat' dir='ltr'>et</span> <span class='ocrx_word' id='word_1_258' title='bbox 464 1941 581 1985; x_wconf 90' lang='lat' dir='ltr'>proba</span> <span class='ocrx_word' id='word_1_259' title='bbox 597 1939 863 1986; x_wconf 78' lang='lat' dir='ltr'>grammaticae</span> <span class='ocrx_word' id='word_1_260' title='bbox 880 1937 1099 1984; x_wconf 86' lang='lat' dir='ltr'>disciplinae</span> <span class='ocrx_word' id='word_1_261' title='bbox 1118 1936 1216 1972; x_wconf 89' lang='lat' dir='ltr'>dicta</span> <span class='ocrx_word' id='word_1_262' title='bbox 1234 1939 1331 1972; x_wconf 86' lang='lat' dir='ltr'>sunt.</span> 
     </span>
    </p>

    <p class='ocr_par' dir='ltr' id='par_1_12' title="bbox 136 1988 1536 2153">
     <span class='ocr_line' id='line_1_34' title="bbox 248 1988 1536 2041; baseline -0.004 -13"><span class='ocrx_word' id='word_1_263' title='bbox 248 1993 364 2029; x_wconf 86' lang='lat' dir='ltr'><strong>XVII.</strong></span> <span class='ocrx_word' id='word_1_264' title='bbox 394 1995 537 2039; x_wconf 84' lang='lat' dir='ltr'>Quanta</span> <span class='ocrx_word' id='word_1_265' title='bbox 554 2007 637 2031; x_wconf 90' lang='lat' dir='ltr'>cum</span> <span class='ocrx_word' id='word_1_266' title='bbox 654 1996 766 2031; x_wconf 89' lang='lat' dir='ltr'>animi</span> <span class='ocrx_word' id='word_1_267' title='bbox 783 1996 966 2041; x_wconf 89' lang='lat' dir='ltr'>aequitate</span> <span class='ocrx_word' id='word_1_268' title='bbox 984 1993 1199 2029; x_wconf 87' lang='lat' dir='ltr'>tolerauerit</span> <span class='ocrx_word' id='word_1_269' title='bbox 1215 1991 1391 2029; x_wconf 84' lang='lat' dir='ltr'>Socrates</span> <span class='ocrx_word' id='word_1_270' title='bbox 1407 1988 1536 2025; x_wconf 83' lang='lat' dir='ltr'>uxoris</span> 
     </span>
     <span class='ocr_line' id='line_1_35' title="bbox 136 2045 1536 2098; baseline -0.004 -13"><span class='ocrx_word' id='word_1_271' title='bbox 136 2050 328 2097; x_wconf 86' lang='lat' dir='ltr'>ingenium</span> <span class='ocrx_word' id='word_1_272' title='bbox 343 2052 571 2087; x_wconf 78' lang='lat' dir='ltr'>intractabile</span> <span class='ocrx_word' id='word_1_273' title='bbox 586 2063 594 2095; x_wconf 92' lang='lat'>;</span> <span class='ocrx_word' id='word_1_274' title='bbox 614 2056 722 2098; x_wconf 88' lang='lat' dir='ltr'>atque</span> <span class='ocrx_word' id='word_1_275' title='bbox 741 2052 849 2095; x_wconf 77' lang='lat' dir='ltr'>inibi,</span> <span class='ocrx_word' id='word_1_276' title='bbox 879 2051 968 2097; x_wconf 90' lang='lat' dir='ltr'>quid</span> <span class='ocrx_word' id='word_1_277' title='bbox 984 2051 1033 2085; x_wconf 83' lang='lat' dir='ltr'><strong>M.</strong></span> <span class='ocrx_word' id='word_1_278' title='bbox 1051 2051 1172 2085; x_wconf 87' lang='lat' dir='ltr'>Varro</span> <span class='ocrx_word' id='word_1_279' title='bbox 1189 2049 1226 2084; x_wconf 91' lang='lat' dir='ltr'>in</span> <span class='ocrx_word' id='word_1_280' title='bbox 1243 2047 1406 2094; x_wconf 89' lang='lat' dir='ltr'>quadam</span> <span class='ocrx_word' id='word_1_281' title='bbox 1423 2045 1536 2082; x_wconf 90' lang='lat' dir='ltr'>satira</span> 
     </span>
     <span class='ocr_line' id='line_1_36' title="bbox 139 2106 845 2153; baseline 0.003 -12"><span class='ocrx_word' id='word_1_282' title='bbox 139 2106 185 2141; x_wconf 85' lang='lat' dir='ltr'>de</span> <span class='ocrx_word' id='word_1_283' title='bbox 202 2107 326 2143; x_wconf 81' lang='lat' dir='ltr'>officio</span> <span class='ocrx_word' id='word_1_284' title='bbox 343 2108 462 2143; x_wconf 84' lang='lat' dir='ltr'>mariti</span> <span class='ocrx_word' id='word_1_285' title='bbox 483 2109 686 2153; x_wconf 85' lang='lat' dir='ltr'>scripserit.</span> <span class='ocrx_word' id='word_1_286' title='bbox 841 2114 845 2119; x_wconf 93' lang='grc'><em>“</em></span> 
     </span>
    </p>

    <p class='ocr_par' dir='ltr' id='par_1_13' title="bbox 137 2156 1539 2323">
     <span class='ocr_line' id='line_1_37' title="bbox 250 2156 1539 2209; baseline -0.005 -12"><span class='ocrx_word' id='word_1_287' title='bbox 250 2163 382 2198; x_wconf 86' lang='lat' dir='ltr'><strong>XVIII.</strong></span> <span class='ocrx_word' id='word_1_288' title='bbox 428 2163 536 2207; x_wconf 88' lang='lat' dir='ltr'>Quod</span> <span class='ocrx_word' id='word_1_289' title='bbox 566 2165 615 2199; x_wconf 84' lang='lat' dir='ltr'><strong>M.</strong></span> <span class='ocrx_word' id='word_1_290' title='bbox 644 2165 764 2199; x_wconf 74' lang='lat' dir='ltr'>Varro</span> <span class='ocrx_word' id='word_1_291' title='bbox 806 2165 840 2198; x_wconf 86' lang='lat' dir='ltr'>iu</span> <span class='ocrx_word' id='word_1_292' title='bbox 881 2167 1011 2209; x_wconf 87' lang='lat' dir='ltr'>quarto</span> <span class='ocrx_word' id='word_1_293' title='bbox 1045 2163 1190 2198; x_wconf 91' lang='lat' dir='ltr'>decimo</span> <span class='ocrx_word' id='word_1_294' title='bbox 1219 2161 1465 2196; x_wconf 86' lang='lat' dir='ltr'>humanarum</span> <span class='ocrx_word' id='word_1_295' title='bbox 1495 2156 1539 2190; x_wconf 90' lang='lat' dir='ltr'><strong>L.</strong></span> 
     </span>
     <span class='ocr_line' id='line_1_38' title="bbox 137 2210 1538 2269; baseline -0.005 -15"><span class='ocrx_word' id='word_1_296' title='bbox 137 2219 286 2255; x_wconf 70' lang='lat' dir='ltr'>Aelium</span> <span class='ocrx_word' id='word_1_297' title='bbox 303 2220 522 2265; x_wconf 86' lang='lat' dir='ltr'>magistrum</span> <span class='ocrx_word' id='word_1_298' title='bbox 540 2232 646 2255; x_wconf 88' lang='lat' dir='ltr'>suum</span> <span class='ocrx_word' id='word_1_299' title='bbox 665 2224 697 2254; x_wconf 89' lang='lat' dir='ltr'>et</span> <span class='ocrx_word' id='word_1_300' title='bbox 723 2221 758 2254; x_wconf 87' lang='lat' dir='ltr'>in</span> <span class='ocrx_word' id='word_1_301' title='bbox 780 2215 1009 2269; x_wconf 77' lang='grc' dir='ltr'><em>ἐτυμολογίᾳ</em></span> <span class='ocrx_word' id='word_1_302' title='bbox 1023 2219 1117 2254; x_wconf 82' lang='lat' dir='ltr'>salsa</span> <span class='ocrx_word' id='word_1_303' title='bbox 1132 2215 1394 2263; x_wconf 86' lang='lat' dir='ltr'>reprehendit,</span> <span class='ocrx_word' id='word_1_304' title='bbox 1421 2210 1538 2259; x_wconf 88' lang='lat' dir='ltr'>quod-</span> 
     </span>
     <span class='ocr_line' id='line_1_39' title="bbox 139 2270 1314 2323; baseline -0.005 -11"><span class='ocrx_word' id='word_1_305' title='bbox 139 2287 211 2323; x_wconf 89' lang='lat' dir='ltr'>que</span> <span class='ocrx_word' id='word_1_306' title='bbox 229 2275 326 2312; x_wconf 89' lang='lat' dir='ltr'>idem</span> <span class='ocrx_word' id='word_1_307' title='bbox 341 2276 461 2311; x_wconf 87' lang='lat' dir='ltr'>Varro</span> <span class='ocrx_word' id='word_1_308' title='bbox 481 2277 517 2310; x_wconf 92' lang='lat' dir='ltr'>in</span> <span class='ocrx_word' id='word_1_309' title='bbox 535 2276 668 2311; x_wconf 86' lang='lat' dir='ltr'>eodem</span> <span class='ocrx_word' id='word_1_310' title='bbox 685 2277 777 2312; x_wconf 87' lang='lat' dir='ltr'>libro</span> <span class='ocrx_word' id='word_1_311' title='bbox 795 2277 926 2312; x_wconf 78' lang='lat' dir='ltr'>salsum</span> <span class='ocrx_word' id='word_1_312' title='bbox 948 2276 1037 2311; x_wconf 83' lang='lat' dir='ltr'>furis</span> <span class='ocrx_word' id='word_1_313' title='bbox 1056 2270 1196 2322; x_wconf 74' lang='grc' dir='ltr'><em>ἔτυμον</em></span> <span class='ocrx_word' id='word_1_314' title='bbox 1212 2272 1314 2308; x_wconf 89' lang='lat' dir='ltr'>dicit.</span> 
     </span>
    </p>
   </div>
  </div>
 </body>
</html>
