<?xml version="1.0" encoding="UTF-8"?>
<!DOCTYPE html PUBLIC "-//W3C//DTD XHTML 1.0 Transitional//EN"
    "http://www.w3.org/TR/xhtml1/DTD/xhtml1-transitional.dtd">
<html xmlns="http://www.w3.org/1999/xhtml" xml:lang="en" lang="en">
 <head>
  <title>
</title>
<meta http-equiv="Content-Type" content="text/html;charset=utf-8" />
  <meta name='ocr-system' content='tesseract 3.04.00' />
  <meta name='ocr-capabilities' content='ocr_page ocr_carea ocr_par ocr_line ocrx_word'/>
</head>
<body>
  <div class='ocr_page' id='page_1' title='image "./agelliinoctivmat00gelluoft_0304.png"; bbox 0 0 1619 2476; ppageno 0'>
   <div class='ocr_carea' id='block_1_1' title="bbox 124 46 980 88">
    <p class='ocr_par' dir='ltr' id='par_1_1' title="bbox 124 46 980 88">
     <span class='ocr_line' id='line_1_1' title="bbox 124 46 980 88; baseline -0.002 0"><span class='ocrx_word' id='word_1_1' title='bbox 124 46 178 88; x_wconf 79' lang='lat'>18</span> <span class='ocrx_word' id='word_1_2' title='bbox 657 47 706 86; x_wconf 92' lang='lat' dir='ltr'>X.</span> <span class='ocrx_word' id='word_1_3' title='bbox 738 58 841 86; x_wconf 81' lang='lat' dir='ltr'>xv11.</span> <span class='ocrx_word' id='word_1_4' title='bbox 860 58 980 86; x_wconf 82' lang='lat' dir='ltr'>xv111.</span> 
     </span>
    </p>
   </div>
   <div class='ocr_carea' id='block_1_2' title="bbox 79 156 1526 658">
    <p class='ocr_par' dir='ltr' id='par_1_2' title="bbox 82 156 1526 431">
     <span class='ocr_line' id='line_1_2' title="bbox 82 156 1525 208; baseline 0 -8"><span class='ocrx_word' id='word_1_5' title='bbox 82 169 106 202; x_wconf 87' lang='lat'><strong>2</strong></span> <span class='ocrx_word' id='word_1_6' title='bbox 122 161 336 199; x_wconf 87' lang='lat' dir='ltr'>oculorum</span> <span class='ocrx_word' id='word_1_7' title='bbox 356 156 660 208; x_wconf 74' lang='lat' dir='ltr'>impedimentis</span> <span class='ocrx_word' id='word_1_8' title='bbox 687 157 920 197; x_wconf 79' lang='lat' dir='ltr'>liberasset.</span> <span class='ocrx_word' id='word_1_9' title='bbox 980 159 1026 198; x_wconf 93' lang='lat' dir='ltr'>Id</span> <span class='ocrx_word' id='word_1_10' title='bbox 1052 159 1203 197; x_wconf 87' lang='lat' dir='ltr'>factum</span> <span class='ocrx_word' id='word_1_11' title='bbox 1227 157 1315 199; x_wconf 91' lang='lat' dir='ltr'>eius</span> <span class='ocrx_word' id='word_1_12' title='bbox 1337 159 1525 200; x_wconf 89' lang='lat' dir='ltr'>modum-</span> 
     </span>
     <span class='ocr_line' id='line_1_3' title="bbox 122 213 1526 265; baseline 0.001 -10"><span class='ocrx_word' id='word_1_13' title='bbox 122 227 202 265; x_wconf 89' lang='lat' dir='ltr'>que</span> <span class='ocrx_word' id='word_1_14' title='bbox 224 216 380 265; x_wconf 89' lang='lat' dir='ltr'>ipsum,</span> <span class='ocrx_word' id='word_1_15' title='bbox 419 227 501 264; x_wconf 87' lang='lat' dir='ltr'>quo</span> <span class='ocrx_word' id='word_1_16' title='bbox 530 215 767 253; x_wconf 81' lang='lat' dir='ltr'>cae-citatem</span> <span class='ocrx_word' id='word_1_17' title='bbox 791 214 908 252; x_wconf 88' lang='lat' dir='ltr'>facile</span> <span class='ocrx_word' id='word_1_18' title='bbox 931 214 1114 254; x_wconf 88' lang='lat' dir='ltr'>sollertia</span> <span class='ocrx_word' id='word_1_19' title='bbox 1140 213 1407 254; x_wconf 87' lang='lat' dir='ltr'>subtilissima</span> <span class='ocrx_word' id='word_1_20' title='bbox 1429 227 1526 256; x_wconf 88' lang='lat' dir='ltr'>con-</span> 
     </span>
     <span class='ocr_line' id='line_1_4' title="bbox 122 270 1524 320; baseline 0.001 -10"><span class='ocrx_word' id='word_1_21' title='bbox 122 272 260 319; x_wconf 90' lang='lat' dir='ltr'>sciuit,</span> <span class='ocrx_word' id='word_1_22' title='bbox 285 271 534 311; x_wconf 78' lang='lat' dir='ltr'><strong>Laberius</strong></span> <span class='ocrx_word' id='word_1_23' title='bbox 566 275 692 320; x_wconf 86' lang='lat' dir='ltr'>poeta</span> <span class='ocrx_word' id='word_1_24' title='bbox 713 270 752 308; x_wconf 85' lang='lat' dir='ltr'>in</span> <span class='ocrx_word' id='word_1_25' title='bbox 783 270 950 318; x_wconf 90' lang='lat' dir='ltr'>mimo,</span> <span class='ocrx_word' id='word_1_26' title='bbox 977 281 1100 320; x_wconf 88' lang='lat' dir='ltr'>quem</span> <span class='ocrx_word' id='word_1_27' title='bbox 1128 270 1294 310; x_wconf 82' lang='lat' dir='ltr'>scribsit</span> <span class='ocrx_word' id='word_1_28' title='bbox 1315 271 1524 311; x_wconf 89' lang='lat' dir='ltr'>Restio-</span> 
     </span>
     <span class='ocr_line' id='line_1_5' title="bbox 120 326 1523 376; baseline 0.001 -11"><span class='ocrx_word' id='word_1_29' title='bbox 120 338 248 374; x_wconf 86' lang='lat' dir='ltr'>nem,</span> <span class='ocrx_word' id='word_1_30' title='bbox 286 327 479 367; x_wconf 87' lang='lat' dir='ltr'>uersibus</span> <span class='ocrx_word' id='word_1_31' title='bbox 515 326 680 376; x_wconf 90' lang='lat' dir='ltr'>quidem</span> <span class='ocrx_word' id='word_1_32' title='bbox 705 326 805 366; x_wconf 89' lang='lat' dir='ltr'>satis</span> <span class='ocrx_word' id='word_1_33' title='bbox 836 327 989 366; x_wconf 91' lang='lat' dir='ltr'>munde</span> <span class='ocrx_word' id='word_1_34' title='bbox 1022 331 1146 376; x_wconf 89' lang='lat' dir='ltr'>atque</span> <span class='ocrx_word' id='word_1_35' title='bbox 1179 326 1375 376; x_wconf 80' lang='lat' dir='ltr'>graphice</span> <span class='ocrx_word' id='word_1_36' title='bbox 1405 327 1523 367; x_wconf 86' lang='lat' dir='ltr'>factis</span> 
     </span>
     <span class='ocr_line' id='line_1_6' title="bbox 121 381 1524 431; baseline 0.001 -10"><span class='ocrx_word' id='word_1_37' title='bbox 121 383 361 431; x_wconf 89' lang='lat' dir='ltr'>describsit,</span> <span class='ocrx_word' id='word_1_38' title='bbox 385 384 460 423; x_wconf 90' lang='lat' dir='ltr'>sed</span> <span class='ocrx_word' id='word_1_39' title='bbox 479 393 647 422; x_wconf 87' lang='lat' dir='ltr'>causam</span> <span class='ocrx_word' id='word_1_40' title='bbox 662 383 922 421; x_wconf 87' lang='lat' dir='ltr'>uoluntariae</span> <span class='ocrx_word' id='word_1_41' title='bbox 939 381 1148 422; x_wconf 85' lang='lat' dir='ltr'>caecitatis</span> <span class='ocrx_word' id='word_1_42' title='bbox 1166 382 1282 421; x_wconf 85' lang='lat' dir='ltr'>finxit</span> <span class='ocrx_word' id='word_1_43' title='bbox 1298 382 1417 422; x_wconf 89' lang='lat' dir='ltr'>aliam</span> <span class='ocrx_word' id='word_1_44' title='bbox 1433 395 1524 422; x_wconf 89' lang='lat' dir='ltr'>uer-</span> 
     </span>
    </p>

    <p class='ocr_par' dir='ltr' id='par_1_3' title="bbox 82 437 1525 602">
     <span class='ocr_line' id='line_1_7' title="bbox 82 437 1524 488; baseline -0.001 -8"><span class='ocrx_word' id='word_1_45' title='bbox 82 445 105 480; x_wconf 83' lang='lat'><strong>3</strong></span> <span class='ocrx_word' id='word_1_46' title='bbox 120 439 254 488; x_wconf 86' lang='lat' dir='ltr'>titque</span> <span class='ocrx_word' id='word_1_47' title='bbox 266 440 306 478; x_wconf 91' lang='lat' dir='ltr'>in</span> <span class='ocrx_word' id='word_1_48' title='bbox 330 451 420 479; x_wconf 87' lang='lat' dir='ltr'>eam</span> <span class='ocrx_word' id='word_1_49' title='bbox 441 451 546 486; x_wconf 85' lang='lat' dir='ltr'>rem,</span> <span class='ocrx_word' id='word_1_50' title='bbox 573 449 694 487; x_wconf 85' lang='lat' dir='ltr'>quam</span> <span class='ocrx_word' id='word_1_51' title='bbox 715 444 799 477; x_wconf 87' lang='lat' dir='ltr'>tum</span> <span class='ocrx_word' id='word_1_52' title='bbox 817 439 984 487; x_wconf 83' lang='lat' dir='ltr'>agebat,</span> <span class='ocrx_word' id='word_1_53' title='bbox 1010 449 1094 478; x_wconf 89' lang='lat' dir='ltr'>non</span> <span class='ocrx_word' id='word_1_54' title='bbox 1114 437 1426 478; x_wconf 89' lang='lat' dir='ltr'>inconcinniter.</span> <span class='ocrx_word' id='word_1_55' title='bbox 1449 440 1524 478; x_wconf 86' lang='lat' dir='ltr'>Est</span> 
     </span>
     <span class='ocr_line' id='line_1_8' title="bbox 120 493 1525 546; baseline 0 -13"><span class='ocrx_word' id='word_1_56' title='bbox 120 495 227 534; x_wconf 89' lang='lat' dir='ltr'>enim</span> <span class='ocrx_word' id='word_1_57' title='bbox 244 507 446 546; x_wconf 87' lang='lat' dir='ltr'>persona,</span> <span class='ocrx_word' id='word_1_58' title='bbox 478 506 584 543; x_wconf 87' lang='lat' dir='ltr'>quae</span> <span class='ocrx_word' id='word_1_59' title='bbox 602 495 681 534; x_wconf 91' lang='lat' dir='ltr'>hoc</span> <span class='ocrx_word' id='word_1_60' title='bbox 698 500 800 544; x_wconf 89' lang='lat' dir='ltr'>aput</span> <span class='ocrx_word' id='word_1_61' title='bbox 818 494 1086 534; x_wconf 80' lang='lat' dir='ltr'>Laberium</span> <span class='ocrx_word' id='word_1_62' title='bbox 1113 493 1230 543; x_wconf 90' lang='lat' dir='ltr'>dicit,</span> <span class='ocrx_word' id='word_1_63' title='bbox 1253 493 1390 535; x_wconf 90' lang='lat' dir='ltr'>diuitis</span> <span class='ocrx_word' id='word_1_64' title='bbox 1411 495 1525 534; x_wconf 87' lang='lat' dir='ltr'>auari</span> 
     </span>
     <span class='ocr_line' id='line_1_9' title="bbox 120 550 1524 602; baseline 0 -13"><span class='ocrx_word' id='word_1_65' title='bbox 120 556 161 589; x_wconf 89' lang='lat' dir='ltr'>et</span> <span class='ocrx_word' id='word_1_66' title='bbox 185 552 318 602; x_wconf 90' lang='lat' dir='ltr'>parci,</span> <span class='ocrx_word' id='word_1_67' title='bbox 355 557 563 601; x_wconf 89' lang='lat' dir='ltr'>sumptum</span> <span class='ocrx_word' id='word_1_68' title='bbox 594 550 813 600; x_wconf 91' lang='lat' dir='ltr'>plurimum</span> <span class='ocrx_word' id='word_1_69' title='bbox 840 551 1115 601; x_wconf 80' lang='lat' dir='ltr'>asoticonque</span> <span class='ocrx_word' id='word_1_70' title='bbox 1144 550 1423 591; x_wconf 87' lang='lat' dir='ltr'>adulescentis</span> <span class='ocrx_word' id='word_1_71' title='bbox 1447 550 1524 590; x_wconf 92' lang='lat' dir='ltr'>uiri</span> 
     </span>
    </p>

    <p class='ocr_par' dir='ltr' id='par_1_4' title="bbox 79 606 1057 658">
     <span class='ocr_line' id='line_1_10' title="bbox 79 606 1057 658; baseline -0.002 -10"><span class='ocrx_word' id='word_1_72' title='bbox 79 614 104 648; x_wconf 82' lang='lat'>4</span> <span class='ocrx_word' id='word_1_73' title='bbox 121 607 389 658; x_wconf 80' lang='lat' dir='ltr'>deplorantis.</span> <span class='ocrx_word' id='word_1_74' title='bbox 450 609 610 646; x_wconf 85' lang='lat' dir='ltr'>Versus</span> <span class='ocrx_word' id='word_1_75' title='bbox 636 606 915 645; x_wconf 85' lang='lat' dir='ltr'>Laberiani</span> <span class='ocrx_word' id='word_1_76' title='bbox 943 612 1057 646; x_wconf 87' lang='lat' dir='ltr'>sunt:</span> 
     </span>
    </p>
   </div>
   <div class='ocr_carea' id='block_1_3' title="bbox 175 679 1523 1181">
    <p class='ocr_par' dir='ltr' id='par_1_5' title="bbox 175 679 1497 733">
     <span class='ocr_line' id='line_1_11' title="bbox 175 679 1497 733; baseline -0.002 -10"><span class='ocrx_word' id='word_1_77' title='bbox 175 681 510 723; x_wconf 80' lang='lat' dir='ltr'>Democritus</span> <span class='ocrx_word' id='word_1_78' title='bbox 542 680 826 721; x_wconf 82' lang='lat' dir='ltr'>Abderites</span> <span class='ocrx_word' id='word_1_79' title='bbox 857 681 1108 733; x_wconf 82' lang='lat' dir='ltr'>physicus</span> <span class='ocrx_word' id='word_1_80' title='bbox 1140 679 1497 732; x_wconf 87' lang='lat' dir='ltr'>philosophus</span> 
     </span>
    </p>

    <p class='ocr_par' dir='ltr' id='par_1_6' title="bbox 179 735 1523 842">
     <span class='ocr_line' id='line_1_12' title="bbox 179 735 1523 793; baseline -0.001 -15"><span class='ocrx_word' id='word_1_81' title='bbox 179 738 411 793; x_wconf 82' lang='lat' dir='ltr'>Clipeum</span> <span class='ocrx_word' id='word_1_82' title='bbox 451 738 728 778; x_wconf 86' lang='lat' dir='ltr'>constituit</span> <span class='ocrx_word' id='word_1_83' title='bbox 773 736 955 778; x_wconf 82' lang='lat' dir='ltr'>contra</span> <span class='ocrx_word' id='word_1_84' title='bbox 994 744 1232 778; x_wconf 84' lang='lat' dir='ltr'>exortum</span> <span class='ocrx_word' id='word_1_85' title='bbox 1271 735 1523 788; x_wconf 84' lang='lat' dir='ltr'>Hyperio-</span> 
     </span>
     <span class='ocr_line' id='line_1_13' title="bbox 949 806 1046 842; baseline 0.01 -9"><span class='ocrx_word' id='word_1_86' title='bbox 949 806 1046 842; x_wconf 84' lang='lat' dir='ltr'>nis,</span> 
     </span>
    </p>

    <p class='ocr_par' dir='ltr' id='par_1_7' title="bbox 178 848 1452 900">
     <span class='ocr_line' id='line_1_14' title="bbox 178 848 1452 900; baseline -0.002 -8"><span class='ocrx_word' id='word_1_87' title='bbox 178 850 364 892; x_wconf 83' lang='lat' dir='ltr'>Oculos</span> <span class='ocrx_word' id='word_1_88' title='bbox 396 852 638 891; x_wconf 83' lang='lat' dir='ltr'>effodere</span> <span class='ocrx_word' id='word_1_89' title='bbox 663 856 717 890; x_wconf 89' lang='lat' dir='ltr'>ut</span> <span class='ocrx_word' id='word_1_90' title='bbox 746 848 933 900; x_wconf 81' lang='lat' dir='ltr'>posset</span> <span class='ocrx_word' id='word_1_91' title='bbox 962 851 1250 900; x_wconf 88' lang='lat' dir='ltr'>splendore</span> <span class='ocrx_word' id='word_1_92' title='bbox 1281 848 1452 889; x_wconf 82' lang='lat' dir='ltr'>ae&#39;reo.</span> 
     </span>
    </p>

    <p class='ocr_par' dir='ltr' id='par_1_8' title="bbox 179 905 1276 953">
     <span class='ocr_line' id='line_1_15' title="bbox 179 905 1276 953; baseline -0.001 -7"><span class='ocrx_word' id='word_1_93' title='bbox 179 910 251 947; x_wconf 88' lang='lat' dir='ltr'>[ta</span> <span class='ocrx_word' id='word_1_94' title='bbox 277 907 440 947; x_wconf 84' lang='lat' dir='ltr'>radiis</span> <span class='ocrx_word' id='word_1_95' title='bbox 470 907 599 947; x_wconf 91' lang='lat' dir='ltr'>solis</span> <span class='ocrx_word' id='word_1_96' title='bbox 632 906 794 946; x_wconf 76' lang='lat' dir='ltr'>aciem</span> <span class='ocrx_word' id='word_1_97' title='bbox 826 906 1015 946; x_wconf 84' lang='lat' dir='ltr'>effodit</span> <span class='ocrx_word' id='word_1_98' title='bbox 1044 905 1276 953; x_wconf 75' lang='lat' dir='ltr'>himinis,</span> 
     </span>
    </p>

    <p class='ocr_par' dir='ltr' id='par_1_9' title="bbox 179 960 1197 1004">
     <span class='ocr_line' id='line_1_16' title="bbox 179 960 1197 1004; baseline -0.001 -1"><span class='ocrx_word' id='word_1_99' title='bbox 179 962 325 1004; x_wconf 87' lang='lat' dir='ltr'>Malis</span> <span class='ocrx_word' id='word_1_100' title='bbox 351 965 481 1003; x_wconf 89' lang='lat' dir='ltr'>bene</span> <span class='ocrx_word' id='word_1_101' title='bbox 510 975 625 1003; x_wconf 91' lang='lat' dir='ltr'>esse</span> <span class='ocrx_word' id='word_1_102' title='bbox 656 962 720 1002; x_wconf 79' lang='lat' dir='ltr'>ne</span> <span class='ocrx_word' id='word_1_103' title='bbox 749 963 953 1002; x_wconf 90' lang='lat' dir='ltr'>uideret</span> <span class='ocrx_word' id='word_1_104' title='bbox 983 960 1197 1002; x_wconf 87' lang='lat' dir='ltr'>ciuibus.</span> 
     </span>
    </p>

    <p class='ocr_par' dir='ltr' id='par_1_10' title="bbox 180 1017 1304 1070">
     <span class='ocr_line' id='line_1_17' title="bbox 180 1017 1304 1070; baseline -0.002 -11"><span class='ocrx_word' id='word_1_105' title='bbox 180 1020 262 1059; x_wconf 90' lang='lat' dir='ltr'>Sic</span> <span class='ocrx_word' id='word_1_106' title='bbox 294 1019 383 1070; x_wconf 83' lang='lat' dir='ltr'>ego</span> <span class='ocrx_word' id='word_1_107' title='bbox 415 1019 666 1069; x_wconf 84' lang='lat' dir='ltr'>fulgentis</span> <span class='ocrx_word' id='word_1_108' title='bbox 698 1018 1025 1069; x_wconf 81' lang='lat' dir='ltr'>splendorem</span> <span class='ocrx_word' id='word_1_109' title='bbox 1051 1017 1304 1069; x_wconf 80' lang='lat' dir='ltr'>pecuniae</span> 
     </span>
    </p>

    <p class='ocr_par' dir='ltr' id='par_1_11' title="bbox 179 1073 1250 1122">
     <span class='ocr_line' id='line_1_18' title="bbox 179 1073 1250 1122; baseline -0.002 -6"><span class='ocrx_word' id='word_1_110' title='bbox 179 1077 310 1116; x_wconf 93' lang='lat' dir='ltr'>Volo</span> <span class='ocrx_word' id='word_1_111' title='bbox 344 1075 653 1116; x_wconf 86' lang='lat' dir='ltr'>e&#39;lucificare</span> <span class='ocrx_word' id='word_1_112' title='bbox 682 1075 873 1115; x_wconf 81' lang='lat' dir='ltr'>exitum</span> <span class='ocrx_word' id='word_1_113' title='bbox 902 1073 1064 1114; x_wconf 85' lang='lat' dir='ltr'>aetati</span> <span class='ocrx_word' id='word_1_114' title='bbox 1094 1085 1250 1122; x_wconf 88' lang='lat' dir='ltr'>meac,</span> 
     </span>
    </p>

    <p class='ocr_par' dir='ltr' id='par_1_12' title="bbox 179 1127 1440 1181">
     <span class='ocr_line' id='line_1_19' title="bbox 179 1127 1440 1181; baseline -0.003 -9"><span class='ocrx_word' id='word_1_115' title='bbox 179 1133 244 1172; x_wconf 90' lang='lat' dir='ltr'>Ne</span> <span class='ocrx_word' id='word_1_116' title='bbox 275 1132 321 1172; x_wconf 93' lang='lat' dir='ltr'>in</span> <span class='ocrx_word' id='word_1_117' title='bbox 352 1132 406 1172; x_wconf 81' lang='lat' dir='ltr'>re</span> <span class='ocrx_word' id='word_1_118' title='bbox 431 1133 563 1172; x_wconf 88' lang='lat' dir='ltr'>bona</span> <span class='ocrx_word' id='word_1_119' title='bbox 588 1143 705 1172; x_wconf 90' lang='lat' dir='ltr'>esse</span> <span class='ocrx_word' id='word_1_120' title='bbox 734 1129 937 1172; x_wconf 89' lang='lat' dir='ltr'>uideam</span> <span class='ocrx_word' id='word_1_121' title='bbox 969 1134 1234 1181; x_wconf 79' lang='lat' dir='ltr'>[neJquam</span> <span class='ocrx_word' id='word_1_122' title='bbox 1263 1127 1440 1169; x_wconf 86' lang='lat' dir='ltr'>filium.</span> 
     </span>
    </p>
   </div>
   <div class='ocr_carea' id='block_1_4' title="bbox 754 1263 897 1302">
    <p class='ocr_par' dir='ltr' id='par_1_13' title="bbox 754 1263 897 1302">
     <span class='ocr_line' id='line_1_20' title="bbox 754 1263 897 1302; baseline 0 0"><span class='ocrx_word' id='word_1_123' title='bbox 754 1263 885 1302; x_wconf 88' lang='lat' dir='ltr'>XVIII</span> <span class='ocrx_word' id='word_1_124' title='bbox 889 1292 897 1301; x_wconf 94' lang='lat'><strong>.</strong></span> 
     </span>
    </p>
   </div>
   <div class='ocr_carea' id='block_1_5' title="bbox 119 1342 1523 1450">
    <p class='ocr_par' dir='ltr' id='par_1_14' title="bbox 119 1342 1523 1450">
     <span class='ocr_line' id='line_1_21' title="bbox 119 1342 1523 1391; baseline -0.005 -7"><span class='ocrx_word' id='word_1_125' title='bbox 119 1348 283 1384; x_wconf 75' lang='lat' dir='ltr'>Historia</span> <span class='ocrx_word' id='word_1_126' title='bbox 315 1347 361 1382; x_wconf 87' lang='lat' dir='ltr'>de</span> <span class='ocrx_word' id='word_1_127' title='bbox 386 1346 607 1390; x_wconf 80' lang='lat' dir='ltr'>Artemisia3</span> <span class='ocrx_word' id='word_1_128' title='bbox 638 1344 760 1391; x_wconf 89' lang='lat' dir='ltr'>deque</span> <span class='ocrx_word' id='word_1_129' title='bbox 786 1355 831 1379; x_wconf 91' lang='lat' dir='ltr'>eo</span> <span class='ocrx_word' id='word_1_130' title='bbox 858 1344 1083 1387; x_wconf 83' lang='lat' dir='ltr'>certamine,</span> <span class='ocrx_word' id='word_1_131' title='bbox 1116 1342 1216 1389; x_wconf 88' lang='lat' dir='ltr'>quod</span> <span class='ocrx_word' id='word_1_132' title='bbox 1248 1346 1337 1389; x_wconf 84' lang='lat' dir='ltr'>aput</span> <span class='ocrx_word' id='word_1_133' title='bbox 1360 1343 1523 1378; x_wconf 85' lang='lat' dir='ltr'>Mausoli</span> 
     </span>
     <span class='ocr_line' id='line_1_22' title="bbox 291 1399 1343 1450; baseline -0.004 -12"><span class='ocrx_word' id='word_1_134' title='bbox 291 1404 503 1450; x_wconf 87' lang='lat' dir='ltr'>sepulcrum</span> <span class='ocrx_word' id='word_1_135' title='bbox 530 1412 551 1437; x_wconf 85' lang='lat' dir='ltr'>a</span> <span class='ocrx_word' id='word_1_136' title='bbox 582 1400 826 1437; x_wconf 85' lang='lat' dir='ltr'>scribtoribus</span> <span class='ocrx_word' id='word_1_137' title='bbox 851 1399 1000 1435; x_wconf 88' lang='lat' dir='ltr'>inclutis</span> <span class='ocrx_word' id='word_1_138' title='bbox 1023 1399 1251 1435; x_wconf 79' lang='lat' dir='ltr'>decertatum</span> <span class='ocrx_word' id='word_1_139' title='bbox 1272 1402 1343 1434; x_wconf 82' lang='lat' dir='ltr'>est.</span> 
     </span>
    </p>
   </div>
   <div class='ocr_carea' id='block_1_6' title="bbox 82 1497 1523 2272">
    <p class='ocr_par' dir='ltr' id='par_1_15' title="bbox 82 1497 1523 2272">
     <span class='ocr_line' id='line_1_23' title="bbox 82 1497 1522 1548; baseline -0.002 -7"><span class='ocrx_word' id='word_1_140' title='bbox 82 1512 102 1546; x_wconf 90' lang='lat'>1</span> <span class='ocrx_word' id='word_1_141' title='bbox 204 1499 427 1541; x_wconf 87' lang='lat' dir='ltr'>Artemisia</span> <span class='ocrx_word' id='word_1_142' title='bbox 452 1500 686 1539; x_wconf 89' lang='lat' dir='ltr'>Mausolum</span> <span class='ocrx_word' id='word_1_143' title='bbox 714 1497 849 1538; x_wconf 89' lang='lat' dir='ltr'>uirum</span> <span class='ocrx_word' id='word_1_144' title='bbox 879 1508 1043 1538; x_wconf 85' lang='lat' dir='ltr'>amasse</span> <span class='ocrx_word' id='word_1_145' title='bbox 1073 1498 1202 1537; x_wconf 88' lang='lat' dir='ltr'>fertur</span> <span class='ocrx_word' id='word_1_146' title='bbox 1230 1509 1358 1548; x_wconf 88' lang='lat' dir='ltr'>supra</span> <span class='ocrx_word' id='word_1_147' title='bbox 1388 1497 1522 1538; x_wconf 86' lang='lat' dir='ltr'>omnis</span> 
     </span>
     <span class='ocr_line' id='line_1_24' title="bbox 84 1553 1523 1604; baseline -0.006 -3"><span class='ocrx_word' id='word_1_148' title='bbox 84 1569 106 1602; x_wconf 79' lang='lat'><strong>2</strong></span> <span class='ocrx_word' id='word_1_149' title='bbox 124 1569 308 1599; x_wconf 90' lang='lat' dir='ltr'>amorum</span> <span class='ocrx_word' id='word_1_150' title='bbox 328 1557 486 1596; x_wconf 90' lang='lat' dir='ltr'>fabulas</span> <span class='ocrx_word' id='word_1_151' title='bbox 502 1557 691 1604; x_wconf 87' lang='lat' dir='ltr'>ultraque</span> <span class='ocrx_word' id='word_1_152' title='bbox 710 1553 942 1594; x_wconf 82' lang='lat' dir='ltr'>affectionis</span> <span class='ocrx_word' id='word_1_153' title='bbox 958 1555 1162 1593; x_wconf 86' lang='lat' dir='ltr'>humanae</span> <span class='ocrx_word' id='word_1_154' title='bbox 1191 1554 1328 1593; x_wconf 89' lang='lat' dir='ltr'>fidem.</span> <span class='ocrx_word' id='word_1_155' title='bbox 1358 1554 1523 1593; x_wconf 89' lang='lat' dir='ltr'>Mauso—</span> 
     </span>
     <span class='ocr_line' id='line_1_25' title="bbox 123 1609 1522 1660; baseline -0.005 -5"><span class='ocrx_word' id='word_1_156' title='bbox 123 1618 186 1655; x_wconf 82' lang='lat' dir='ltr'>lus</span> <span class='ocrx_word' id='word_1_157' title='bbox 213 1619 349 1653; x_wconf 92' lang='lat' dir='ltr'>autem</span> <span class='ocrx_word' id='word_1_158' title='bbox 374 1612 466 1660; x_wconf 84' lang='lat' dir='ltr'>fuit,</span> <span class='ocrx_word' id='word_1_159' title='bbox 488 1617 534 1651; x_wconf 89' lang='lat' dir='ltr'>ut</span> <span class='ocrx_word' id='word_1_160' title='bbox 555 1611 815 1651; x_wconf 90' lang='lat' dir='ltr'>M.Tullius</span> <span class='ocrx_word' id='word_1_161' title='bbox 836 1611 903 1659; x_wconf 91' lang='lat' dir='ltr'>ait,</span> <span class='ocrx_word' id='word_1_162' title='bbox 924 1621 999 1650; x_wconf 85' lang='lat' dir='ltr'>rex</span> <span class='ocrx_word' id='word_1_163' title='bbox 1015 1615 1148 1649; x_wconf 89' lang='lat' dir='ltr'>terrae</span> <span class='ocrx_word' id='word_1_164' title='bbox 1167 1609 1320 1660; x_wconf 79' lang='lat' dir='ltr'>Cariae,</span> <span class='ocrx_word' id='word_1_165' title='bbox 1344 1615 1390 1649; x_wconf 86' lang='lat' dir='ltr'>ut</span> <span class='ocrx_word' id='word_1_166' title='bbox 1412 1610 1522 1659; x_wconf 88' lang='lat' dir='ltr'>qui-</span> 
     </span>
     <span class='ocr_line' id='line_1_26' title="bbox 125 1665 1523 1716; baseline -0.004 -6"><span class='ocrx_word' id='word_1_167' title='bbox 125 1673 233 1711; x_wconf 87' lang='lat' dir='ltr'>dam</span> <span class='ocrx_word' id='word_1_168' title='bbox 261 1670 572 1709; x_wconf 88' lang='lat' dir='ltr'>Graecarum</span> <span class='ocrx_word' id='word_1_169' title='bbox 593 1667 930 1707; x_wconf 84' lang='lat' dir='ltr'>historiarum</span> <span class='ocrx_word' id='word_1_170' title='bbox 952 1666 1265 1716; x_wconf 86' lang='lat' dir='ltr'>scriptores,</span> <span class='ocrx_word' id='word_1_171' title='bbox 1282 1665 1523 1716; x_wconf 88' lang='lat' dir='ltr'>prouinciae</span> 
     </span>
     <span class='ocr_line' id='line_1_27' title="bbox 85 1719 1522 1777; baseline -0.004 -11"><span class='ocrx_word' id='word_1_172' title='bbox 85 1736 107 1771; x_wconf 83' lang='lat'><strong>3</strong></span> <span class='ocrx_word' id='word_1_173' title='bbox 124 1726 319 1768; x_wconf 89' lang='lat' dir='ltr'>Graeciae</span> <span class='ocrx_word' id='word_1_174' title='bbox 335 1726 586 1776; x_wconf 73' lang='lat' dir='ltr'>praefectus,</span> <span class='ocrx_word' id='word_1_175' title='bbox 609 1719 873 1777; x_wconf 56' lang='grc' dir='ltr'><em>(σατράπην</em></span> <span class='ocrx_word' id='word_1_176' title='bbox 897 1722 1041 1762; x_wconf 87' lang='lat' dir='ltr'>Graeci</span> <span class='ocrx_word' id='word_1_177' title='bbox 1056 1726 1221 1771; x_wconf 85' lang='lat' dir='ltr'>uocant.</span> <span class='ocrx_word' id='word_1_178' title='bbox 1245 1723 1284 1761; x_wconf 91' lang='lat' dir='ltr'>Is</span> <span class='ocrx_word' id='word_1_179' title='bbox 1294 1722 1522 1769; x_wconf 88' lang='lat' dir='ltr'>Mausolus,</span> 
     </span>
     <span class='ocr_line' id='line_1_28' title="bbox 123 1777 1523 1831; baseline -0.005 -8"><span class='ocrx_word' id='word_1_180' title='bbox 123 1783 193 1823; x_wconf 88' lang='lat' dir='ltr'>ubi</span> <span class='ocrx_word' id='word_1_181' title='bbox 224 1784 306 1822; x_wconf 83' lang='lat' dir='ltr'>sato</span> <span class='ocrx_word' id='word_1_182' title='bbox 338 1783 579 1831; x_wconf 87' lang='lat' dir='ltr'>perfunctus</span> <span class='ocrx_word' id='word_1_183' title='bbox 607 1781 713 1820; x_wconf 88' lang='lat' dir='ltr'>inter</span> <span class='ocrx_word' id='word_1_184' title='bbox 747 1781 926 1819; x_wconf 87' lang='lat' dir='ltr'>lamenta</span> <span class='ocrx_word' id='word_1_185' title='bbox 955 1783 995 1818; x_wconf 90' lang='lat' dir='ltr'>et</span> <span class='ocrx_word' id='word_1_186' title='bbox 1030 1790 1174 1818; x_wconf 89' lang='lat' dir='ltr'>manus</span> <span class='ocrx_word' id='word_1_187' title='bbox 1204 1777 1348 1817; x_wconf 85' lang='lat' dir='ltr'>uxoris</span> <span class='ocrx_word' id='word_1_188' title='bbox 1379 1779 1523 1829; x_wconf 83' lang='lat' dir='ltr'>funere</span> 
     </span>
     <span class='ocr_line' id='line_1_29' title="bbox 124 1833 1523 1889; baseline -0.004 -11"><span class='ocrx_word' id='word_1_189' title='bbox 124 1839 342 1889; x_wconf 84' lang='lat' dir='ltr'>magnifico</span> <span class='ocrx_word' id='word_1_190' title='bbox 362 1839 549 1888; x_wconf 90' lang='lat' dir='ltr'>sepultus</span> <span class='ocrx_word' id='word_1_191' title='bbox 568 1842 648 1885; x_wconf 90' lang='lat' dir='ltr'>est,</span> <span class='ocrx_word' id='word_1_192' title='bbox 670 1836 910 1884; x_wconf 85' lang='lat' dir='ltr'>Artemisia,</span> <span class='ocrx_word' id='word_1_193' title='bbox 939 1837 1049 1874; x_wconf 92' lang='lat' dir='ltr'>luctu</span> <span class='ocrx_word' id='word_1_194' title='bbox 1068 1839 1192 1884; x_wconf 88' lang='lat' dir='ltr'>atque</span> <span class='ocrx_word' id='word_1_195' title='bbox 1210 1833 1416 1874; x_wconf 88' lang='lat' dir='ltr'>desiderio</span> <span class='ocrx_word' id='word_1_196' title='bbox 1441 1845 1523 1872; x_wconf 89' lang='lat' dir='ltr'>ma-</span> 
     </span>
     <span class='ocr_line' id='line_1_30' title="bbox 123 1890 1522 1944; baseline -0.004 -10"><span class='ocrx_word' id='word_1_197' title='bbox 123 1896 189 1934; x_wconf 89' lang='lat' dir='ltr'>riti</span> <span class='ocrx_word' id='word_1_198' title='bbox 225 1896 406 1944; x_wconf 79' lang='lat' dir='ltr'>flagrans</span> <span class='ocrx_word' id='word_1_199' title='bbox 442 1905 567 1940; x_wconf 84' lang='lat' dir='ltr'>uxor,</span> <span class='ocrx_word' id='word_1_200' title='bbox 609 1903 708 1932; x_wconf 82' lang='lat' dir='ltr'>ossa</span> <span class='ocrx_word' id='word_1_201' title='bbox 743 1893 1005 1941; x_wconf 87' lang='lat' dir='ltr'>cineremque</span> <span class='ocrx_word' id='word_1_202' title='bbox 1037 1891 1125 1930; x_wconf 90' lang='lat' dir='ltr'>eius</span> <span class='ocrx_word' id='word_1_203' title='bbox 1163 1890 1290 1930; x_wconf 88' lang='lat' dir='ltr'>mixta</span> <span class='ocrx_word' id='word_1_204' title='bbox 1323 1890 1522 1930; x_wconf 89' lang='lat' dir='ltr'>odoribus</span> 
     </span>
     <span class='ocr_line' id='line_1_31' title="bbox 126 1945 1523 1999; baseline -0.004 -8"><span class='ocrx_word' id='word_1_205' title='bbox 126 1957 385 1999; x_wconf 82' lang='lat' dir='ltr'>contusaque</span> <span class='ocrx_word' id='word_1_206' title='bbox 413 1949 453 1989; x_wconf 92' lang='lat' dir='ltr'>in</span> <span class='ocrx_word' id='word_1_207' title='bbox 488 1949 632 1988; x_wconf 85' lang='lat' dir='ltr'>faciem</span> <span class='ocrx_word' id='word_1_208' title='bbox 660 1949 842 1998; x_wconf 91' lang='lat' dir='ltr'>pulueris</span> <span class='ocrx_word' id='word_1_209' title='bbox 864 1959 997 1998; x_wconf 88' lang='lat' dir='ltr'>aquae</span> <span class='ocrx_word' id='word_1_210' title='bbox 1022 1947 1166 1986; x_wconf 89' lang='lat' dir='ltr'>indidit</span> <span class='ocrx_word' id='word_1_211' title='bbox 1190 1945 1399 1996; x_wconf 89' lang='lat' dir='ltr'>ebibitque</span> <span class='ocrx_word' id='word_1_212' title='bbox 1423 1947 1523 1986; x_wconf 91' lang='lat' dir='ltr'>mul-</span> 
     </span>
     <span class='ocr_line' id='line_1_32' title="bbox 85 2003 1523 2057; baseline -0.003 -10"><span class='ocrx_word' id='word_1_213' title='bbox 85 2014 109 2048; x_wconf 89' lang='lat'>4</span> <span class='ocrx_word' id='word_1_214' title='bbox 124 2013 250 2057; x_wconf 90' lang='lat' dir='ltr'>taque</span> <span class='ocrx_word' id='word_1_215' title='bbox 272 2007 349 2046; x_wconf 88' lang='lat' dir='ltr'>alia</span> <span class='ocrx_word' id='word_1_216' title='bbox 370 2005 539 2046; x_wconf 87' lang='lat' dir='ltr'>uiolenti</span> <span class='ocrx_word' id='word_1_217' title='bbox 555 2005 707 2045; x_wconf 91' lang='lat' dir='ltr'>amoris</span> <span class='ocrx_word' id='word_1_218' title='bbox 724 2005 873 2044; x_wconf 89' lang='lat' dir='ltr'>indicia</span> <span class='ocrx_word' id='word_1_219' title='bbox 894 2003 1044 2044; x_wconf 83' lang='lat' dir='ltr'>fecisse</span> <span class='ocrx_word' id='word_1_220' title='bbox 1067 2003 1227 2042; x_wconf 82' lang='lat' dir='ltr'>dicitur.</span> <span class='ocrx_word' id='word_1_221' title='bbox 1259 2003 1402 2043; x_wconf 88' lang='lat' dir='ltr'>Molita</span> <span class='ocrx_word' id='word_1_222' title='bbox 1423 2014 1523 2052; x_wconf 90' lang='lat' dir='ltr'>quo—</span> 
     </span>
     <span class='ocr_line' id='line_1_33' title="bbox 128 2059 1522 2113; baseline -0.004 -11"><span class='ocrx_word' id='word_1_223' title='bbox 128 2075 208 2113; x_wconf 91' lang='lat' dir='ltr'>que</span> <span class='ocrx_word' id='word_1_224' title='bbox 237 2068 301 2103; x_wconf 90' lang='lat' dir='ltr'>est</span> <span class='ocrx_word' id='word_1_225' title='bbox 331 2062 485 2112; x_wconf 82' lang='lat' dir='ltr'>ingenti</span> <span class='ocrx_word' id='word_1_226' title='bbox 512 2062 667 2111; x_wconf 88' lang='lat' dir='ltr'>impetu</span> <span class='ocrx_word' id='word_1_227' title='bbox 699 2061 836 2111; x_wconf 89' lang='lat' dir='ltr'>operis</span> <span class='ocrx_word' id='word_1_228' title='bbox 864 2060 1180 2100; x_wconf 85' lang='lat' dir='ltr'>conseruandae</span> <span class='ocrx_word' id='word_1_229' title='bbox 1207 2059 1340 2099; x_wconf 91' lang='lat' dir='ltr'>mariti</span> <span class='ocrx_word' id='word_1_230' title='bbox 1369 2070 1522 2098; x_wconf 91' lang='lat' dir='ltr'>memo-</span> 
     </span>
     <span class='ocr_line' id='line_1_34' title="bbox 127 2115 1522 2168; baseline -0.003 -10"><span class='ocrx_word' id='word_1_231' title='bbox 127 2119 211 2158; x_wconf 89' lang='lat' dir='ltr'>riae</span> <span class='ocrx_word' id='word_1_232' title='bbox 245 2120 483 2168; x_wconf 88' lang='lat' dir='ltr'>sepulcrum</span> <span class='ocrx_word' id='word_1_233' title='bbox 510 2118 610 2157; x_wconf 90' lang='lat' dir='ltr'>illud</span> <span class='ocrx_word' id='word_1_234' title='bbox 639 2117 1027 2158; x_wconf 88' lang='lat' dir='ltr'>memoratissimum</span> <span class='ocrx_word' id='word_1_235' title='bbox 1055 2115 1350 2166; x_wconf 84' lang='lat' dir='ltr'>dignatumque</span> <span class='ocrx_word' id='word_1_236' title='bbox 1382 2119 1522 2154; x_wconf 86' lang='lat' dir='ltr'>nume-</span> 
     </span>
     <span class='ocr_line' id='line_1_35' title="bbox 87 2171 1523 2224; baseline -0.003 -9"><span class='ocrx_word' id='word_1_237' title='bbox 87 2175 206 2215; x_wconf 67' lang='lat' dir='ltr'>srari</span> <span class='ocrx_word' id='word_1_238' title='bbox 232 2175 337 2213; x_wconf 88' lang='lat' dir='ltr'>inter</span> <span class='ocrx_word' id='word_1_239' title='bbox 364 2180 524 2224; x_wconf 88' lang='lat' dir='ltr'>septem</span> <span class='ocrx_word' id='word_1_240' title='bbox 553 2174 733 2214; x_wconf 89' lang='lat' dir='ltr'>omnium</span> <span class='ocrx_word' id='word_1_241' title='bbox 762 2179 964 2212; x_wconf 89' lang='lat' dir='ltr'>terrarum</span> <span class='ocrx_word' id='word_1_242' title='bbox 996 2173 1246 2221; x_wconf 86' lang='lat' dir='ltr'>spectacula.</span> <span class='ocrx_word' id='word_1_243' title='bbox 1306 2171 1352 2211; x_wconf 89' lang='lat' dir='ltr'>Id</span> <span class='ocrx_word' id='word_1_244' title='bbox 1380 2182 1523 2210; x_wconf 89' lang='lat' dir='ltr'>monu-</span> 
     </span>
     <span class='ocr_line' id='line_1_36' title="bbox 127 2227 1522 2272; baseline -0.004 -2"><span class='ocrx_word' id='word_1_245' title='bbox 127 2235 308 2270; x_wconf 90' lang='lat' dir='ltr'>mentum</span> <span class='ocrx_word' id='word_1_246' title='bbox 333 2230 554 2270; x_wconf 86' lang='lat' dir='ltr'>Artemisia</span> <span class='ocrx_word' id='word_1_247' title='bbox 577 2241 669 2270; x_wconf 90' lang='lat' dir='ltr'>cum</span> <span class='ocrx_word' id='word_1_248' title='bbox 696 2230 758 2269; x_wconf 91' lang='lat' dir='ltr'>dis</span> <span class='ocrx_word' id='word_1_249' title='bbox 785 2228 973 2269; x_wconf 88' lang='lat' dir='ltr'>manibus</span> <span class='ocrx_word' id='word_1_250' title='bbox 998 2227 1127 2268; x_wconf 88' lang='lat' dir='ltr'>sacris</span> <span class='ocrx_word' id='word_1_251' title='bbox 1155 2227 1333 2269; x_wconf 89' lang='lat' dir='ltr'>Mausoli</span> <span class='ocrx_word' id='word_1_252' title='bbox 1354 2227 1522 2272; x_wconf 88' lang='lat' dir='ltr'>dicaret,</span> 
     </span>
    </p>
   </div>
  </div>
 </body>
</html>
