1603 2508
4 95 37 122 θ’,
565 62 635 101 VI.
664 63 790 110 (VII.)
819 73 957 103 xv1111.
1380 61 1465 103 209

7 145 19 161 ῒ

3 165 24 231 {j
131 175 233 215 Eius
251 174 409 214 decreti
424 175 567 222 uerba,
591 185 698 224 quae
716 174 852 224 posui,
873 186 926 214 ex
943 186 1037 214 ann
1049 174 1203 215 alium
1221 186 1462 216 monumen·
1481 190 1502 223 5

0 231 16 278 ’ῗῑ
44 233 99 274 tis
123 231 338 282 exscripta
361 235 479 271 sunt:
513 231 655 281 Quod
679 232 723 270 P.
743 231 923 281 Scipio
955 231 1244 272 Africanus
1278 239 1463 283 postu-

11 303 21 306 >
45 289 181 330 lauit
205 300 297 340 pro
317 289 362 327 L.
387 287 897 338 ScipioneAsiatico
923 290 1111 335 fratre,
1145 300 1257 328 cum
1277 296 1465 330 contra

44 347 192 397 leges
213 351 511 395 contraque
534 355 727 385 morem
754 345 1005 385 maiorum
1025 345 1268 386 tribunus
1295 348 1359 397 pl.
1376 348 1464 387 ho-

44 403 275 443 minibus
306 401 497 442 accitis
524 412 616 452 per
646 402 747 441 uim
772 402 1112 452 inauspicato
1147 404 1464 443 sententiam

44 460 105 500 de
135 471 194 500 eo
218 459 402 499 tulerit
428 459 737 508 multamque
756 460 900 499 nullo
925 460 1164 509 exemplo
1191 459 1463 510 irrogaue-

44 516 113 557 rit
134 516 479 567 praedesque
504 527 612 555 eum
636 516 695 555 ob
716 526 822 555 eam
845 527 948 555 rem
965 517 1089 555 dare
1117 522 1272 566 cogat
1296 524 1400 565 aut,
1421 518 1464 557 si

45 585 144 614 non
169 574 275 620 det,
294 572 343 612 in
366 573 581 613 uincula
598 572 716 612 duci
738 572 938 620 iubeat,
957 578 1007 613 ut
1038 583 1145 612 eum
1171 584 1195 612 a
1222 575 1462 624 collegae

46 630 97 671 ui
127 629 523 680 prohibeamus.
578 630 641 669 Et
667 630 805 680 quod
833 634 1017 669 contra
1044 631 1251 680 collega
1276 637 1462 681 postu-

42 686 203 734 lauit,
249 698 310 726 ne
343 686 445 726 sibi
483 685 898 734 intercedamus,
948 687 1221 736 quominus
1274 694 1462 739 suapte

42 748 313 795 potestate
344 743 420 783 uti
454 743 639 791 liceat,
670 744 729 783 de
758 755 816 782 ea
849 755 900 782 re
929 749 1162 783 nostrum
1195 745 1463 785 sententia

44 800 266 841 omnium
295 811 353 840 ea
385 806 483 840 cst:
516 801 558 840 si
586 801 630 839 L.
661 800 939 840 Cornelius
976 800 1154 851 Scipio
1189 802 1461 842 Asiaticus

44 859 288 907 collegae
332 857 587 897 arbitratu
634 858 858 907 praedes
911 857 1077 905 dabit,
1125 859 1362 908 collegae
1402 870 1461 898 ne

43 926 152 955 eum
177 913 225 953 in
252 913 464 954 uincula
491 914 652 954 ducat
675 914 1089 961 intercedemus;
1123 914 1166 954 si
1191 914 1300 955 eius
1330 916 1462 955 arbi-

41 976 184 1011 tratu
217 972 443 1022 praedes
477 982 575 1011 non
610 971 777 1018 dabit,
814 971 1093 1020 quominus
1128 973 1335 1022 collega
1369 984 1461 1013 sua

42 1033 313 1079 potestate
337 1033 514 1068 utatur
539 1039 636 1068 non
662 1028 1062 1068 intercedemus.

125 1086 227 1124 Post
255 1084 336 1124 hoc
359 1085 593 1132 decretum,
628 1096 721 1124 cum
743 1085 986 1134 Augurinus
1013 1085 1204 1124 tribunus
1234 1086 1278 1124 L.
1304 1085 1462 1136 Scipio-
1479 1093 1500 1128 6

43 1153 139 1182 nem
160 1141 341 1191 praedes
364 1153 448 1181 non
475 1141 642 1181 dantem
664 1142 813 1191 prendi
832 1147 873 1181 et
893 1142 934 1181 in
957 1153 1169 1181 carcerem
1193 1142 1289 1182 duci
1316 1143 1460 1183 iussis·

42 1203 120 1246 set,
151 1203 252 1238 tunc
273 1197 461 1238 Tiberius
485 1198 759 1249 Sempronius
783 1199 995 1239 Gracchus
1014 1205 1062 1238 tr.
1082 1200 1152 1249 pl„
1185 1205 1304 1250 pater
1326 1199 1461 1239 Tiberi

42 1261 169 1305 atque
201 1255 243 1295 C.
275 1255 581 1302 Gracchorum,
614 1266 707 1294 cum
740 1257 782 1295 P.
817 1255 1002 1306 Scipioni
1034 1256 1231 1296 Africano
1270 1256 1459 1297 inimicus

41 1311 182 1364 grauis
206 1312 259 1352 ob
276 1313 503 1362 plerasque
524 1311 564 1351 in
587 1312 801 1362 republica
824 1312 1113 1353 dissensiones
1138 1319 1278 1361 esset,
1310 1313 1462 1353 iurauit

40 1370 178 1420 palam
210 1369 251 1408 in
279 1368 497 1408 amicitiam
530 1369 657 1419 inque
679 1369 853 1419 gratiam
884 1381 931 1409 se
952 1382 1046 1409 cum
1066 1370 1109 1408 P.
1142 1370 1341 1411 Africano
1376 1382 1460 1410 11011

40 1426 226 1474 redisse,
256 1431 383 1476 atque
412 1425 468 1465 ita
490 1427 704 1466 decretum
728 1438 780 1466 ex
802 1427 943 1466 tabula
965 1427 1166 1467 recitauit.

126 1483 227 1523 Eius
245 1483 402 1523 decreti
422 1483 552 1523 uerba
573 1484 676 1523 haec
706 1489 824 1523 sunt:
854 1485 968 1524 Cum
990 1485 1034 1523 L.
1055 1484 1334 1524 Cornelius
1353 1485 1380 1524 S
1394 1485 1459 1524 ci-
1478 1484 1497 1520 7

41 1539 127 1592 pio
148 1539 428 1580 Asiaticus
458 1540 794 1590 triumphans
823 1541 884 1581 ho
900 1541 1052 1580 stium
1078 1542 1244 1581 duces
1275 1541 1325 1580 in
1348 1553 1459 1581 car-

42 1607 216 1637 cerem
250 1596 585 1644 coniectarit‚
616 1597 842 1637 alienum
877 1597 1092 1637 uidetur
1127 1610 1250 1638 esse
1290 1598 1459 1648 digni-

39 1659 152 1694 tate
172 1653 534 1704 reipublicae,
567 1654 617 1693 in
644 1665 750 1694 eum
774 1655 947 1694 locum
969 1654 1342 1705 imperatorem
1366 1667 1459 1704 po-

40 1710 153 1762 puli
183 1710 385 1751 romani
421 1711 565 1759 duci,
598 1710 647 1750 in
670 1722 818 1761 quem
848 1713 1016 1751 locum
1038 1712 1100 1750 ab
1131 1723 1189 1751 eo
1226 1710 1460 1751 coniecti

43 1772 166 1808 sunt
187 1767 349 1807 duces
377 1768 629 1808 hostium:
664 1768 845 1818 itaque
868 1769 912 1807 L.
934 1768 1233 1808 Cornelium
1251 1768 1455 1819 Scipio-

41 1835 151 1864 nem
171 1824 466 1865 Asiaticum
487 1836 512 1864 a
533 1826 767 1874 collegae
789 1825 839 1864 ui
860 1825 1130 1875 prohibeo.

70 1929 72 1931 ‚
126 1881 374 1921 Valerius
407 1886 545 1922 autem
564 1882 751 1922 Antias
784 1888 930 1922 contra
958 1882 1064 1922 hanc
1084 1882 1350 1922 decretorum
1376 1886 1498 1923 nie-8

41 1937 217 1978 moriam
239 1943 469 1989 contraque
487 1938 757 1979 auctoritates
774 1944 964 1979 ueterum
988 1939 1197 1979 annalium
1230 1945 1330 1990 post
1352 1940 1458 1979 Afri-

43 1994 136 2034 cani
173 2000 350 2035 mortem
388 1995 736 2036 intercessionem
770 1996 892 2036 istam
921 2007 998 2046 pro
1037 1995 1234 2045 Scipione
1268 1996 1455 2037 Asiatico

41 2051 193 2091 factam
213 2062 310 2092 esse
331 2063 356 2091 a
375 2052 537 2092 Tiberio
563 2053 750 2093 Graccho
773 2053 896 2100 dixit,
928 2064 1066 2102 neque
1098 2054 1267 2092 multam
1301 2053 1458 2103 irroga-

31 2111 126 2148 tam
147 2107 343 2160 Scipioni,
363 2110 441 2149 sed
457 2109 726 2160 dampnatum
742 2121 835 2149 eum
853 2111 1072 2160 peculatus
1092 2109 1145 2149 ob
1163 2109 1456 2150 Antiochinam

29 2164 277 2219 gpecuniam,
291 2165 418 2216 qui[a]
431 2167 610 2217 praedes
630 2178 713 2206 non
727 2168 855 2214 daret,
868 2167 907 2206 in
923 2178 1134 2206 carcerem
1147 2166 1241 2206 duci
1260 2173 1458 2218 coeptum

0 2224 5 2275 ζ
24 2220 170 2292 ῑξτᾳιιθ
185 2221 242 2262 ita
257 2222 541 2263 intercedente
561 2224 750 2264 Graccho
770 2229 1022 2274 exemptum.

3 2300 6 2305 ·
26 2275 268 2508 {Genava
1181 2279 1235 2320 14
