1619 2476
100 86 179 128 198
628 86 703 123 Vl.
730 86 852 132 (Vll.)
871 95 974 123 v1111.

66 200 202 239 sltem
224 198 266 237 P.
298 195 532 245 Nigidius
567 197 625 234 de
656 195 970 235 animalibus
1001 194 1131 235 libro
1166 196 1236 235 IL:
1281 197 1345 235 Vt
1375 206 1490 235 ser-

100 265 227 303 pens
271 252 319 291 si
362 251 659 298 memordit,
706 251 903 300 gallina
938 251 1192 301 deligitur
1237 256 1292 292 et.
1331 262 1490 302 oppo-

102 310 251 348 nitur.

63 391 84 424 6
101 389 200 426 Item
220 387 433 425 Plautus
456 383 495 422 in
516 384 811 425 Aulularia:

156 463 220 499 Vt
243 459 582 498 admemordit
604 457 868 498 hominem.

62 559 82 594 7
101 551 185 590 Sed
217 549 325 588 idem
362 550 573 588 Plautus
603 547 642 586 in
672 547 985 597 Trigeminis
1018 559 1152 598 neque
1191 550 1494 598 epraememor-

102 606 236 646 disse'
264 604 371 651 dicit,
397 605 470 644 sed
495 604 866 654 ‘pi-aeniorsisse':

156 679 263 721 Nisi
288 679 557 730 fugissem,
579 679 728 728 inquit,
754 679 991 727 medium,
1017 680 1198 727 credo,
1230 677 1496 730 praemor·

929 735 1103 775 sisset.

63 831 199 872 &Item
221 828 342 866 Atta
364 826 402 864 in
428 825 831 864 Conciliatrice:

162 933 198 942 ..
218 904 426 941 .Vrsum
449 899 502 939 se
524 901 870 941 memordisse
894 901 1138 941 autumat.

64 991 327 1042 9‘Peposci'
363 1002 543 1042 quoque,
577 1002 658 1029 non
691 991 930 1041 <poposci⁷,
962 991 1205 1031 Valerius
1229 991 1413 1031 Antias
1438 990 1495 1031 li-

102 1051 195 1088 bro
224 1046 482 1086 annalium
504 1047 646 1086 XLV.
672 1047 868 1097 scriptum
893 1047 1073 1097 reliquit:
1105 1047 1342 1096 Denique
1360 1047 1496 1086 Lici-

103 1105 222 1144 nius
264 1103 507 1142 tribunus
545 1103 691 1152 plebi
726 1104 1149 1153 perduellionem
1186 1103 1233 1142 ei
1266 1103 1397 1142 diem
1426 1103 1496 1142 di-

103 1161 174 1200 xit
206 1165 253 1198 et
283 1158 511 1198 comitiis
552 1158 679 1198 diem
711 1171 734 1198 a
764 1161 817 1198 M.
848 1160 1037 1199 Marcio
1078 1164 1326 1209 praetore
1363 1162 1494 1210 [pe-3

46 1232 90 1264 10
106 1216 287 1267 poscit.
326 1216 590 1264 pepugero
616 1226 747 1265 aeque
767 1217 889 1254 Atta
915 1216 953 1255 in
975 1214 1242 1255 Aedilicia
1264 1214 1378 1254 dicit:

163 1292 263 1331 Sed
287 1288 328 1330 si
347 1302 634 1341 pepugero,
659 1289 869 1329 metuet.

47 1395 87 1428 11
107 1380 305 1420 Aelium
348 1392 515 1429 quoque
557 1379 900 1418 Tuberoncm'
922 1378 1055 1419 libro
1105 1379 1163 1417 ad
1204 1379 1245 1418 C.
1284 1378 1496 1428 Oppium

107 1436 305 1486 scripto
337 1434 612 1475 ‘occecurrit'
647 1434 822 1482 dixisse,
862 1436 1062 1475 Probus
1094 1434 1308 1476 adnotauit
1331 1440 1370 1474 et
1392 1435 1494 1474 haec

106 1493 193 1532 eius
221 1492 349 1532 uerba
371 1491 582 1542 apposuit:
629 1490 679 1529 Si
707 1491 968 1539 generalis
1000 1491 1214 1541 species
1241 1501 1495 1530 occecur-

49 1562 92 1595 12
110 1549 247 1588 rerit.
308 1548 420 1588 Idem
448 1547 642 1587 Probus
671 1546 935 1587 Valerium
964 1546 1222 1586 Antiatem
1251 1547 1391 1587 libro
1426 1546 1495 1585 hi-

111 1604 390 1644 storiarum
430 1604 575 1644 XXII.
615 1614 670 1651 sp
684 1603 1006 1653 eponderant
1034 1602 1253 1653 scripsisse
1283 1602 1496 1643 annotauit

106 1661 316 1710 uerbaque
351 1659 439 1700 eius
474 1660 576 1699 haec
600 1658 761 1708 posuit:
799 1658 1038 1699 Tiberius
1077 1659 1361 1707 Gracchus,
1409 1657 1495 1709 qui

108 1721 360 1766 quaestor
384 1717 424 1756 C.
442 1715 677 1755 Mancino
701 1715 750 1753 in
774 1714 1024 1765 Hispania
1047 1715 1236 1762 fuerat,
1260 1719 1307 1754 et
1329 1714 1494 1754 ceteri

108 1773 195 1822 qui
219 1783 397 1822 pacem
420 1772 823 1822 speponderant.

51 1838 94 1871 13
191 1827 308 1869 Rat10
338 1833 474 1868 autem
494 1828 664 1867 istarum
688 1828 910 1867 dictionum
934 1828 1036 1867 haec
1065 1837 1160 1866 esse
1181 1824 1311 1866 uideri
1332 1832 1492 1877 potest:

109 1884 301 1934 quoniam
323 1884 466 1924 Graeci
486 1883 524 1923 in
548 1885 722 1934 quadam
745 1883 883 1933 specie
906 1881 1114 1933 praeteriti
1141 1882 1352 1933 temporis,
1382 1883 1495 1933 quod

109 1945 119 1962 ³
133 1940 484 1992 παρακείμενου’
509 1942 731 1992 appellant,
755 1940 980 1979 secundam
998 1937 1115 1979 uerbi
1132 1937 1287 1978 literam
1309 1939 1349 1978 in
1372 1950 1394 1978 e
1410 1933 1496 1989 ple?

109 2007 281 2045 rumque
304 2001 482 2044 uertunt,
507 2001 552 2035 ut
572 1993 730 2047 γράφω
752 1991 967 2048 γέγραφα,
995 1994 1109 2034 ποιῶ
1125 1994 1358 2047 πεποίηκα,
1375 1993 1495 2034 λαλῶ

51 2058 96 2092 14
112 2049 343 2104 λελάληκα,
365 2052 512 2103 κρατῶ
533 2049 795 2103 κεκράτηκα,
814 2049 933 2091 λούω
952 2048 1155 2102 λέλουκα,
1178 2049 1373 2100 sicigitur
1389 2061 1494 2089 mor-

109 2107 187 2146 deo
213 2108 433 2156 memordi,
472 2119 602 2158 posco
626 2107 818 2158 poposci,
856 2107 982 2147 tendo
1011 2105 1186 2153 tetendi,
1222 2111 1346 2156 tango
1371 2105 1493 2156 tetigi,

108 2173 248 2212 pungo
271 2163 436 2213 pepugi,
463 2175 582 2203 curro
606 2163 774 2210 cecurri,
801 2164 900 2203 tollo
924 2162 1049 2210 tetuli,
1074 2162 1263 2212 spondeo
1289 2161 1494 2212 spepondi

50 2225 94 2258 15
114 2217 219 2271 facit.
281 2219 347 2257 Sic
377 2221 430 2258 Μ.
460 2219 659 2259 Tullius
691 2225 729 2258 et
759 2220 799 2257 C.
830 2220 1018 2258 Caesar
1038 2218 1208 2258 mordeo
1233 2217 1494 2265 <memordi',

108 2284 247 2323 pungo
272 2275 487 2324 ‘pepugi’,
511 2276 698 2324 spondeo
723 2274 973 2324 espepondi'
997 2274 1198 2314 dlxerunt.
