1619 2476
136 54 191 96 82
761 44 808 83 11.
839 52 914 81 vn.

140 166 271 218 primo
293 164 332 203 in
357 165 449 202 loco
476 159 676 204 diximus,
710 167 811 196 uera
833 158 875 193 et
898 154 1033 204 proba
1055 149 1188 192 uideri
1213 151 1375 200 potest,
1407 144 1548 186 omnia

88 229 254 268 llesse,
289 230 395 270 quae
420 223 537 268 pater
560 214 747 259 iusserit,
781 210 1024 262 parendum.
1087 206 1192 258 Quid
1224 204 1360 245 enim?
1393 202 1429 242 si
1452 213 1546 253 pro·
1610 234 1611 237 ,

143 279 341 319 ditionem
358 273 533 325 patriae,
556 271 591 312 si
609 269 750 310 matris
769 278 932 315 necem,
952 266 988 306 si
1008 264 1089 306 alia
1106 262 1312 314 quaedam
1328 258 1549 310 imperabit
1608 277 1610 296 ι

87 334 274 385 12turpia
305 337 375 371 aut
406 329 561 380 impia?
591 326 727 366 Media
747 324 870 375 igitur
893 322 1100 362 sententia
1117 319 1272 371 optima
1288 322 1414 367 atque
1430 314 1548 355 tutis·
1607 336 1609 353 ;

144 393 246 432 sima
261 390 353 428 uisa
371 392 452 435 est,
487 385 693 435 quaedam
729 392 825 421 esse
852 380 1102 430 parendum,
1141 375 1347 426 quaedam
1374 384 1457 413 non
1477 371 1549 412 ob·
1604 385 1610 408 ι

91 456 131 491 13
144 446 418 497 sequendum.
481 442 566 482 Sed
584 452 633 480 ea
649 446 798 485 tamen,
820 448 928 486 quae
946 433 1123 485 obsequi
1139 444 1223 472 non
1241 434 1426 482 oportet,
1451 427 1550 468 leni·
1607 441 1610 467 ι

143 508 257 545 teret
272 500 511 542 uerecunde
529 509 577 537 ac
596 497 684 536 sine
695 493 972 535 detestatione
990 491 1115 531 nimia
1130 489 1306 538 sineque
1323 485 1550 537 obprobra-

145 562 257 601 tione
273 558 423 598 acerba
441 552 778 605 reprehensionis
799 549 1044 589 declinanda
1055 545 1212 587 sensim
1230 552 1271 584 et
1280 541 1552 592 relinquenda

147 628 241 658 essc
264 615 424 659 dicunt,
446 623 569 661 quam
588 608 839 659 respuenda.

92 682 135 715 14
229 670 449 712 Conclusio
473 680 574 708 uero
600 668 686 713 illa,
725 676 805 714 qua
830 662 1056 712 colligitur,
1093 658 1213 700 sicuti
1243 667 1372 707 supra
1396 654 1551 694 dietum

148 736 230 777 est,
255 728 351 767 nihil
369 726 475 778 patri
491 724 740 775 parendum.
766 720 996 771 inperfecta
1018 722 1083 757 est
1105 714 1361 763 refutarique
1386 722 1434 751 ac
1453 709 1552 750 dilui
1617 743 1619 752 ,

95 788 205 830 15sic
222 790 381 836 potest:
423 781 588 828 Omnia,
613 790 719 830 quae
736 778 775 817 in
793 778 918 816 rebus
941 773 1131 814 humanis
1149 772 1272 819 fiunt,
1297 770 1354 809 ita
1370 773 1416 808 ut
1439 766 1552 808 docti
1597 787 1619 810 .;

93 852 136 887 16
148 846 418 887 censuerunt,
451 844 522 879 aut
545 839 724 877 honesta
741 839 838 874 sunt
853 837 924 873 aut
941 831 1088 881 turpia.
1153 829 1267 878 Quae
1290 838 1367 867 sua
1381 824 1424 864 ui
1439 829 1554 864 recta
1615 875 1616 878 Ἴ

150 905 219 940 aut
235 900 413 938 honesta
430 900 544 942 sunt,
563 900 607 933 ut
628 894 751 932 fidem
769 892 919 937 colere,
939 888 1112 938 patriam
1131 884 1357 926 defendere
1370 914 1380 930 ‚
1393 886 1440 921 ut
1457 880 1554 920 ami·
1593 903 1595 906 -

151 968 223 996 cos
243 955 433 1003 diligere,
453 964 502 991 ea
523 951 611 990 sieri
629 954 814 999 oportet,
837 946 927 986 siue
943 945 1119 994 imperet
1135 947 1255 993 pater
1272 940 1364 980 siue
1381 949 1465 978 non
1483 937 1556 976 im·
1613 963 1619 974 ,

94 1021 135 1056 17
147 1018 277 1063 peret.
312 1011 395 1050 Sed
415 1020 521 1059 quac
543 1007 605 1046 his
625 1004 832 1046 contraria
850 1012 1042 1053 quaeque
1057 999 1206 1050 turpia,
1227 996 1394 1038 omnino
1413 995 1556 1044 iniqua
1614 1023 1619 1032 .

95 1077 138 1111 18
149 1074 264 1114 sunt,
300 1079 348 1107 ea
373 1078 424 1105 ne
451 1065 485 1105 si
502 1065 677 1114 imperet
694 1061 874 1110 quidem.
937 1059 1050 1107 Quae
1065 1067 1167 1096 uero
1185 1055 1225 1094 in
1246 1052 1383 1093 medio
1403 1055 1500 1091 sunt
1515 1054 1557 1090 et
1614 1071 1619 1106 ς

151 1139 174 1165 a
190 1124 358 1165 Graecis
378 1128 462 1162 tum
477 1119 637 1172 (με’σαζ
657 1125 740 1158 tum
761 1122 772 1140 ‘
785 1110 1035 1167 ἀδιάφορα’
1053 1113 1335 1164 appellantur,
1366 1113 1412 1148 ut
1427 1107 1468 1147 in
1485 1107 1555 1146 mi-

151 1183 277 1221 litiam
292 1181 370 1225 ire,
396 1190 468 1218 rus
488 1179 645 1222 colere,
672 1176 854 1214 honores
873 1181 1116 1222 capessere,
1150 1178 1299 1208 causas
1317 1164 1556 1212 defendere,
1594 1180 1619 1210 ,-

151 1249 327 1279 uxorem
361 1236 533 1281 ducere,
566 1238 611 1273 ut
635 1232 793 1271 iussum
814 1226 1046 1279 proficisci,
1071 1230 1117 1266 ut
1133 1223 1381 1265 accersitum
1397 1219 1556 1268 uenire,
1615 1244 1619 1266 ς

155 1294 349 1345 quoniam
368 1297 409 1331 et
424 1292 527 1330 haec
544 1294 585 1329 et
600 1288 663 1327 his
682 1285 827 1326 similia
842 1295 918 1335 per
935 1295 980 1323 se
996 1283 1089 1333 ipsa
1104 1291 1242 1331 neque
1257 1280 1436 1320 honesta
1460 1281 1558 1317 sunt
1618 1301 1619 1305 =

154 1362 291 1400 neque
309 1348 463 1398 turpia,
484 1346 571 1391 sed,
589 1343 764 1394 proinde
781 1347 826 1382 ut
841 1353 866 1381 a
881 1340 1001 1380 nobis
1019 1343 1215 1389 aguntur,
1238 1336 1295 1376 ita
1311 1335 1414 1386 ipsis
1432 1333 1558 1374 actio·
1609 1357 1619 1380 y

154 1408 276 1448 nibus
309 1410 379 1446 aut
400 1402 618 1455 probanda
641 1400 744 1439 fiunt
765 1404 836 1438 aut
859 1395 1224 1448 reprehendenda:
1259 1396 1485 1444 propterea
1515 1388 1559 1429 in
1584 1390 1585 1393 ’

156 1462 362 1505 eiusmodi
380 1461 561 1501 omnium
578 1469 716 1497 rerum
731 1454 954 1505 generibus
972 1452 1079 1504 patri
1095 1450 1327 1502 parendum
1344 1459 1440 1489 esse
1465 1458 1559 1487 cen·

157 1527 269 1569 sent,
300 1518 428 1559 ueluti
449 1517 483 1557 si
496 1526 672 1557 uxorem
688 1514 841 1553 ducere
858 1511 1034 1561 imperet
1049 1513 1120 1549 aut
1136 1518 1286 1548 causas
1303 1517 1380 1557 pro
1399 1504 1482 1544 reis
1501 1502 1560 1542 di·
1613 1526 1619 1541 r

99 1584 144 1619 19
155 1589 262 1618 cere.
326 1575 446 1626 Quod
473 1573 580 1614 enim
603 1576 825 1619 utrumque
850 1568 890 1607 in
915 1578 1069 1617 genere
1092 1565 1185 1616 ipso
1209 1575 1286 1615 per
1308 1573 1405 1603 sese
1421 1570 1560 1610 neque

155 1636 378 1675 honestum
402 1642 538 1681 neque
568 1635 689 1678 turpe
712 1632 795 1673 est,
828 1624 1003 1669 idcirco,
1039 1622 1073 1662 si
1104 1626 1223 1672 pater
1246 1620 1405 1666 iubeat,
1439 1618 1552 1658 obse·
1592 1635 1617 1661 ψ

98 1698 142 1732 20
155 1692 365 1742 quendum
384 1694 460 1729 est.
499 1687 583 1727 Sed
603 1685 709 1725 enim
726 1683 761 1723 si
776 1682 970 1732 imperet,
988 1689 1163 1719 uxorem
1180 1677 1334 1717 ducere
1350 1675 1559 1721 infamem,
1594 1684 1616 1719 ἰΑΔ

157 1748 471 1798 propudiosani,
493 1743 755 1784 criminosam
773 1743 843 1779 aut
859 1749 933 1788 pro
954 1747 1025 1776 reo
1046 1734 1215 1775 Catilina
1234 1732 1373 1782 aliquo
1398 1735 1469 1771 aut
1483 1730 1561 1769 Tu·
1596 1731 1615 1760 ἰ

156 1805 255 1845 bulo
290 1810 360 1844 aut
380 1804 423 1842 P.
451 1800 593 1842 Clodio
627 1808 795 1839 causam
822 1795 980 1840 dicere,
1011 1803 1094 1832 non
1129 1790 1288 1832 scilicet
1316 1787 1561 1839 parendum,
1604 1808 1611 1818 i-

161 1862 356 1911 quoniam
372 1859 599 1899 accedente
615 1855 752 1904 aliquo
769 1849 1033 1903 turpitudinis
1054 1859 1226 1888 numero
1245 1845 1441 1886 desinunt
1463 1853 1562 1884 esse

106 1924 231 1967 21per
249 1930 345 1958 sese
362 1917 465 1956 haec
484 1914 620 1954 media
645 1918 769 1961 atque
793 1905 1084 1949 indifferentia.
1143 1906 1235 1945 Non
1266 1911 1375 1952 ergo·
1397 1901 1562 1950 integra

162 1980 227 2014 est
244 1971 475 2025 propositio
496 1970 717 2011 dicentium
735 1972 822 2007 ‘aut
837 1967 1015 2006 honesta
1031 1966 1146 2009 sunt,
1173 1970 1281 2010 quae
1295 1958 1474 2008 imperat
1489 1967 1562 2007 pa·
1611 1977 1616 1999 2

103 2035 232 2079 mter,
251 2036 323 2072 aut
336 2029 511 2080 turpia'‚
527 2038 664 2077 neque
686 2019 840 2076 ὑγιὲς
857 2027 897 2062 et
913 2017 1152 2072 νόμιμον
1170 2011 1563 2067 διεζευγμένον
1618 2037 1619 2041 ,

161 2087 294 2128 uideri
325 2092 479 2138 potest.
539 2086 667 2125 Deest
688 2081 795 2122 enim
820 2075 1061 2119 diiunctioni
1086 2074 1156 2115 isti
1181 2071 1367 2114 tertium:
1401 2074 1563 2120 ‘neque
1615 2090 1619 2095 v

161 2145 339 2185 honesta
356 2149 453 2184 sunt
468 2153 604 2192 neque
620 2138 793 2189 turpia'.
841 2135 960 2185 Quod
976 2133 1012 2173 si
1032 2130 1217 2179 additur,
1248 2139 1333 2170 non
1349 2130 1492 2180 potest
1506 2125 1564 2166 ita

164 2201 374 2242 concludi:
403 2205 415 2223 ³
427 2209 651 2248 numquam
668 2200 731 2236 est
754 2193 875 2244 igitur
889 2189 997 2243 patri
1012 2188 1282 2242 parendum’.
