1603 2508
735 85 763 125 1.
799 96 858 124 xl.
1428 86 1484 128 53

103 234 105 236 v
132 203 246 244 Ecce
276 205 417 241 autem
447 211 526 251 per
556 199 741 240 tibicinia
767 199 976 240 Laconica
1011 199 1135 240 tibiae
1170 211 1342 251 quoque
1367 201 1476 243 illius
1495 209 1540 243 10

51 258 339 303 contionariae
356 257 397 298 in
415 262 598 298 mentem
617 257 756 305 uenit,
790 269 935 308 quam,
971 258 1013 297 C.
1033 258 1275 298 Graccho
1296 269 1390 299 cum
1408 271 1482 310 po-

45 319 147 371 pulo
179 320 352 368 agente,
386 314 579 367 praeisse
612 326 661 355 ac
693 315 1063 366 praeministrasse
1098 315 1295 356 modulos
1330 317 1481 357 ferunt.

47 375 133 417 Sed
150 384 423 426 nequaquam
439 372 501 413 sic
519 378 605 422 est,
637 377 724 412 uta
740 374 868 423 uulgo
890 372 1060 420 dieitur,
1096 384 1248 413 canere
1269 374 1366 414 tibia
1383 375 1479 415 soli·
1493 383 1538 417 11

47 438 154 482 tum,
175 432 246 483 qui
264 442 377 483 pone
396 442 491 470 eum
510 431 756 481 loquentem
774 435 921 478 staret,
943 435 983 470 et
1000 431 1128 470 uariis
1148 431 1286 471 modis
1304 436 1391 472 tum
1410 433 1480 472 de-

44 491 232 531 mulcere
249 488 431 529 animum
449 488 746 538 actionemque
764 487 867 535 eius,
880 492 966 527 tum
985 488 1218 528 intendere.
1246 490 1352 539 Quid
1371 491 1481 530 enim
1495 497 1538 533 12

45 549 156 589 foret
173 552 239 588 sta
256 558 303 587 re
319 545 523 596 ineptius,
557 545 612 593 si,
646 551 690 585 ut
707 545 921 596 planipedi
941 546 1131 594 saltanti,
1164 546 1220 585 ita
1240 548 1477 588 Graccho

46 603 307 648 contionanti
331 614 533 644 numeros
560 608 600 642 et
629 603 782 644 modos
810 609 849 642 et
876 605 1241 654 frequentamenta
1271 606 1478 655 quaedam

43 663 162 705 uaria
192 661 346 703 tibicen
378 660 610 701 incineret?
645 660 729 701 Sed
758 661 827 711 qui
853 662 933 701 hoc
960 661 1217 712 compertius
1246 663 1473 703 memoriae
1492 670 1537 706 13

45 719 326 768 tradiderunt,
345 718 517 759 stetisse
534 718 574 758 in
594 718 963 759 circumstantibus
983 719 1127 759 dicunt
1143 720 1371 768 occultius,
1407 722 1476 771 qui

43 772 185 820 fi'stula
200 776 320 818 breui
338 776 496 817 sensim
513 776 828 827 grauiusculum
849 788 1002 817 sonum
1019 777 1244 827 inspiraret
1269 779 1321 817 ad
1348 779 1477 829 repri-

43 835 244 876 mendum
271 834 593 885 sedandumque
636 834 815 885 impetus
837 834 956 874 uocis
990 835 1094 874 eius.
1158 835 1534 880 Efferuescenten

42 904 225 945 namque
250 892 421 944 inpulsu
440 897 481 932 et
503 891 702 932 instinctu
722 898 923 932 extraneo
944 893 1144 933 naturalis
1164 892 1231 932 illa
1250 894 1281 933 G
1296 906 1379 934 rac
1393 895 1476 935 chi

41 950 309 993 uehementia
323 949 578 1001 indiguisse,
599 962 703 997 nou,
725 950 888 1000 opinor,
914 951 1193 991 existimanda
1211 957 1288 991 est.
1336 953 1390 992 M.
1412 958 1471 992 ta·
1487 960 1532 994 15

41 1019 139 1050 men
158 1008 343 1050 Cicero
372 1008 651 1048 fistulatorem
678 1007 802 1047 istum
821 1007 987 1057 utrique
1007 1008 1064 1048 rei
1085 1009 1315 1049 adhibitum
1334 1021 1431 1050 esse
1449 1022 1473 1050 a

44 1067 284 1108 Graccho
305 1070 434 1117 putat,
455 1070 499 1105 ut
518 1065 649 1112 sonis,
665 1071 749 1105 tum
766 1065 944 1115 placidis
966 1072 1052 1105 tum
1073 1066 1304 1107 citatis.aut
1321 1068 1473 1108 demis-

43 1135 135 1166 sam
166 1124 460 1174 iacentemque
494 1122 728 1163 orationem
762 1123 851 1162 eius
885 1123 1066 1173 erigeret
1101 1130 1173 1164 aut
1199 1125 1472 1166 ferocientem

44 1181 390 1231 saeuientemque
403 1180 630 1221 cohiberet.
650 1182 791 1221 Verba
807 1181 937 1231 ipsius
958 1181 1233 1222 Ciceronis
1258 1183 1460 1234 apposui:
1486 1191 1531 1228 16

41 1239 227 1289 Itaque
256 1238 392 1278 idem
428 1237 720 1285 Gracchus,
773 1238 913 1288 quod
945 1245 1100 1289 potes
1134 1240 1337 1289 audire,
1387 1242 1472 1281 Ca-

41 1297 172 1345 tule,
212 1307 272 1336 ex
312 1295 514 1336 Licinio
564 1295 761 1336 cliente
809 1302 916 1342 tuo,
965 1297 1182 1337 literato
1236 1297 1442 1339 homine
1462 1331 1472 1346 ‚

0 1364 197 1408 ,quem
240 1365 450 1394 seruum
491 1352 593 1393 sibi
631 1353 720 1393 ille
763 1354 944 1394 hahuit
981 1356 1040 1394 ad
1076 1367 1301 1403 manum,
1350 1367 1471 1396 cum

0 1426 22 1455 a
42 1411 268 1452 eburnea
307 1411 503 1452 solitus
550 1416 630 1450 est
683 1412 876 1451 hibere
924 1412 1139 1461 tistula,
1189 1413 1274 1464 qui
1307 1418 1474 1453 staret

0 1469 255 1513 rocculte
279 1474 401 1520 post
425 1468 595 1519 ipsum
623 1480 731 1508 cum
767 1469 1211 1518 contionaretur,
1246 1471 1471 1522 peritum

0 1523 326 1576 'hominem
390 1526 475 1577 qui
521 1527 740 1565 inflaret
793 1528 907 1566 cele
922 1541 940 1566 l
952 1528 1054 1567 iter
1098 1540 1209 1568 eum
1254 1540 1470 1577 sonum,

43 1583 132 1635 qui
169 1583 315 1624 illum
347 1589 435 1624 aut
466 1583 743 1624 remissum
778 1585 1042 1625 excitaret
1076 1592 1162 1625 aut
1195 1598 1218 1625 a
1252 1591 1471 1626 conten·

39 1640 190 1683 tione
229 1646 529 1682 reuocaret.

21 1731 30 1745 ,
128 1699 290 1739 Morem
323 1704 462 1740 autem
493 1699 606 1739 illum
641 1698 902 1749 ingrediendi
935 1701 987 1739 ad
1020 1701 1234 1740 tibicinum
1269 1701 1466 1741 modulos
1486 1705 1529 1743 1⁷

16 1756 190 1813 fproelii
219 1756 453 1798 institutum
487 1767 584 1797 esse
616 1768 640 1796 a
671 1756 1024 1805 Lacedaemonis,
1060 1759 1387 1798 Aristotcles
1421 1758 1469 1799 in

39 1813 196 1855 libris
248 1815 652 1866 problemato[n]
695 1814 884 1865 scripsit,
934 1827 1017 1865 quo
1060 1815 1321 1856 manifestior
1353 1818 1473 1856 tieret

27 1871 388 1926 :exploratiorque
404 1872 577 1912 militum
595 1872 801 1912 securitas
820 1878 861 1911 et
878 1874 1085 1913 alacritas.
1127 1877 1137 1896 ‘
1153 1874 1253 1914 Nam
1277 1874 1466 1913 diffiden-
1486 1879 1530 1915 18

29 1928 164 1981 jtiae’,
182 1929 335 1981 inquit,
356 1933 423 1970 ‘et
440 1930 578 1970 timori
596 1941 690 1970 cum
709 1941 974 1979 11101t<slone
992 1930 1469 1971 huluQemOdlmlnlme

31 1985 244 2028 conuenit
260 1992 302 2028 et
318 1988 466 2028 maesti
484 1992 610 2038 atque
630 1987 904 2028 formidantes
923 1989 974 2027 ab
992 1990 1069 2029 hac
1090 1995 1171 2028 tam
1197 1988 1406 2040 intrepida
1421 2000 1470 2028 ac

0 2063 17 2092 ,ι-
34 2078 47 2090 „
70 2060 73 2077 ι
112 2062 119 2081 ι
145 2044 539 2086 decoraincedendi
559 2045 712 2086 modul
706 2044 844 2084 itione
863 2045 984 2086 alieni
1003 2052 1114 2087 sunt.
1119 2050 1131 2068 '
1172 2048 1211 2085 V
1214 2046 1314 2086 erba
1331 2057 1468 2097 pauca
1485 2054 1529 2091 19

11 2098 362 2156 ,ρι’ἰεῑοῐείἰε
396 2114 527 2155 super
559 2114 609 2143 ea
640 2114 684 2142 re
719 2103 921 2153 apposui:
971 2099 1077 2144 Διὰ
1097 2104 1188 2170 ‚U'’
1233 2098 1471 2144 ἐπειδὰν

4 2154 420 2231 ᾗινδυνεύειν
477 2157 808 2226 μέλλωσιν,
848 2155 986 2210 ποός
1042 2155 1220 2202 αὐλὸν
1282 2158 1470 2215 ἐμβαί-

10 2216 277 2281 3ξ,,ουσιν;
325 2215 418 2259 ἵνα
453 2212 584 2266 τοὺς
619 2212 839 2266 δειλοὺς
870 2213 1337 2272 ἀσχημονοῦντας
1375 2233 1428 2272 γι
1447 2242 1470 2249 -

2 2266 350 2333 9ᾖᾶῦσκωσιν.
