1619 2476
147 55 230 96 144
758 55 843 94 1111.
868 66 923 95 vr.

145 255 273 290 Verba
287 254 424 289 ueteris
441 253 757 288 senatusconsulti
779 253 861 297 sita,
889 263 960 298 quo
981 252 1172 288 decretum
1185 255 1254 296 est,
1274 251 1408 288 hostiis
1425 252 1542 287 maio·

202 311 303 346 ribus
329 308 577 355 expiandum,
609 308 709 355 quod
731 309 768 344 in
789 309 955 345 sacrario
978 308 1109 344 hastae
1132 308 1288 344 Martiae
1311 309 1539 351 mouissent;

204 370 312 412 atque
335 367 383 401 ibi
407 369 639 409 enarratum,
672 365 762 411 quid
785 365 857 400 sint
877 364 1023 400 hostiae
1047 363 1319 408 succidaneae,
1342 364 1432 410 quid
1453 365 1541 399 item

203 433 321 469 porca
350 421 627 468 praecidanea;
666 426 701 456 et
739 421 841 468 quod
874 420 1003 468 Capito
1034 420 1166 456 Ateius
1204 420 1316 455 serias
1356 419 1540 466 quasdam

203 478 478 526 praecidaneas
501 478 718 524 appellauit.

111 575 130 608 1
232 566 288 603 Vt
312 567 488 604 eterram
511 563 719 603 mouisse'
744 563 922 603 nuntiari
955 565 1063 603 solet
1092 573 1225 612 eaque
1255 574 1323 602 res
1345 573 1540 613 procura-

147 626 232 668 tur,
258 620 312 659 ita
333 620 380 659 in
401 620 676 659 ueteribus
709 619 971 658 memoriis
997 619 1196 668 scriptum
1217 618 1412 668 legimus,
1440 630 1541 657 nun-

150 677 292 716 tiatum
316 688 411 716 csse
435 676 616 722 senatui,
638 676 677 714 in
703 675 885 715 sacrario
907 675 947 714 in
968 675 1081 724 regia
1102 675 1242 714 hastas
1265 675 1432 714 Martias
1454 686 1540 713 mo-

108 743 130 776 2
147 733 274 772 uisse.
314 732 412 772 Eius
437 732 497 771 rei
519 743 645 771 causa
664 733 1073 771 senatusconsultum
1094 733 1246 770 factum
1263 735 1328 770 est
1342 732 1396 770 M.
1414 733 1542 769 Anto-

149 789 215 828 nio
249 791 300 828 A.
334 788 546 828 Postumio
571 787 834 835 consulibus,
877 787 1050 837 eiusque
1081 788 1316 837 exemplum
1349 787 1429 826 hoc
1459 791 1540 825 est:

150 846 289 894 Quod
322 846 362 884 C.
394 845 578 891 Iulius,
609 845 652 882 L.
685 844 854 892 silius,
892 843 1140 894 pontifex
1176 842 1457 890 nuntiauit,
1494 842 1543 880 in

149 901 386 941 sacrario
424 900 602 949 regiae
637 901 822 939 hastas
854 899 1069 939 Martias
1101 899 1355 947 mouisse,
1398 900 1456 938 de
1487 909 1544 937 ea

149 969 202 996 re
232 957 305 996 ita
328 961 665 1003 censuerunt,
689 956 764 995 uti
786 957 838 995 M.
860 956 1122 995 Antonius
1145 956 1330 995 consul
1350 954 1542 995 hostiis

150 1013 440 1053 maioribus
473 1012 585 1052 Ioui
631 1016 678 1050 et
710 1012 862 1051 Marti
898 1016 1220 1062 procuraret
1254 1015 1302 1050 et
1341 1010 1542 1051 ceteris

152 1069 252 1117 dis,
279 1070 463 1119 quibus
486 1069 776 1116 uideretur,
802 1069 1128 1118 placand[is].
1187 1069 1305 1107 Ibus
1328 1068 1402 1107 uti
1423 1078 1542 1118 pro—

152 1130 400 1166 curasset
435 1125 567 1164 satis
605 1125 896 1164 habendum
933 1128 1269 1164 censuerunt.
1332 1123 1384 1162 Si
1420 1122 1540 1174 quid

152 1181 487 1221 succidaneis
513 1193 645 1230 opus
666 1186 832 1229 esset,
857 1181 1020 1221 robiis
1043 1180 1358 1221 succideret.

108 1246 130 1281 3
234 1239 353 1287 Quod
379 1237 701 1277 <succidaneas'
735 1237 894 1277 hostias
924 1242 1094 1277 senatus
1126 1236 1370 1287 appellauit,
1401 1235 1543 1285 quaeri

109 1302 133 1336 4
150 1296 275 1341 solet,
302 1293 400 1343 quid
419 1294 593 1332 uerbum
615 1293 656 1331 id
679 1293 896 1341 significet.
931 1295 974 1332 In
995 1293 1165 1332 Plauti
1187 1303 1354 1342 quoque
1379 1302 1544 1331 comoe-

151 1350 237 1398 dia,
261 1361 366 1398 quac
388 1349 635 1399 Epidicus
657 1348 855 1398 inscripta
876 1353 959 1396 est,
984 1360 1111 1398 super
1128 1349 1276 1388 eodem
1296 1347 1388 1397 ipso
1411 1347 1540 1387 uerbo

149 1405 304 1455 requiri
328 1405 449 1444 audio
474 1404 514 1443 in
539 1404 601 1443 his
626 1403 842 1444 uersibus:

206 1483 321 1523 Men
371 1481 687 1533 piacularem
730 1487 944 1533 oportet
988 1480 1106 1521 fieri
1156 1483 1215 1522 ob
1265 1479 1542 1521 stultitiam

981 1544 1131 1586 tuam,

206 1592 281 1635 'Vt
318 1607 479 1636 meum
517 1600 718 1645 tergum
748 1594 868 1640 tuae
908 1594 1175 1635 stultitiae
1206 1593 1396 1634 subdas
1428 1603 1541 1632 suc-

982 1649 1284 1690 cidaneum?

113 1751 135 1786 5
238 1742 569 1782 ‘Succidaneae'
602 1746 739 1781 autem
767 1740 977 1780 ‘hostiae’
1018 1740 1232 1788 dicuntur,
1272 1743 1353 1788 a[e]
1391 1738 1539 1786 liter[a]

152 1810 228 1848 per
263 1810 421 1838 morem
457 1797 677 1847 compositi
713 1797 907 1837 uocabuli
945 1797 985 1835 in
1016 1797 1057 1845 [i]
1089 1796 1246 1835 literam
1275 1797 1541 1844 [tramutataJ.

113 1856 252 1899 6Nam
275 1855 393 1904 quasi
418 1854 779 1894 esuccaedaneac'
812 1855 1062 1903 appellatam
1096 1852 1310 1902 quoniam,
1341 1851 1376 1891 si
1401 1849 1543 1901 primis

153 1910 298 1950 hostiis
322 1911 479 1950 litatum
511 1921 593 1949 non
625 1914 732 1957 erat,
766 1909 868 1948 aliae
897 1914 995 1960 post
1021 1909 1190 1948 easdem
1214 1909 1362 1949 ductae
1383 1907 1543 1947 hostiae

153 1967 455 2014 caedebantur-3
480 1977 585 2015 quac
615 1966 729 2015 quia,
759 1965 965 2015 prioribus
994 1965 1074 2004 iam
1104 1965 1258 2012 caesis,
1289 1963 1430 2003 luendi
1460 1962 1543 2012 pia·
1594 2007 1599 2014 „

154 2023 233 2062 culi
254 2024 385 2072 gratia
407 2023 692 2063 subdebantur
709 2027 749 2061 et
765 2022 1105 2070 succidebantur,
1126 2025 1138 2044 ἵ
1151 2020 1448 2061 succidaneae'
1472 2029 1544 2058 no·

153 2079 351 2127 minatae,
389 2079 505 2118 litera
539 2078 552 2116 i
581 2078 738 2118 scilicet
763 2078 922 2117 tractim
950 2077 1233 2128 pronuntiata:
1271 2075 1394 2116 audio
1436 2074 1543 2114 enim

155 2136 359 2183 quosdam
381 2146 470 2174 eam
494 2134 652 2173 literam
674 2134 713 2173 in
735 2135 811 2173 hac
834 2145 940 2173 uoce
963 2134 1137 2173 barbare
1159 2132 1381 2183 corripere.

115 2195 135 2230 7
238 2191 392 2229 Eadem
416 2195 552 2230 autem
574 2190 732 2230 ratione
752 2190 869 2230 uerbi
899 2195 910 2212 ³
924 2189 1247 2240 praecidaneae'
1282 2199 1450 2238 quoque
1471 2187 1544 2227 ho-
1596 2200 1600 2205 ·

153 2245 255 2285 stiae
288 2246 495 2294 dicuntur,
528 2258 633 2296 quae
660 2252 755 2286 ante
786 2245 987 2286 sacrificia
1018 2244 1263 2297 sollempnia
1290 2243 1422 2295 pridie
1451 2253 1543 2283 cae-
