1619 2476
112 37 158 69 VI
423 37 640 70 VARIETAS
662 36 887 69 LECTIONIS
912 37 1238 74 GRONOVIANAE.

111 129 298 171 attigimus.
323 135 354 160 at
388 126 405 173 ΙΙ
441 128 484 161 33
510 129 666 161 uidentur
690 148 737 154 -—
758 139 825 161 non
851 135 901 160 est
930 126 948 174 ΙΙ
985 128 1030 162 34
1055 139 1114 161 om.
1145 140 1165 161 a
1187 148 1233 154 —
1260 131 1290 161 si
1314 132 1384 170 qui,
1409 141 1494 171 quae
1514 147 1560 156 —-

110 175 330 216 prouideant;
351 173 358 218 Ι
388 175 616 216 Aequiparent
647 194 693 200 —
713 173 733 195 *
755 174 846 206 Nihil
881 172 895 219 ΙΙ
930 175 974 208 35
994 175 1143 207 dicturos
1169 185 1206 207 se
1225 195 1274 201 —-
1296 186 1356 210 om.
1386 175 1455 208 eos‘
1473 173 1490 220 ΙΙ
1530 177 1560 209 11

114 221 131 252 1
156 222 190 252 in
211 218 232 240 *
249 231 359 252 rerum
384 221 520 262 quidem
553 220 570 261 ΙΙ
604 220 643 252 11
672 221 714 253 de
741 221 896 252 omnibus
921 231 1006 263 quae
1037 217 1055 266 ΙΙ
1085 222 1126 253 21
1147 219 1168 243 *
1190 220 1407 264 (maiorum)]
1431 232 1559 255 memo-

111 268 182 298 riae
213 264 229 308 ΙΙ
257 265 300 298 26
332 266 468 298 fecisset
500 264 515 309 ΙΙ
556 266 599 297 ΙΙΙ
635 268 648 298 l
677 267 918 299 coniectatoria
948 267 966 311 ΙΙ
991 270 1014 299 4
1037 277 1143 308 usque
1168 268 1252 300 adeo
1285 263 1301 311 ΙΙ
1328 267 1349 301 6
1372 270 1502 300 notauit
1529 265 1544 312 ΙΙ

108 312 131 344 9
153 312 301 343 fautores
336 310 351 356 ΙΙ
383 313 446 344 IIII
470 313 492 343 4
512 322 572 344 om.
600 309 663 343 καὶ
688 307 844 344 ἔντονον
880 310 898 356 ΙΙ
928 313 958 344 V
981 314 1001 345 2
1025 313 1132 346 cliuus
1159 318 1191 345 et
1213 314 1338 345 similia
1359 315 1495 346 nomina
1520 324 1560 346 us

110 357 243 400 syllaba
267 355 282 401 ΙΙ
315 357 336 390 3
357 363 445 391 tenet
480 355 495 402 ΙΙ
525 359 547 390 4
573 364 608 389 ut
632 363 663 390 et
688 359 902 391 aduersarius
920 377 965 383 —
984 369 1065 391 casu
1089 359 1207 391 eodem
1235 356 1250 403 ΙΙ
1282 360 1328 392 VI
1357 360 1373 391 1
1398 360 1560 391 doctrinis

111 404 300 445 omnigenis
331 402 348 446 ΙΙ
374 404 394 437 3
420 405 519 436 domo
542 404 559 420 *
585 398 783 446 οῗὸιρῆνες;
815 415 916 446 quam
943 402 959 449 ΙΙ
993 407 1015 437 4
1041 416 1048 443 ;
1072 404 1088 422 *
1110 405 1190 437 item
1215 405 1259 448 et]
1290 431 1297 439 .
1324 406 1363 437 Id
1388 406 1489 438 etiam
1513 424 1560 428 —

108 450 229 482 eodem
251 460 383 491 quoque
406 467 447 473 —
474 450 672 482 Macedonia
697 470 740 475 —
764 448 917 482 *Sithon
941 451 1029 483 dicta
1055 452 1097 483 sit
1122 469 1168 473 —
1191 449 1208 468 *
1228 451 1347 483 Seston
1371 449 1388 495 ΙΙ
1419 453 1439 484 5
1460 457 1559 492 atque

109 497 188 528 item
206 493 223 540 ΙΙ
237 496 301 527 VII
318 497 334 528 1
356 495 414 528 Cn.
432 497 614 538 Pompeius
636 496 750 528 consul
766 498 912 538 primum
930 494 945 541 ΙΙ
970 498 990 529 2
1006 507 1117 528 rerum
1138 497 1238 529 etiam
1255 507 1378 539 expers
1393 495 1410 540 ΙΙ
1434 497 1456 528 4
1480 507 1560 529 cou-

107 542 217 574 sulem
230 559 273 565 —
289 552 353 574 usu
370 538 385 585 ΙΙ
402 543 424 574 4
435 553 486 584 sq.
502 542 621 574 fuisse.
634 543 727 574 addit
743 542 864 574 deinde
880 540 895 586 ΙΙ
914 544 933 575 5
949 543 1201 575 constituendae
1217 540 1232 586 ΙΙ
1251 542 1293 575 13
1307 543 1392 574 libro
1406 540 1427 563 *
1440 543 1559 575 ducen-

107 588 228 619 tesimo
252 589 532 631 quinquagesimo
559 597 646 620 nono
664 606 707 611 —
721 589 823 620 etiam
843 589 874 620 in
903 589 944 620 iis
961 586 977 632 ΙΙ
999 590 1078 622 VIII
1100 589 1120 620 2
1145 588 1443 621 Coniectaneorum
1459 586 1480 608 *
1499 588 1559 620 du-

107 635 292 666 centesimo
329 635 612 677 quinquagesimo
651 644 738 666 nono
776 651 821 657 —
849 645 922 666 esse
958 637 974 651 ¹*
1000 634 1197 677 Capitonem
1219 635 1391 667 Tuberoni
1428 631 1444 678 ΙΙ

201 680 284 710 XV.
326 680 340 711 I
373 681 394 712 2
425 705 431 711 .
458 690 518 711 nos
550 690 629 723 ergo
656 697 697 703 —
729 690 830 720 quum
857 681 978 712 deinde
1014 679 1021 724 1
1064 683 1086 712 4
1110 681 1211 721 Atqui
1243 677 1259 724 ΙΙ
1291 682 1312 712 7
1336 681 1421 712 Tum
1439 700 1485 706 —-
1510 684 1560 711 est

106 730 140 757 et
162 730 315 768 tempore
343 736 466 767 magno
494 726 611 757 eduxit
644 724 660 769 ΙΙ
693 727 720 757 Il
749 727 995 757 existimauerit
1038 724 1042 769 Ι
1084 727 1100 758 1
1125 737 1161 758 se
1185 736 1259 758 esse
1297 723 1303 770 Ι
1337 725 1358 758 3
1384 736 1481 758 omne
1509 726 1559 757 in·

106 773 244 814 genium
272 768 293 815 ΙΙ
325 772 346 804 6
372 773 547 812 uirtusque
571 769 586 815 ΙΙ
619 773 663 804 III
686 772 701 803 1
730 782 790 804 om.
816 772 861 804 M.
885 769 901 815 ΙΙ
935 772 956 804 6
979 782 1040 804 om.
1064 783 1071 803 :
1099 777 1250 804 aestumo
1281 769 1288 815 Ι
1330 773 1350 804 7
1368 770 1560 804 *licentiae

123 815 138 860 ΙΙ
170 817 192 849 8
218 827 276 850 om.
307 840 315 855 ‚
341 822 388 849 et:
406 811 599 860 ’Ἀβρομοι,
627 811 779 859 αὗίαχοι
811 814 831 861 ΙΙ
868 818 928 849 IIII
949 817 970 850 3
992 829 1025 849 u.
1047 817 1068 851 3
1093 818 1176 850 Nam
1199 817 1309 850 mulos
1337 815 1352 862 ΙΙ
1384 818 1414 850 V
1435 819 1456 850 2
1482 827 1560 859 pro-

108 863 226 906 {ligata
246 864 325 897 iam.
353 860 368 906 ΙΙ
392 863 412 896 3
436 864 639 896 Bamasculo
661 861 680 908 ΙΙ
703 865 725 896 4
745 863 816 902 illa,
838 864 958 904 inquit,
980 874 1057 907 neg.
1083 861 1099 907 ΙΙ
1122 864 1181 896 VII
1201 864 1217 896 1
1242 870 1292 896 cst
1311 865 1345 895 in
1367 864 1559 896 senioribus

107 908 279 950 plerisque
306 910 475 950 011111111115,
501 907 516 953 ΙΙ
541 909 561 942 3
583 920 678 941 meus
697 909 825 942 ocellus
849 927 894 933 —-
917 915 964 952 ut,
981 910 1063 941 mihi
1082 915 1378 951 quantumcunque
1395 929 1440 935 —
1461 909 1559 940 uobis

122 952 138 998 ΙΙ
167 955 245 986 VIII
269 955 286 986 1
306 952 351 985 *:
379 965 480 996 quam
507 957 690 988 orationem
715 961 836 995 totam,
862 960 898 987 ut
921 973 965 979 —
990 966 1050 990 om.
1079 966 1153 988 esse
1176 953 1192 999 ΙΙ
1223 957 1244 988 2
1268 961 1442 998 oportere;
1471 960 1560 987 cete-

108 1010 222 1032 rarum
248 1017 292 1024 --
317 1002 471 1034 sordere:
500 1003 708 1043 superiorem
730 1019 775 1025 —
800 1002 902 1034 edunt
927 1019 973 1025 —
999 1011 1065 1033 non
1089 1002 1225 1034 habere.
1253 1019 1298 1025 ·—
1323 1001 1458 1034 luxurIa
1483 1011 1560 1043 per-

106 1048 156 1088 git
189 1066 236 1072 —
268 1046 476 1088 relinquetur
514 1044 531 1090 ΙΙ
570 1048 666 1079 VIIII
702 1047 718 1079 1
754 1058 815 1081 om.
842 1048 875 1078 in
901 1065 944 1071 —
966 1048 1086 1088 hilaro,
1110 1046 1116 1092 Ι
1139 1047 1244 1080 Corde
1270 1048 1378 1079 tristi:
1406 1056 1489 1088 quos
1514 1064 1559 1069 —

107 1095 123 1109 *
149 1098 185 1124 ut
207 1093 318 1124 mittas
351 1090 366 1137 ΙΙ
398 1095 417 1126 4
446 1094 627 1125 auctoritas
648 1091 666 1136 ΙΙ
699 1094 719 1126 5
746 1095 779 1125 in
803 1095 917 1134 quinto
941 1091 958 1138 ΙΙ
980 1093 997 1112 *
1020 1094 1171 1136 peditatu
1198 1094 1366 1135 equitibus
1393 1099 1492 1133 atque
1513 1112 1560 1118 —

107 1140 286 1181 pugnauit.
312 1156 357 1162 —
383 1140 501 1171 eodem
528 1140 561 1170 in
586 1140 672 1171 libro
704 1137 721 1183 ΙΙ
751 1140 771 1172 8
797 1149 904 1179 mons,
932 1139 1020 1178 fons,
1047 1150 1144 1182 pons,
1176 1138 1193 1183 ΙΙ
1229 1140 1270 1173 10
1294 1140 1395 1172 homo
1428 1138 1560 1170 uultum

109 1186 316 1225 intorqueret
338 1182 355 1227 ΙΙ
379 1185 412 1217 X
434 1186 451 1217 1
480 1186 631 1228 uirgines
654 1182 670 1229 ΙΙ
696 1186 742 1217 ΧΙ
770 1186 785 1218 1
815 1184 969 1217 *Latinis
994 1184 1012 1230 ΙΙ
1041 1185 1103 1218 XII
1125 1187 1145 1219 2
1168 1187 1314 1217 stabant.
1338 1185 1400 1217 sed
1425 1185 1459 1215 in
1490 1181 1506 1227 ΙΙ
1538 1182 1559 1215 3

110 1231 215 1271 possit
237 1248 280 1254 —-
308 1231 463 1262 solicitus
491 1228 509 1273 ΙΙ
540 1233 562 1263 4
584 1231 742 1273 repletas]
768 1232 886 1274 plenas
916 1228 932 1275 ΙΙ
964 1232 1041 1264 XIII
1065 1231 1086 1264 3
1112 1242 1198 1273 quae
1221 1236 1271 1263 est
1293 1228 1309 1275 ΙΙ
1333 1232 1356 1263 4
1382 1231 1415 1262 in
1439 1229 1560 1272 Ligar-

105 1283 181 1307 taca
206 1274 220 1319 ΙΙ
245 1275 267 1308 6
292 1276 336 1311 Μ.
365 1276 490 1308 Metelli
511 1275 528 1320 ΙΙ
556 1278 594 1308 11
624 1279 787 1319 scriptum
812 1283 873 1316 est,
901 1278 954 1309 his
980 1295 1025 1301 —
1047 1288 1106 1311 om.
1136 1278 1169 1309 id
1195 1275 1210 1321 ΙΙ
1234 1277 1329 1308 XIIII
1352 1276 1372 1308 3
1397 1286 1457 1308 om.
1477 1274 1560 1307 Sese

106 1339 153 1344 —
179 1322 298 1364 inquit,
324 1323 490 1354 maximas
516 1328 666 1361 exactos,
691 1333 752 1364 pro
775 1341 820 1346 ·-
842 1332 901 1353 om.
921 1333 997 1354 esse
1018 1320 1038 1365 ΙΙ
1060 1323 1124 1354 XV
1145 1322 1278 1364 pandor
1297 1319 1314 1366 ΙΙ
1340 1322 1356 1353 1
1384 1331 1444 1354 om.
1469 1331 1513 1353 ex
1528 1318 1544 1365 ΙΙ

105 1369 126 1399 2
149 1377 318 1409 prospexe
341 1378 456 1399 eumce
483 1378 524 1399 ex
555 1366 570 1411 ΙΙ
600 1369 623 1399 4
654 1378 727 1400 esse
754 1367 774 1389 *
801 1368 947 1400 eundum
969 1372 1116 1399 actutum
1138 1372 1232 1400 extra
1254 1365 1271 1411 ΙΙ
1302 1367 1382 1399 XVI
1406 1368 1422 1399 1
1453 1366 1559 1409 olym-

106 1413 209 1455 piade
239 1413 521 1456 quinquagesima
544 1431 591 1436 —
616 1413 734 1445 habuit
760 1415 850 1446 uitae
874 1411 893 1457 ΙΙ
920 1413 940 1446 3
968 1414 1126 1445 diducere
1149 1431 1195 1436 —
1214 1412 1231 1430 '⁸‘
1249 1418 1381 1456 partem
1406 1411 1422 1456 ΙΙ
1446 1413 1559 1445 XVIII

105 1459 285 1490 cuiusdam
309 1455 324 1502 ΙΙ
352 1461 373 1491 2
399 1464 429 1490 et
454 1459 527 1490 loco
554 1459 677 1491 nobilis
703 1481 746 1486 —
772 1460 890 1492 cedere
913 1460 996 1491 alios
1021 1457 1036 1503 ΙΙ
1060 1459 1080 1492 3
1097 1457 1135 1490 *z
1162 1459 1252 1500 quod
1277 1469 1343 1491 non
1365 1456 1382 1503 ΙΙ
1407 1460 1427 1492 5
1448 1459 1558 1490 horri-

105 1505 196 1543 dam,
224 1514 323 1545 quam
352 1515 411 1537 nos
429 1505 598 1546 uidimus,
627 1507 658 1537 in
686 1516 750 1547 qua
778 1506 956 1547 Euripides
980 1505 1175 1547 tragoedias
1199 1506 1409 1547 scriptitarit.
1435 1502 1450 1547 ΙΙ
1484 1505 1504 1536 7
1522 1515 1554 1538 u.

104 1552 126 1582 4
152 1561 212 1584 om.
238 1551 320 1602 τοῖςΙ
335 1549 350 1595 ΙΙ
376 1551 397 1583 8
424 1549 443 1571 *
463 1544 625 1602 dozafov
647 1550 653 1595 Ι
674 1547 903 1592 *Στρυφνὸς
918 1569 962 1574 ——
976 1545 1085 1582 οἶνον
1107 1549 1112 1591 Ι
1133 1545 1403 1592 Μεμαθηκιός·
1431 1542 1506 1581 ἄλλ’
1520 1541 1555 1599 (Ξ,

104 1605 139 1626 τι
163 1592 226 1627 καὶ
248 1602 405 1637 γραψαι,
428 1593 528 1628 τοῦτ’
555 1591 602 1628 οἶν
624 1597 630 1640 Ι
652 1594 815 1634 Μέλιτος
838 1595 853 1641 ΙΙ
881 1597 922 1630 10
940 1595 1069 1638 μνῆμα
1092 1589 1444 1638 Εὐριπίδηςῶλετο
1466 1603 1555 1634 που,
1618 1596 1619 1599 ’

103 1661 150 1667 —-
173 1643 264 1674 obita
287 1639 302 1686 ΙΙ
327 1643 409 1675 XXI
436 1643 451 1674 1
480 1643 631 1687 Scyrona
655 1641 670 1687 ΙΙ
699 1643 794 1675 XXII
822 1643 838 1675 1
867 1649 897 1675 et
916 1643 1031 1675 utendi
1055 1641 1074 1684 ΙΙ
1095 1644 1116 1674 2
1140 1643 1347 1674 adiutabant.
1370 1638 1390 1685 ΙΙ
1413 1641 1434 1673 5
1460 1642 1557 1672 insti-

102 1689 164 1719 tuit
189 1685 205 1731 ΙΙ
232 1687 254 1720 8
279 1693 407 1721 tacere:
435 1699 486 1728 ae,
514 1700 555 1722 ne
575 1707 622 1713 —
647 1700 732 1731 opus
756 1694 844 1721 esset
867 1686 881 1732 ΙΙ
905 1687 926 1720 9
953 1712 959 1719 .
988 1694 1059 1719 tum
1081 1687 1240 1727 Sertorio,
1267 1688 1358 1728 quod
1380 1704 1427 1710 —
1448 1688 1557 1729 signi-

102 1733 234 1773 ficante,
255 1751 302 1758 —
328 1736 452 1767 emissa
477 1733 493 1779 ΙΙ
520 1736 560 1769 10
580 1735 761 1767 Memoriae
783 1735 953 1777 proditum
977 1731 993 1777 ΙΙ
1019 1733 1128 1766 XXIII
1150 1735 1165 1766 1
1194 1733 1405 1775 temporibus
1432 1733 1501 1764 fere
1525 1731 1542 1775 ΙΙ

104 1781 123 1811 2
147 1789 206 1814 om.
232 1786 282 1812 est
306 1799 353 1804 —
377 1791 436 1813 om.
465 1781 498 1812 in
521 1779 539 1824 ΙΙ
562 1780 685 1812 ΧΧΙΙΠ
713 1782 727 1812 1
755 1792 787 1813 u.
809 1782 832 1813 4
854 1778 875 1800 *
902 1779 985 1811 nihil
1011 1777 1026 1823 ΙΙ
1049 1791 1082 1811 u.
1111 1781 1132 1812 5
1157 1779 1200 1812 do
1224 1777 1245 1799 *
1269 1779 1413 1817 comico2
1438 1775 1458 1822 ΙΙ
1480 1789 1512 1812 u.
1535 1779 1555 1810 7

102 1826 245 1866 pretium
272 1827 407 1858 tertium
430 1832 492 1861 est.
512 1824 527 1870 ΙΙ
551 1838 583 1862 u.
615 1826 658 1859 10
682 1826 702 1847 *
718 1828 869 1868 sequitur
893 1826 954 1857 hos
982 1825 1055 1857 loco
1082 1825 1157 1861 Ter.
1182 1822 1197 1868 ΙΙ
1221 1825 1319 1856 XXV
1341 1825 1356 1856 1
1373 1822 1393 1844 *
1409 1824 1555 1856 absurde

103 1881 212 1912 neque
238 1872 366 1905 absone
389 1891 434 1896 —-
455 1872 661 1912 hominibus,
687 1871 955 1914 *uoluptasque.
983 1869 998 1914 ΙΙ
1022 1870 1133 1902 XXVI
1159 1871 1174 1902 l
1202 1871 1256 1902 his
1281 1869 1395 1902 uerbis
1416 1867 1434 1913 ΙΙ
1458 1871 1479 1902 2
1504 1870 1555 1901 1ιί-

103 1917 246 1949 debatur
269 1915 285 1961 ΙΙ
310 1918 439 1951 XXVII
464 1919 631 1950 eiusmodi
655 1916 671 1963 ΙΙ
694 1917 715 1951 3
740 1928 799 1950 om.
829 1923 860 1950 et
877 1923 953 1950 ante
969 1926 1140 1948 sacrorum
1157 1933 1202 1940 -
1221 1914 1554 1957 *emancipationem

118 1960 133 2005 ΙΙ
162 1964 184 1994 4
210 1973 271 1999 om.
299 1969 334 1995 ut
359 1981 405 1988 —
430 1974 504 1997 eam
530 1964 639 2007 legem
661 1963 680 2008 ΙΙ
713 1964 855 1996 XXVIII
893 1964 909 1995 1
936 1964 1047 2004 primo
1073 1962 1232 1994 librorum
1262 1959 1277 2006 ΙΙ
1301 1960 1322 1993 3
1339 1959 1360 1982 *
1380 1961 1554 2011 Ianuarias

104 2007 148 2038 M·
174 2027 222 2032 ---
245 2019 306 2044 om.
335 2011 376 2044 II.
408 2008 424 2054 ΙΙ
453 2012 473 2043 5
497 2020 557 2045 om.
586 2010 748 2052 Nepotem
771 2027 819 2032 —
842 2010 1012 2041 florentem
1041 2005 1056 2051 ΙΙ
1085 2008 1107 2040 6
1133 2008 1278 2040 dixerint
1300 2027 1346 2033 —
1371 2004 1433 2038 καὶ
1459 2015 1554 2038 κατα

108 2052 193 2094 Τιμ.
221 2052 238 2098 ΙΙ
270 2055 429 2088 XXVIIII
454 2058 474 2089 2
495 2053 880 2097 Tarquinium*nomen
905 2072 950 2077 —
976 2054 1205 2094 Tarquinium,
1233 2054 1351 2094 inquit,
1378 2062 1501 2085 nomen
1523 2050 1540 2096 ΙΙ

105 2098 206 2131 XXX
238 2100 259 2133 3
295 2107 396 2143 atque
429 2103 465 2134 id
488 2119 534 2125 —-
558 2106 744 2144 petorotum
776 2098 792 2144 ΙΙ
827 2101 848 2133 5
873 2099 1090 2140 anquisierim
1115 2116 1157 2122 —
1185 2099 1311 2131 Graeca
1336 2117 1382 2122 —
1406 2099 1423 2117 *
1448 2104 1552 2130 totum

103 2144 346 2187 transalpibus.
378 2145 394 2191 ΙΙ

200 2192 307 2222 xvl.
340 2193 369 2224 ΙΙ
403 2192 559 2225 Cuimodi
585 2190 602 2236 ΙΙ
642 2193 657 2224 1
685 2202 805 2235 rogare
827 2209 871 2215 —-
891 2190 992 2222 rudes
1018 2191 1210 2232 indoctique
1235 2187 1255 2235 ΙΙ
1283 2189 1337 2224 5*
1357 2189 1425 2232 [...
1443 2188 1470 2278 ,Ι
1495 2199 1553 2221 118-
1597 2200 1603 2206 ·

104 2234 236 2277 gent.].
266 2238 326 2269 sed
362 2240 453 2278 quod
481 2241 590 2270 minus
626 2244 677 2270 est
709 2239 741 2270 in
775 2237 1057 2279 interrogatione,
1092 2237 1127 2268 id
1154 2241 1203 2268 est
1229 2236 1434 2270 addendum.
1474 2232 1480 2278 Ι
1512 2234 1553 2267 10
