1603 2508
656 71 740 109 IIII.
772 81 798 109 1.
1347 69 1430 111 139

111 183 251 224 ‘Scire
288 215 298 233 ‚
322 183 455 234 inquit
478 183 619 223 ridens
640 183 722 222 iam
745 183 1054 231 Fauorinus,
1087 188 1098 206 ³
1114 183 1213 233 quid
1248 187 1487 234 ‘penus'H

24 241 96 289 sit,
131 251 216 281 non
246 252 299 280 ex
327 245 474 281 nostra
501 240 634 290 magis
667 245 732 280 est
757 240 1044 290 philosophia,
1074 252 1198 290 quam
1226 251 1278 279 ex
1298 252 1430 290 gram-

23 297 175 338 matica
201 302 286 337 tua.
340 296 564 337 Meministi
592 296 723 344 enim,
757 297 906 344 eredo,
937 296 1081 346 quaeri
1113 297 1298 345 solitum,
1330 297 1429 347 quid
1444 304 1487 338 15

22 353 291 404 Vergilius
315 354 484 401 dixerit,
515 365 697 404 penum
726 353 989 394 instruere
1017 354 1085 392 uel
1108 355 1333 402 ‘longam'
1363 355 1431 393 uel

23 411 176 461 ‘longo
204 410 391 451 ordine':
429 416 650 459 utrumque
678 410 786 448 enim
815 411 1005 460 profecto
1037 410 1118 449 sois
1145 410 1226 459 legi
1249 409 1429 450 solitum.

23 467 129 515 Sed,
158 472 204 507 ut
230 467 379 507 faciam
405 471 446 507 te
466 466 664 517 aequiore
685 466 821 506 animo
846 474 890 517 ut
914 466 992 514 sis,
1022 478 1074 506 ne
1094 466 1150 505 illi
1174 466 1340 516 quidem
1360 473 1487 508 ue-16

21 528 134 564 teres
157 523 259 564 iuris
285 523 483 573 magistri,
507 523 575 573 qui
597 522 856 573 esapientes’
879 523 1075 573 appellati
1098 527 1206 569 sunt,
1230 523 1431 563 definisse

23 580 124 621 satis
147 585 262 620 recte
286 580 595 628 existimantur,
624 580 723 630 quid
746 579 798 620 sit
824 584 834 602 ³
847 583 1021 630 penus'.
1072 581 1172 619 Nam
1195 579 1377 628 Quinta
1387 592 1427 618 m
1444 586 1486 622 17

23 637 330 677 Scaeuolam
368 637 421 676 ad
452 637 821 677 demonstrandam
858 648 1011 686 penum
1041 636 1104 676 his
1138 635 1279 675 uerbis
1308 648 1430 676 usum

23 694 168 734 audio:
201 694 366 734 Penus
397 699 496 741 est,
527 693 678 743 inquit,
714 694 850 743 quod
880 694 1204 733 esculentum
1230 698 1315 732 aut
1342 705 1430 742 po-

24 752 284 791 culentum
314 755 404 790 est.
450 751 571 800 Quod
596 751 727 800 ipsius
760 750 1163 800 patrisfamilias
1193 755 1277 788 aut
1305 749 1429 789 libe—

22 819 132 848 rum
162 807 567 857 patrisfamilias
605 812 703 855 [aut
732 806 976 855 familiae]
1009 806 1139 854 eius,
1173 817 1304 856 quae
1335 806 1429 845 eir-

23 876 132 905 cum
164 876 274 904 eum
311 869 396 904 aut
426 864 621 904 liberos
658 864 771 904 eius
805 869 884 903 est
915 869 963 902 et
993 875 1123 913 opus
1153 875 1252 903 non
1284 863 1428 909 facit,

24 933 181 962 causa
217 926 460 972 paratum
491 926 589 969 est,
620 921 884 960 utMueius
910 919 983 967 ait,
1007 922 1219 970 ‘penus'
1259 918 1430 958 uideri

23 979 193 1018 debet.
258 980 379 1017 Nam
418 989 545 1028 quae
581 978 642 1016 ad
679 978 933 1017 edendum
960 977 1346 1025 bibendumque
1381 976 1429 1014 in

23 1035 138 1074 dies
166 1034 408 1084 singulos
429 1034 635 1085 prandii
665 1040 751 1073 aut
778 1045 935 1073 cenae
965 1045 1127 1073 eausa
1154 1038 1428 1083 parantur,

23 1094 243 1142 tpenus'
282 1103 386 1130 non
409 1096 553 1137 sunt;
597 1091 688 1130 sed
721 1102 779 1129 ea
810 1090 1008 1140 potius,
1048 1101 1176 1140 quae
1207 1089 1429 1128 huiusce

22 1147 243 1198 generis
280 1149 473 1197 longae
511 1147 726 1187 usionis
762 1146 933 1196 gratia
974 1147 1354 1186 contrahuntur
1384 1150 1431 1185 et

22 1205 407 1252 reconduntur,
450 1215 511 1243 ex
541 1215 621 1251 eo,
662 1204 796 1253 quod
827 1202 1002 1242 nonin
1031 1207 1274 1254 promptu
1305 1202 1427 1249 sint,

24 1261 120 1301 sed
166 1261 310 1300 intus
355 1266 404 1300 et
438 1261 648 1310 penitus
681 1261 994 1308 habeantur,
1038 1261 1252 1308 ‘penus’
1291 1258 1430 1298 dieta

24 1322 156 1358 sunt.
219 1318 356 1357 ‘Haec
383 1320 502 1367 ego',
535 1317 688 1367 inquit,
723 1321 841 1356 <eum
867 1316 1159 1367 philosophiae
1194 1326 1258 1354 me
1291 1315 1428 1354 dedis·
1442 1321 1485 1357 18

25 1386 133 1423 sem,
163 1386 247 1415 non
278 1374 452 1425 insuper
482 1379 620 1413 tamen
651 1373 774 1412 habui
805 1373 991 1421 diseere;
1035 1372 1231 1423 quoniam
1266 1371 1427 1411 ciuibus

22 1431 244 1480 Romanis,
274 1430 417 1470 Latine
447 1431 734 1481 loquentibus,
768 1441 855 1469 rem
877 1441 961 1469 non
988 1434 1098 1478 [suo]
1124 1429 1331 1469 uocabulo
1360 1429 1428 1467 de-

24 1492 278 1537 monstrare,
317 1499 402 1527 non
431 1487 566 1527 minus
597 1492 719 1537 turpe
748 1492 834 1534 est,
868 1498 992 1536 quam
1010 1486 1220 1527 hominem
1241 1497 1325 1525 non
1349 1496 1426 1524 suo

24 1544 192 1585 nomine
213 1545 463 1594 appellare'.

112 1601 179 1641 Sic
200 1601 486 1640 Fauorinus
518 1612 735 1640 sermones
761 1600 802 1639 id
825 1611 957 1648 genus
982 1610 1224 1639 communes
1247 1610 1270 1638 a
1297 1599 1424 1637 rebus
1441 1600 1484 1636 19

0 1658 167 1708 >paruis
195 1662 235 1697 et
262 1657 419 1707 frigidis
453 1657 686 1696 abducebat
717 1658 769 1696 ad
800 1668 867 1703 ea,
901 1667 1007 1705 quae
1036 1655 1167 1705 magis
1190 1655 1289 1695 utile
1313 1660 1427 1694 esset

25 1714 170 1755 audire
190 1726 239 1754 ae
264 1714 444 1762 discere,
475 1725 558 1754 non
587 1715 708 1753 allata
739 1712 1016 1758 extrinsecus,
1039 1724 1122 1751 non
1144 1722 1221 1762 per
1243 1716 1425 1750 ostenta-

26 1771 201 1820 tionem,
224 1771 301 1810 sed
319 1770 502 1810 indidem
525 1776 621 1810 nata
646 1776 918 1819 acceptaque.

108 1829 330 1867 Praeterea
371 1828 423 1866 de
461 1839 572 1877 penu
616 1827 939 1867 adscribendum
983 1825 1062 1864 hoe
1100 1824 1218 1864 etiam
1265 1823 1422 1874 putaui,
1438 1826 1484 1863 20

11 1883 571 1934 ,SeruiumSulpieium
593 1884 638 1922 in
662 1881 1009 1934 reprehensis
1032 1881 1323 1920 Scaeuolae
1347 1891 1426 1918 ea-

26 1940 226 1990 pitibus
259 1940 503 1991 scripsisse,
537 1942 660 1981 Cato
685 1940 835 1980 Aelio
862 1938 1090 1989 placuisse,
1109 1949 1192 1976 non
1213 1947 1318 1986 quae
1337 1935 1426 1976 esui

11 1994 70 2036 ‘et
100 1997 218 2047 potui
249 1998 405 2044 forent,
447 1998 522 2037 sed
550 2002 618 2036 tus
657 2007 825 2047 quoque
857 2001 895 2034 et
927 2005 1073 2034 cereos
1103 1993 1142 2032 in
1172 2005 1283 2043 penu
1315 2004 1424 2039 esse,

29 2054 143 2102 quod
165 2058 278 2094 esset
306 2053 393 2093 eius
429 2054 556 2092 ferme
587 2053 646 2092 rei
669 2065 795 2093 causa
817 2056 1114 2100 comparatum.
1158 2049 1482 2089 Masuriusm

30 2114 166 2149 autem
187 2110 410 2150 Sabinus
443 2110 490 2149 in
524 2110 653 2150 iuris
682 2109 858 2149 ciuilis
886 2108 1134 2154 seeundo,
1158 2107 1280 2145 etiam
1312 2105 1426 2156 quod

27 2164 305 2207 iumentorum
331 2177 458 2206 causa
478 2172 722 2217 apparatum
746 2170 878 2212 esset,
904 2164 1052 2214 quibus
1080 2163 1271 2203 dominus
1292 2167 1426 2202 utere-

4 2225 115 2270 tur,
151 2222 298 2272 penori
334 2223 572 2262 attributum
606 2223 714 2263 dicit.
757 2223 885 2271 Ligna
922 2232 1090 2270 quoque
1127 2224 1167 2259 et
1205 2219 1345 2269 uirgas
1383 2222 1484 2258 et22

0 2289 2 2292 ’
32 2278 254 2326 carbones,
297 2279 445 2328 quibus
485 2280 762 2319 conficeretur
798 2289 953 2328 penus,
995 2277 1244 2327 quibusdam
1283 2275 1337 2315 ait
1367 2274 1425 2315 ui-

0 2357 25 2412 ,ξ
