<?xml version="1.0" encoding="UTF-8"?>
<!DOCTYPE html PUBLIC "-//W3C//DTD XHTML 1.0 Transitional//EN"
    "http://www.w3.org/TR/xhtml1/DTD/xhtml1-transitional.dtd">
<html xmlns="http://www.w3.org/1999/xhtml" xml:lang="en" lang="en">
 <head>
  <title>
</title>
<meta http-equiv="Content-Type" content="text/html;charset=utf-8" />
  <meta name='ocr-system' content='tesseract 3.04.00' />
  <meta name='ocr-capabilities' content='ocr_page ocr_carea ocr_par ocr_line ocrx_word'/>
</head>
<body>
  <div class='ocr_page' id='page_1' title='image "./agelliinoctivmat00gelluoft_0009.png"; bbox 0 0 1571 2492; ppageno 0'>
   <div class='ocr_carea' id='block_1_1' title="bbox 1481 38 1509 72">
    <p class='ocr_par' dir='ltr' id='par_1_1' title="bbox 1481 38 1509 72">
     <span class='ocr_line' id='line_1_1' title="bbox 1481 38 1509 72; baseline 0 0"><span class='ocrx_word' id='word_1_1' title='bbox 1481 38 1509 72; x_wconf 92' lang='lat' dir='ltr'>V</span> 
     </span>
    </p>
   </div>
   <div class='ocr_carea' id='block_1_2' title="bbox 0 133 1510 2075">
    <p class='ocr_par' dir='ltr' id='par_1_2' title="bbox 0 133 1510 242">
     <span class='ocr_line' id='line_1_2' title="bbox 58 133 1510 183; baseline -0.003 -8"><span class='ocrx_word' id='word_1_2' title='bbox 58 138 305 183; x_wconf 68' lang='lat' dir='ltr'>continentis,</span> <span class='ocrx_word' id='word_1_3' title='bbox 337 136 466 173; x_wconf 84' lang='lat' dir='ltr'>iniecit</span> <span class='ocrx_word' id='word_1_4' title='bbox 493 134 697 172; x_wconf 88' lang='lat' dir='ltr'>Eduardus</span> <span class='ocrx_word' id='word_1_5' title='bbox 731 133 860 180; x_wconf 88' lang='lat' dir='ltr'>Stern,</span> <span class='ocrx_word' id='word_1_6' title='bbox 891 134 1063 171; x_wconf 81' lang='lat' dir='ltr'>Litterar.</span> <span class='ocrx_word' id='word_1_7' title='bbox 1094 134 1305 183; x_wconf 85' lang='lat' dir='ltr'>Anzeiger,</span> <span class='ocrx_word' id='word_1_8' title='bbox 1339 134 1510 171; x_wconf 90' lang='lat' dir='ltr'>Vindob.</span> 
     </span>
     <span class='ocr_line' id='line_1_3' title="bbox 0 186 1510 242; baseline -0.004 -8"><span class='ocrx_word' id='word_1_9' title='bbox 0 237 6 241; x_wconf 69' lang='grc'><strong>,</strong></span> <span class='ocrx_word' id='word_1_10' title='bbox 59 186 220 234; x_wconf 67' lang='grc'><strong>182211.</strong></span> <span class='ocrx_word' id='word_1_11' title='bbox 254 196 300 234; x_wconf 84' lang='grc'>92</span> <span class='ocrx_word' id='word_1_12' title='bbox 329 205 368 242; x_wconf 86' lang='lat' dir='ltr'>p.</span> <span class='ocrx_word' id='word_1_13' title='bbox 399 197 489 238; x_wconf 80' lang='lat'>135,</span> <span class='ocrx_word' id='word_1_14' title='bbox 533 192 715 240; x_wconf 85' lang='lat' dir='ltr'>deceptus</span> <span class='ocrx_word' id='word_1_15' title='bbox 742 192 886 240; x_wconf 84' lang='lat' dir='ltr'>magis,</span> <span class='ocrx_word' id='word_1_16' title='bbox 931 192 1086 240; x_wconf 82' lang='lat' dir='ltr'>opinor,</span> <span class='ocrx_word' id='word_1_17' title='bbox 1121 203 1233 239; x_wconf 88' lang='lat' dir='ltr'>quam</span> <span class='ocrx_word' id='word_1_18' title='bbox 1266 192 1510 240; x_wconf 76' lang='lat' dir='ltr'>decepturus.</span> 
     </span>
    </p>

    <p class='ocr_par' dir='ltr' id='par_1_3' title="bbox 51 248 1510 1158">
     <span class='ocr_line' id='line_1_4' title="bbox 171 248 1509 298; baseline -0.001 -10"><span class='ocrx_word' id='word_1_19' title='bbox 171 252 424 289; x_wconf 90' lang='lat' dir='ltr'>Librorum</span> <span class='ocrx_word' id='word_1_20' title='bbox 476 250 811 298; x_wconf 71' lang='lat' dir='ltr'>posteriorum</span> <span class='ocrx_word' id='word_1_21' title='bbox 868 248 982 285; x_wconf 85' lang='lat' dir='ltr'>inde</span> <span class='ocrx_word' id='word_1_22' title='bbox 1036 260 1057 286; x_wconf 85' lang='lat' dir='ltr'>a</span> <span class='ocrx_word' id='word_1_23' title='bbox 1107 261 1231 285; x_wconf 90' lang='lat' dir='ltr'>nono</span> <span class='ocrx_word' id='word_1_24' title='bbox 1282 250 1509 286; x_wconf 82' lang='lat' dir='ltr'>recensione</span> 
     </span>
     <span class='ocr_line' id='line_1_5' title="bbox 57 306 1508 357; baseline -0.003 -11"><span class='ocrx_word' id='word_1_25' title='bbox 57 308 96 345; x_wconf 92' lang='lat' dir='ltr'>id</span> <span class='ocrx_word' id='word_1_26' title='bbox 135 310 329 357; x_wconf 87' lang='lat' dir='ltr'>exemplar</span> <span class='ocrx_word' id='word_1_27' title='bbox 369 310 645 346; x_wconf 80' lang='lat' dir='ltr'>instauraturus</span> <span class='ocrx_word' id='word_1_28' title='bbox 692 307 764 351; x_wconf 84' lang='lat' dir='ltr'>sui,</span> <span class='ocrx_word' id='word_1_29' title='bbox 811 317 859 342; x_wconf 86' lang='lat' dir='ltr'>ex</span> <span class='ocrx_word' id='word_1_30' title='bbox 893 317 965 353; x_wconf 90' lang='lat' dir='ltr'>quo</span> <span class='ocrx_word' id='word_1_31' title='bbox 1010 307 1195 355; x_wconf 85' lang='lat' dir='ltr'>originem</span> <span class='ocrx_word' id='word_1_32' title='bbox 1239 306 1382 344; x_wconf 86' lang='lat' dir='ltr'>ducunt</span> <span class='ocrx_word' id='word_1_33' title='bbox 1421 306 1508 343; x_wconf 90' lang='lat' dir='ltr'>cod.</span> 
     </span>
     <span class='ocr_line' id='line_1_6' title="bbox 55 363 1510 414; baseline -0.001 -12"><span class='ocrx_word' id='word_1_34' title='bbox 55 366 148 414; x_wconf 88' lang='lat' dir='ltr'><strong>imp.</strong></span> <span class='ocrx_word' id='word_1_35' title='bbox 177 368 290 412; x_wconf 79' lang='lat'><strong>8664,</strong></span> <span class='ocrx_word' id='word_1_36' title='bbox 323 365 407 404; x_wconf 88' lang='lat' dir='ltr'>cod.</span> <span class='ocrx_word' id='word_1_37' title='bbox 437 365 547 402; x_wconf 87' lang='lat' dir='ltr'>acad.</span> <span class='ocrx_word' id='word_1_38' title='bbox 571 363 694 412; x_wconf 82' lang='lat' dir='ltr'>Lugd.</span> <span class='ocrx_word' id='word_1_39' title='bbox 717 364 800 400; x_wconf 89' lang='lat' dir='ltr'>Bat.</span> <span class='ocrx_word' id='word_1_40' title='bbox 823 364 938 400; x_wconf 85' lang='lat' dir='ltr'>Voss.</span> <span class='ocrx_word' id='word_1_41' title='bbox 963 364 1005 400; x_wconf 90' lang='lat' dir='ltr'>F.</span> <span class='ocrx_word' id='word_1_42' title='bbox 1033 366 1074 409; x_wconf 90' lang='lat'>7,</span> <span class='ocrx_word' id='word_1_43' title='bbox 1106 364 1194 401; x_wconf 87' lang='lat' dir='ltr'>cod.</span> <span class='ocrx_word' id='word_1_44' title='bbox 1212 364 1325 401; x_wconf 89' lang='lat' dir='ltr'>Bern.</span> <span class='ocrx_word' id='word_1_45' title='bbox 1348 367 1440 409; x_wconf 81' lang='lat'>404,</span> <span class='ocrx_word' id='word_1_46' title='bbox 1472 365 1510 400; x_wconf 89' lang='lat' dir='ltr'>in</span> 
     </span>
     <span class='ocr_line' id='line_1_7' title="bbox 54 420 1509 469; baseline -0.001 -10"><span class='ocrx_word' id='word_1_47' title='bbox 54 422 136 459; x_wconf 92' lang='lat' dir='ltr'>XII.</span> <span class='ocrx_word' id='word_1_48' title='bbox 167 427 227 463; x_wconf 85' lang='lat'>10.</span> <span class='ocrx_word' id='word_1_49' title='bbox 263 426 287 461; x_wconf 85' lang='lat'><strong>3</strong></span> <span class='ocrx_word' id='word_1_50' title='bbox 324 423 526 468; x_wconf 89' lang='lat' dir='ltr'>desinens,</span> <span class='ocrx_word' id='word_1_51' title='bbox 568 423 606 458; x_wconf 93' lang='lat' dir='ltr'>in</span> <span class='ocrx_word' id='word_1_52' title='bbox 646 420 877 465; x_wconf 81' lang='lat' dir='ltr'>subsidium,</span> <span class='ocrx_word' id='word_1_53' title='bbox 925 422 987 458; x_wconf 83' lang='lat' dir='ltr'>ubi</span> <span class='ocrx_word' id='word_1_54' title='bbox 1025 433 1121 469; x_wconf 90' lang='lat' dir='ltr'>opus</span> <span class='ocrx_word' id='word_1_55' title='bbox 1161 426 1258 465; x_wconf 86' lang='lat' dir='ltr'>erat,</span> <span class='ocrx_word' id='word_1_56' title='bbox 1303 422 1509 469; x_wconf 81' lang='lat' dir='ltr'>assumptis</span> 
     </span>
     <span class='ocr_line' id='line_1_8' title="bbox 55 478 1510 528; baseline -0.001 -12"><span class='ocrx_word' id='word_1_57' title='bbox 55 480 160 517; x_wconf 90' lang='lat' dir='ltr'>libris</span> <span class='ocrx_word' id='word_1_58' title='bbox 189 481 326 528; x_wconf 86' lang='lat' dir='ltr'>partim</span> <span class='ocrx_word' id='word_1_59' title='bbox 363 480 653 524; x_wconf 88' lang='lat' dir='ltr'>uetustioribus,</span> <span class='ocrx_word' id='word_1_60' title='bbox 693 478 762 515; x_wconf 87' lang='lat' dir='ltr'>sed</span> <span class='ocrx_word' id='word_1_61' title='bbox 794 489 841 514; x_wconf 90' lang='lat' dir='ltr'>ex</span> <span class='ocrx_word' id='word_1_62' title='bbox 872 478 973 514; x_wconf 86' lang='lat' dir='ltr'>sonte</span> <span class='ocrx_word' id='word_1_63' title='bbox 1003 479 1127 516; x_wconf 90' lang='lat' dir='ltr'>minus</span> <span class='ocrx_word' id='word_1_64' title='bbox 1158 479 1315 526; x_wconf 90' lang='lat' dir='ltr'>limpido</span> <span class='ocrx_word' id='word_1_65' title='bbox 1353 490 1510 515; x_wconf 85' lang='lat' dir='ltr'>manan-</span> 
     </span>
     <span class='ocr_line' id='line_1_9' title="bbox 55 536 1508 586; baseline 0.001 -12"><span class='ocrx_word' id='word_1_66' title='bbox 55 538 154 575; x_wconf 83' lang='lat' dir='ltr'>tibus</span> <span class='ocrx_word' id='word_1_67' title='bbox 169 566 178 582; x_wconf 92' lang='lat'><strong><em>‚</em></strong></span> <span class='ocrx_word' id='word_1_68' title='bbox 209 537 324 574; x_wconf 87' lang='lat' dir='ltr'>codd.</span> <span class='ocrx_word' id='word_1_69' title='bbox 345 538 501 586; x_wconf 88' lang='lat' dir='ltr'>reginae</span> <span class='ocrx_word' id='word_1_70' title='bbox 525 538 563 574; x_wconf 88' lang='lat' dir='ltr'>in</span> <span class='ocrx_word' id='word_1_71' title='bbox 584 537 671 572; x_wconf 88' lang='lat' dir='ltr'>Vat.</span> <span class='ocrx_word' id='word_1_72' title='bbox 688 537 810 586; x_wconf 31' lang='lat' dir='ltr'>597uet</span> <span class='ocrx_word' id='word_1_73' title='bbox 831 538 945 580; x_wconf 76' lang='lat'>1646,</span> <span class='ocrx_word' id='word_1_74' title='bbox 975 536 1097 584; x_wconf 84' lang='lat' dir='ltr'>Lugd.</span> <span class='ocrx_word' id='word_1_75' title='bbox 1118 536 1200 573; x_wconf 85' lang='lat' dir='ltr'>Bat.</span> <span class='ocrx_word' id='word_1_76' title='bbox 1222 536 1339 572; x_wconf 91' lang='lat' dir='ltr'>Voss.</span> <span class='ocrx_word' id='word_1_77' title='bbox 1361 536 1403 573; x_wconf 87' lang='lat' dir='ltr'>F.</span> <span class='ocrx_word' id='word_1_78' title='bbox 1425 540 1508 581; x_wconf 82' lang='lat'>112,</span> 
     </span>
     <span class='ocr_line' id='line_1_10' title="bbox 55 592 1508 642; baseline -0.001 -12"><span class='ocrx_word' id='word_1_79' title='bbox 55 595 144 637; x_wconf 72' lang='lat' dir='ltr'>vat.</span> <span class='ocrx_word' id='word_1_80' title='bbox 163 596 259 634; x_wconf 81' lang='lat'><strong>3452</strong></span> <span class='ocrx_word' id='word_1_81' title='bbox 279 599 385 642; x_wconf 85' lang='lat' dir='ltr'>parte</span> <span class='ocrx_word' id='word_1_82' title='bbox 407 596 542 640; x_wconf 86' lang='lat' dir='ltr'>altera,</span> <span class='ocrx_word' id='word_1_83' title='bbox 570 594 693 630; x_wconf 89' lang='lat' dir='ltr'>Paris.</span> <span class='ocrx_word' id='word_1_84' title='bbox 715 594 806 630; x_wconf 84' lang='lat' dir='ltr'>bibl.</span> <span class='ocrx_word' id='word_1_85' title='bbox 830 592 870 630; x_wconf 88' lang='lat' dir='ltr'>S.</span> <span class='ocrx_word' id='word_1_86' title='bbox 888 592 1063 630; x_wconf 83' lang='lat' dir='ltr'>German.</span> <span class='ocrx_word' id='word_1_87' title='bbox 1086 596 1177 639; x_wconf 67' lang='lat'>643,</span> <span class='ocrx_word' id='word_1_88' title='bbox 1199 593 1227 630; x_wconf 88' lang='lat' dir='ltr'>F</span> <span class='ocrx_word' id='word_1_89' title='bbox 1230 604 1508 641; x_wconf 86' lang='lat' dir='ltr'>ranequerano,</span> 
     </span>
     <span class='ocr_line' id='line_1_11' title="bbox 53 650 1509 700; baseline -0.001 -13"><span class='ocrx_word' id='word_1_90' title='bbox 53 650 268 688; x_wconf 78' lang='lat' dir='ltr'>Florentino</span> <span class='ocrx_word' id='word_1_91' title='bbox 291 653 380 690; x_wconf 88' lang='lat' dir='ltr'>bibl.</span> <span class='ocrx_word' id='word_1_92' title='bbox 401 651 678 700; x_wconf 82' lang='lat' dir='ltr'>Magliabecch.</span> <span class='ocrx_word' id='word_1_93' title='bbox 701 653 785 689; x_wconf 81' lang='lat'><strong>329.</strong></span> <span class='ocrx_word' id='word_1_94' title='bbox 828 650 970 687; x_wconf 89' lang='lat' dir='ltr'>Horum</span> <span class='ocrx_word' id='word_1_95' title='bbox 992 652 1160 688; x_wconf 90' lang='lat' dir='ltr'>omnium</span> <span class='ocrx_word' id='word_1_96' title='bbox 1183 652 1287 688; x_wconf 86' lang='lat' dir='ltr'>solus</span> <span class='ocrx_word' id='word_1_97' title='bbox 1315 651 1347 688; x_wconf 89' lang='lat' dir='ltr'>is</span> <span class='ocrx_word' id='word_1_98' title='bbox 1362 680 1371 695; x_wconf 94' lang='lat'>,</span> <span class='ocrx_word' id='word_1_99' title='bbox 1396 662 1509 698; x_wconf 89' lang='lat' dir='ltr'>quem</span> 
     </span>
     <span class='ocr_line' id='line_1_12' title="bbox 55 707 1510 755; baseline -0.001 -10"><span class='ocrx_word' id='word_1_100' title='bbox 55 712 223 746; x_wconf 86' lang='lat' dir='ltr'>extremo</span> <span class='ocrx_word' id='word_1_101' title='bbox 263 710 347 746; x_wconf 90' lang='lat' dir='ltr'>loco</span> <span class='ocrx_word' id='word_1_102' title='bbox 385 710 598 754; x_wconf 89' lang='lat' dir='ltr'>nominaui,</span> <span class='ocrx_word' id='word_1_103' title='bbox 638 710 746 755; x_wconf 89' lang='lat' dir='ltr'>isque</span> <span class='ocrx_word' id='word_1_104' title='bbox 782 707 1029 753; x_wconf 71' lang='lat' dir='ltr'>chartaceus,</span> <span class='ocrx_word' id='word_1_105' title='bbox 1073 719 1176 745; x_wconf 87' lang='lat' dir='ltr'>saec.</span> <span class='ocrx_word' id='word_1_106' title='bbox 1206 708 1299 753; x_wconf 92' lang='lat' dir='ltr'>XV,</span> <span class='ocrx_word' id='word_1_107' title='bbox 1340 711 1510 745; x_wconf 88' lang='lat' dir='ltr'>extrema</span> 
     </span>
     <span class='ocr_line' id='line_1_13' title="bbox 54 764 1508 815; baseline -0.001 -12"><span class='ocrx_word' id='word_1_108' title='bbox 54 767 138 804; x_wconf 86' lang='lat' dir='ltr'>libri</span> <span class='ocrx_word' id='word_1_109' title='bbox 168 766 239 803; x_wconf 92' lang='lat' dir='ltr'>XX</span> <span class='ocrx_word' id='word_1_110' title='bbox 275 767 400 815; x_wconf 85' lang='lat' dir='ltr'>capita</span> <span class='ocrx_word' id='word_1_111' title='bbox 426 766 515 803; x_wconf 89' lang='lat' dir='ltr'>inde</span> <span class='ocrx_word' id='word_1_112' title='bbox 547 777 569 803; x_wconf 87' lang='lat' dir='ltr'>a</span> <span class='ocrx_word' id='word_1_113' title='bbox 600 764 619 813; x_wconf 81' lang='lat'><em>§</em></span> <span class='ocrx_word' id='word_1_114' title='bbox 649 767 670 805; x_wconf 88' lang='grc'>7</span> <span class='ocrx_word' id='word_1_115' title='bbox 703 776 786 812; x_wconf 88' lang='lat' dir='ltr'>cap.</span> <span class='ocrx_word' id='word_1_116' title='bbox 818 764 853 800; x_wconf 92' lang='lat' dir='ltr'>X</span> <span class='ocrx_word' id='word_1_117' title='bbox 885 766 1070 810; x_wconf 88' lang='lat' dir='ltr'>continet,</span> <span class='ocrx_word' id='word_1_118' title='bbox 1115 777 1210 813; x_wconf 85' lang='lat' dir='ltr'>quae</span> <span class='ocrx_word' id='word_1_119' title='bbox 1241 769 1442 813; x_wconf 88' lang='lat' dir='ltr'>praeterea</span> <span class='ocrx_word' id='word_1_120' title='bbox 1469 766 1508 801; x_wconf 93' lang='lat' dir='ltr'>in</span> 
     </span>
     <span class='ocr_line' id='line_1_14' title="bbox 52 823 1509 871; baseline -0.001 -11"><span class='ocrx_word' id='word_1_121' title='bbox 52 824 214 861; x_wconf 90' lang='lat' dir='ltr'>nouiciis</span> <span class='ocrx_word' id='word_1_122' title='bbox 235 827 376 861; x_wconf 86' lang='lat' dir='ltr'>tantum</span> <span class='ocrx_word' id='word_1_123' title='bbox 404 825 573 861; x_wconf 91' lang='lat' dir='ltr'>omnium</span> <span class='ocrx_word' id='word_1_124' title='bbox 598 824 779 860; x_wconf 87' lang='lat' dir='ltr'>librorum</span> <span class='ocrx_word' id='word_1_125' title='bbox 808 824 1114 870; x_wconf 76' lang='lat' dir='ltr'>exemplaribus,</span> <span class='ocrx_word' id='word_1_126' title='bbox 1148 823 1260 859; x_wconf 78' lang='lat' dir='ltr'>foede</span> <span class='ocrx_word' id='word_1_127' title='bbox 1288 823 1509 871; x_wconf 84' lang='lat' dir='ltr'>ceteroquin</span> 
     </span>
     <span class='ocr_line' id='line_1_15' title="bbox 54 879 1507 929; baseline -0.001 -12"><span class='ocrx_word' id='word_1_128' title='bbox 54 881 308 929; x_wconf 81' lang='lat' dir='ltr'>interpolatis,</span> <span class='ocrx_word' id='word_1_129' title='bbox 341 881 412 919; x_wconf 90' lang='lat' dir='ltr'>sed</span> <span class='ocrx_word' id='word_1_130' title='bbox 439 893 486 918; x_wconf 89' lang='lat' dir='ltr'>ex</span> <span class='ocrx_word' id='word_1_131' title='bbox 515 881 686 929; x_wconf 90' lang='lat' dir='ltr'>pleniore</span> <span class='ocrx_word' id='word_1_132' title='bbox 718 879 882 928; x_wconf 89' lang='lat' dir='ltr'>quodam</span> <span class='ocrx_word' id='word_1_133' title='bbox 916 881 1015 916; x_wconf 82' lang='lat' dir='ltr'>fonte</span> <span class='ocrx_word' id='word_1_134' title='bbox 1045 880 1190 925; x_wconf 89' lang='lat' dir='ltr'>ductis,</span> <span class='ocrx_word' id='word_1_135' title='bbox 1224 885 1377 917; x_wconf 79' lang='lat' dir='ltr'>seruata</span> <span class='ocrx_word' id='word_1_136' title='bbox 1408 883 1507 918; x_wconf 89' lang='lat' dir='ltr'>sunt.</span> 
     </span>
     <span class='ocr_line' id='line_1_16' title="bbox 51 937 1508 986; baseline -0.001 -11"><span class='ocrx_word' id='word_1_137' title='bbox 51 937 110 975; x_wconf 92' lang='lat' dir='ltr'>Ex</span> <span class='ocrx_word' id='word_1_138' title='bbox 147 938 222 976; x_wconf 90' lang='lat' dir='ltr'>hoc</span> <span class='ocrx_word' id='word_1_139' title='bbox 253 939 366 976; x_wconf 87' lang='lat' dir='ltr'>etiam</span> <span class='ocrx_word' id='word_1_140' title='bbox 398 940 479 976; x_wconf 91' lang='lat' dir='ltr'>solo</span> <span class='ocrx_word' id='word_1_141' title='bbox 511 940 686 975; x_wconf 86' lang='lat' dir='ltr'>lemmata</span> <span class='ocrx_word' id='word_1_142' title='bbox 716 939 799 974; x_wconf 90' lang='lat' dir='ltr'>libri</span> <span class='ocrx_word' id='word_1_143' title='bbox 831 938 953 974; x_wconf 87' lang='lat' dir='ltr'>octaui</span> <span class='ocrx_word' id='word_1_144' title='bbox 984 942 1196 986; x_wconf 85' lang='lat' dir='ltr'>propagata</span> <span class='ocrx_word' id='word_1_145' title='bbox 1226 942 1333 983; x_wconf 85' lang='lat' dir='ltr'>sunt;</span> <span class='ocrx_word' id='word_1_146' title='bbox 1374 943 1411 974; x_wconf 83' lang='lat' dir='ltr'>at</span> <span class='ocrx_word' id='word_1_147' title='bbox 1450 949 1508 974; x_wconf 87' lang='lat' dir='ltr'>ar-</span> 
     </span>
     <span class='ocr_line' id='line_1_17' title="bbox 53 995 1504 1044; baseline 0 -12"><span class='ocrx_word' id='word_1_148' title='bbox 53 999 232 1044; x_wconf 86' lang='lat' dir='ltr'>gumenta</span> <span class='ocrx_word' id='word_1_149' title='bbox 254 997 418 1044; x_wconf 84' lang='lat' dir='ltr'>capitum</span> <span class='ocrx_word' id='word_1_150' title='bbox 449 997 533 1033; x_wconf 88' lang='lat' dir='ltr'>libri</span> <span class='ocrx_word' id='word_1_151' title='bbox 553 995 690 1031; x_wconf 92' lang='lat' dir='ltr'>XVIIII</span> <span class='ocrx_word' id='word_1_152' title='bbox 712 1006 758 1031; x_wconf 87' lang='lat' dir='ltr'>ne</span> <span class='ocrx_word' id='word_1_153' title='bbox 781 995 875 1031; x_wconf 89' lang='lat' dir='ltr'>illud</span> <span class='ocrx_word' id='word_1_154' title='bbox 899 995 1053 1042; x_wconf 82' lang='lat' dir='ltr'>quidem</span> <span class='ocrx_word' id='word_1_155' title='bbox 1076 996 1271 1043; x_wconf 87' lang='lat' dir='ltr'>exemplar</span> <span class='ocrx_word' id='word_1_156' title='bbox 1300 996 1504 1043; x_wconf 79' lang='lat' dir='ltr'>continuit:</span> 
     </span>
     <span class='ocr_line' id='line_1_18' title="bbox 51 1046 1507 1101; baseline 0 -12"><span class='ocrx_word' id='word_1_157' title='bbox 51 1046 210 1101; x_wconf 81' lang='lat' dir='ltr'>utraque</span> <span class='ocrx_word' id='word_1_158' title='bbox 238 1055 359 1099; x_wconf 88' lang='lat' dir='ltr'>enim,</span> <span class='ocrx_word' id='word_1_159' title='bbox 384 1065 497 1101; x_wconf 88' lang='lat' dir='ltr'>quam</span> <span class='ocrx_word' id='word_1_160' title='bbox 521 1053 604 1090; x_wconf 90' lang='lat' dir='ltr'>libri</span> <span class='ocrx_word' id='word_1_161' title='bbox 631 1053 692 1090; x_wconf 88' lang='lat' dir='ltr'>isti</span> <span class='ocrx_word' id='word_1_162' title='bbox 712 1053 853 1089; x_wconf 88' lang='lat' dir='ltr'>nouicii</span> <span class='ocrx_word' id='word_1_163' title='bbox 875 1053 1162 1098; x_wconf 84' lang='lat' dir='ltr'>circumferunt,</span> <span class='ocrx_word' id='word_1_164' title='bbox 1190 1052 1326 1089; x_wconf 89' lang='lat' dir='ltr'>horum</span> <span class='ocrx_word' id='word_1_165' title='bbox 1351 1054 1507 1089; x_wconf 81' lang='lat' dir='ltr'>lemma-</span> 
     </span>
     <span class='ocr_line' id='line_1_19' title="bbox 52 1110 1504 1158; baseline 0.001 -13"><span class='ocrx_word' id='word_1_166' title='bbox 52 1112 130 1146; x_wconf 91' lang='lat' dir='ltr'>tum</span> <span class='ocrx_word' id='word_1_167' title='bbox 153 1111 329 1147; x_wconf 83' lang='lat' dir='ltr'>recensio</span> <span class='ocrx_word' id='word_1_168' title='bbox 355 1115 483 1158; x_wconf 85' lang='lat' dir='ltr'>aperte</span> <span class='ocrx_word' id='word_1_169' title='bbox 510 1111 590 1148; x_wconf 88' lang='lat' dir='ltr'>siue</span> <span class='ocrx_word' id='word_1_170' title='bbox 618 1121 639 1146; x_wconf 82' lang='lat' dir='ltr'>a</span> <span class='ocrx_word' id='word_1_171' title='bbox 663 1111 918 1158; x_wconf 74' lang='lat' dir='ltr'>grammaticis</span> <span class='ocrx_word' id='word_1_172' title='bbox 938 1110 1018 1146; x_wconf 89' lang='lat' dir='ltr'>siue</span> <span class='ocrx_word' id='word_1_173' title='bbox 1037 1122 1058 1146; x_wconf 86' lang='lat' dir='ltr'>a</span> <span class='ocrx_word' id='word_1_174' title='bbox 1077 1111 1240 1147; x_wconf 87' lang='lat' dir='ltr'>librariis</span> <span class='ocrx_word' id='word_1_175' title='bbox 1257 1110 1418 1148; x_wconf 88' lang='lat' dir='ltr'>conficta</span> <span class='ocrx_word' id='word_1_176' title='bbox 1435 1114 1504 1147; x_wconf 86' lang='lat' dir='ltr'>est.</span> 
     </span>
    </p>

    <p class='ocr_par' dir='ltr' id='par_1_4' title="bbox 50 1167 1506 2075">
     <span class='ocr_line' id='line_1_20' title="bbox 167 1167 1505 1215; baseline 0.001 -12"><span class='ocrx_word' id='word_1_177' title='bbox 167 1167 271 1205; x_wconf 87' lang='lat' dir='ltr'>Haec</span> <span class='ocrx_word' id='word_1_178' title='bbox 298 1167 345 1204; x_wconf 89' lang='lat' dir='ltr'>de</span> <span class='ocrx_word' id='word_1_179' title='bbox 377 1168 496 1215; x_wconf 85' lang='lat' dir='ltr'>copiis</span> <span class='ocrx_word' id='word_1_180' title='bbox 529 1168 623 1203; x_wconf 90' lang='lat' dir='ltr'>meis</span> <span class='ocrx_word' id='word_1_181' title='bbox 662 1167 874 1211; x_wconf 78' lang='lat' dir='ltr'>sufficiant3</span> <span class='ocrx_word' id='word_1_182' title='bbox 919 1168 1099 1203; x_wconf 87' lang='lat' dir='ltr'>librorum</span> <span class='ocrx_word' id='word_1_183' title='bbox 1132 1168 1221 1203; x_wconf 91' lang='lat' dir='ltr'>olim</span> <span class='ocrx_word' id='word_1_184' title='bbox 1253 1179 1505 1205; x_wconf 85' lang='lat' dir='ltr'>excussorum</span> 
     </span>
     <span class='ocr_line' id='line_1_21' title="bbox 52 1222 1506 1272; baseline 0.001 -12"><span class='ocrx_word' id='word_1_185' title='bbox 52 1222 315 1261; x_wconf 87' lang='lat' dir='ltr'>Buslidianum</span> <span class='ocrx_word' id='word_1_186' title='bbox 346 1228 382 1261; x_wconf 89' lang='lat' dir='ltr'>et</span> <span class='ocrx_word' id='word_1_187' title='bbox 403 1224 656 1272; x_wconf 88' lang='lat' dir='ltr'>Scioppianos</span> <span class='ocrx_word' id='word_1_188' title='bbox 688 1224 823 1261; x_wconf 84' lang='lat' dir='ltr'>frustra</span> <span class='ocrx_word' id='word_1_189' title='bbox 855 1224 1048 1271; x_wconf 87' lang='lat' dir='ltr'>quaesiui,</span> <span class='ocrx_word' id='word_1_190' title='bbox 1081 1235 1176 1272; x_wconf 90' lang='lat' dir='ltr'>quae</span> <span class='ocrx_word' id='word_1_191' title='bbox 1205 1224 1294 1261; x_wconf 90' lang='lat' dir='ltr'>inde</span> <span class='ocrx_word' id='word_1_192' title='bbox 1325 1229 1506 1272; x_wconf 83' lang='lat' dir='ltr'>excerpta</span> 
     </span>
     <span class='ocr_line' id='line_1_22' title="bbox 53 1281 1505 1330; baseline 0 -12"><span class='ocrx_word' id='word_1_193' title='bbox 53 1284 157 1326; x_wconf 87' lang='lat' dir='ltr'>sunt,</span> <span class='ocrx_word' id='word_1_194' title='bbox 194 1281 329 1318; x_wconf 90' lang='lat' dir='ltr'>sedulo</span> <span class='ocrx_word' id='word_1_195' title='bbox 371 1281 540 1319; x_wconf 85' lang='lat' dir='ltr'>adhibui.</span> <span class='ocrx_word' id='word_1_196' title='bbox 595 1281 753 1329; x_wconf 90' lang='lat' dir='ltr'>Optimis</span> <span class='ocrx_word' id='word_1_197' title='bbox 794 1292 886 1318; x_wconf 88' lang='lat' dir='ltr'>uero</span> <span class='ocrx_word' id='word_1_198' title='bbox 926 1293 1096 1318; x_wconf 91' lang='lat' dir='ltr'>meorum</span> <span class='ocrx_word' id='word_1_199' title='bbox 1137 1281 1316 1318; x_wconf 90' lang='lat' dir='ltr'>codicum</span> <span class='ocrx_word' id='word_1_200' title='bbox 1354 1287 1505 1330; x_wconf 86' lang='lat' dir='ltr'>praeter</span> 
     </span>
     <span class='ocr_line' id='line_1_23' title="bbox 50 1338 1506 1384; baseline 0.001 -10"><span class='ocrx_word' id='word_1_201' title='bbox 50 1339 283 1384; x_wconf 86' lang='lat' dir='ltr'>Palatinum,</span> <span class='ocrx_word' id='word_1_202' title='bbox 320 1339 566 1384; x_wconf 81' lang='lat' dir='ltr'>Vaticanum,</span> <span class='ocrx_word' id='word_1_203' title='bbox 604 1339 838 1376; x_wconf 89' lang='lat' dir='ltr'>Bernenscm</span> <span class='ocrx_word' id='word_1_204' title='bbox 879 1338 928 1375; x_wconf 88' lang='lat' dir='ltr'>ad</span> <span class='ocrx_word' id='word_1_205' title='bbox 958 1338 1117 1376; x_wconf 89' lang='lat' dir='ltr'>Gellium</span> <span class='ocrx_word' id='word_1_206' title='bbox 1152 1339 1431 1376; x_wconf 86' lang='lat' dir='ltr'>recensendum</span> <span class='ocrx_word' id='word_1_207' title='bbox 1470 1343 1506 1376; x_wconf 89' lang='lat' dir='ltr'>et</span> 
     </span>
     <span class='ocr_line' id='line_1_24' title="bbox 52 1395 1503 1444; baseline 0.001 -12"><span class='ocrx_word' id='word_1_208' title='bbox 52 1395 332 1433; x_wconf 87' lang='lat' dir='ltr'>emendandum</span> <span class='ocrx_word' id='word_1_209' title='bbox 363 1397 439 1433; x_wconf 89' lang='lat' dir='ltr'>iam</span> <span class='ocrx_word' id='word_1_210' title='bbox 458 1409 551 1434; x_wconf 89' lang='lat' dir='ltr'>usus</span> <span class='ocrx_word' id='word_1_211' title='bbox 582 1400 639 1433; x_wconf 87' lang='lat' dir='ltr'>est</span> <span class='ocrx_word' id='word_1_212' title='bbox 670 1398 724 1441; x_wconf 86' lang='lat' dir='ltr'>is,</span> <span class='ocrx_word' id='word_1_213' title='bbox 756 1407 778 1433; x_wconf 85' lang='lat' dir='ltr'>a</span> <span class='ocrx_word' id='word_1_214' title='bbox 807 1408 880 1444; x_wconf 88' lang='lat' dir='ltr'>quo</span> <span class='ocrx_word' id='word_1_215' title='bbox 906 1397 1032 1435; x_wconf 90' lang='lat' dir='ltr'>omnia</span> <span class='ocrx_word' id='word_1_216' title='bbox 1054 1396 1150 1433; x_wconf 87' lang='lat' dir='ltr'>hacc</span> <span class='ocrx_word' id='word_1_217' title='bbox 1181 1397 1305 1434; x_wconf 87' lang='lat' dir='ltr'>studia</span> <span class='ocrx_word' id='word_1_218' title='bbox 1323 1397 1503 1444; x_wconf 89' lang='lat' dir='ltr'>pendent,</span> 
     </span>
     <span class='ocr_line' id='line_1_25' title="bbox 50 1451 1503 1502; baseline 0.001 -14"><span class='ocrx_word' id='word_1_219' title='bbox 50 1451 254 1491; x_wconf 88' lang='lat' dir='ltr'>Ioannes</span> <span class='ocrx_word' id='word_1_220' title='bbox 282 1453 576 1491; x_wconf 88' lang='lat' dir='ltr'>Fridericus</span> <span class='ocrx_word' id='word_1_221' title='bbox 607 1454 904 1498; x_wconf 83' lang='lat' dir='ltr'>Gronouius,</span> <span class='ocrx_word' id='word_1_222' title='bbox 945 1455 1007 1501; x_wconf 90' lang='lat' dir='ltr'>qui</span> <span class='ocrx_word' id='word_1_223' title='bbox 1045 1465 1118 1501; x_wconf 87' lang='lat' dir='ltr'>quo</span> <span class='ocrx_word' id='word_1_224' title='bbox 1151 1458 1230 1490; x_wconf 86' lang='lat' dir='ltr'>erat</span> <span class='ocrx_word' id='word_1_225' title='bbox 1261 1455 1414 1502; x_wconf 84' lang='lat' dir='ltr'>ingenio</span> <span class='ocrx_word' id='word_1_226' title='bbox 1445 1466 1503 1491; x_wconf 81' lang='lat' dir='ltr'>re-</span> 
     </span>
     <span class='ocr_line' id='line_1_26' title="bbox 51 1510 1502 1559; baseline 0.001 -13"><span class='ocrx_word' id='word_1_227' title='bbox 51 1510 136 1558; x_wconf 83' lang='lat' dir='ltr'>gios</span> <span class='ocrx_word' id='word_1_228' title='bbox 181 1511 355 1556; x_wconf 87' lang='lat' dir='ltr'>codices,</span> <span class='ocrx_word' id='word_1_229' title='bbox 399 1511 772 1555; x_wconf 87' lang='lat' dir='ltr'>Rottendorfianum,</span> <span class='ocrx_word' id='word_1_230' title='bbox 818 1511 1052 1548; x_wconf 78' lang='lat' dir='ltr'>Vossianum</span> <span class='ocrx_word' id='word_1_231' title='bbox 1090 1513 1111 1550; x_wconf 91' lang='lat'><strong>7</strong></span> <span class='ocrx_word' id='word_1_232' title='bbox 1151 1512 1502 1559; x_wconf 81' lang='lat' dir='ltr'>praestantissimos</span> 
     </span>
     <span class='ocr_line' id='line_1_27' title="bbox 51 1567 1503 1617; baseline 0.001 -13"><span class='ocrx_word' id='word_1_233' title='bbox 51 1578 137 1604; x_wconf 90' lang='lat' dir='ltr'>esse</span> <span class='ocrx_word' id='word_1_234' title='bbox 169 1567 218 1605; x_wconf 87' lang='lat' dir='ltr'>ad</span> <span class='ocrx_word' id='word_1_235' title='bbox 243 1569 466 1615; x_wconf 88' lang='lat' dir='ltr'>scriptorem</span> <span class='ocrx_word' id='word_1_236' title='bbox 496 1568 764 1616; x_wconf 70' lang='lat' dir='ltr'>retingendum</span> <span class='ocrx_word' id='word_1_237' title='bbox 796 1569 914 1605; x_wconf 91' lang='lat' dir='ltr'>duces</span> <span class='ocrx_word' id='word_1_238' title='bbox 943 1570 1061 1615; x_wconf 87' lang='lat' dir='ltr'>probe</span> <span class='ocrx_word' id='word_1_239' title='bbox 1091 1571 1289 1617; x_wconf 85' lang='lat' dir='ltr'>perspexit</span> <span class='ocrx_word' id='word_1_240' title='bbox 1318 1573 1354 1605; x_wconf 91' lang='lat' dir='ltr'>et</span> <span class='ocrx_word' id='word_1_241' title='bbox 1386 1579 1503 1617; x_wconf 88' lang='lat' dir='ltr'>opera</span> 
     </span>
     <span class='ocr_line' id='line_1_28' title="bbox 52 1626 1502 1670; baseline 0.001 -9"><span class='ocrx_word' id='word_1_242' title='bbox 52 1635 140 1670; x_wconf 86' lang='lat' dir='ltr'>sua,</span> <span class='ocrx_word' id='word_1_243' title='bbox 163 1626 311 1662; x_wconf 88' lang='lat' dir='ltr'>etiamsi</span> <span class='ocrx_word' id='word_1_244' title='bbox 329 1636 404 1662; x_wconf 90' lang='lat' dir='ltr'>non</span> <span class='ocrx_word' id='word_1_245' title='bbox 426 1627 618 1670; x_wconf 88' lang='lat' dir='ltr'>absoluta,</span> <span class='ocrx_word' id='word_1_246' title='bbox 642 1626 861 1662; x_wconf 85' lang='lat' dir='ltr'>innumeros</span> <span class='ocrx_word' id='word_1_247' title='bbox 880 1626 986 1662; x_wconf 89' lang='lat' dir='ltr'>Gellii</span> <span class='ocrx_word' id='word_1_248' title='bbox 1011 1627 1117 1662; x_wconf 88' lang='lat' dir='ltr'>locos</span> <span class='ocrx_word' id='word_1_249' title='bbox 1136 1627 1357 1664; x_wconf 82' lang='lat' dir='ltr'>felicissime</span> <span class='ocrx_word' id='word_1_250' title='bbox 1375 1637 1502 1662; x_wconf 86' lang='lat' dir='ltr'>emen-</span> 
     </span>
     <span class='ocr_line' id='line_1_29' title="bbox 50 1680 1501 1731; baseline 0.001 -13"><span class='ocrx_word' id='word_1_251' title='bbox 50 1680 166 1718; x_wconf 84' lang='lat' dir='ltr'>dauit.</span> <span class='ocrx_word' id='word_1_252' title='bbox 197 1683 328 1730; x_wconf 88' lang='lat' dir='ltr'>Neque</span> <span class='ocrx_word' id='word_1_253' title='bbox 346 1683 510 1720; x_wconf 88' lang='lat' dir='ltr'>Iacobi</span> <span class='ocrx_word' id='word_1_254' title='bbox 533 1683 771 1720; x_wconf 90' lang='lat' dir='ltr'>Gronouii</span> <span class='ocrx_word' id='word_1_255' title='bbox 794 1694 910 1730; x_wconf 84' lang='lat' dir='ltr'>opera</span> <span class='ocrx_word' id='word_1_256' title='bbox 928 1683 1162 1730; x_wconf 86' lang='lat' dir='ltr'>spernenda,</span> <span class='ocrx_word' id='word_1_257' title='bbox 1189 1685 1251 1730; x_wconf 86' lang='lat' dir='ltr'>qui</span> <span class='ocrx_word' id='word_1_258' title='bbox 1275 1684 1501 1731; x_wconf 78' lang='lat' dir='ltr'>aliquotiens</span> 
     </span>
     <span class='ocr_line' id='line_1_30' title="bbox 50 1740 1501 1788; baseline 0.003 -14"><span class='ocrx_word' id='word_1_259' title='bbox 50 1743 172 1784; x_wconf 88' lang='lat' dir='ltr'>certe,</span> <span class='ocrx_word' id='word_1_260' title='bbox 196 1740 313 1787; x_wconf 86' lang='lat' dir='ltr'>patris</span> <span class='ocrx_word' id='word_1_261' title='bbox 336 1740 554 1778; x_wconf 90' lang='lat' dir='ltr'>immortalis</span> <span class='ocrx_word' id='word_1_262' title='bbox 571 1740 740 1777; x_wconf 89' lang='lat' dir='ltr'>humeris</span> <span class='ocrx_word' id='word_1_263' title='bbox 763 1741 891 1783; x_wconf 89' lang='lat' dir='ltr'>nisus,</span> <span class='ocrx_word' id='word_1_264' title='bbox 914 1744 1057 1777; x_wconf 87' lang='lat' dir='ltr'>rectam</span> <span class='ocrx_word' id='word_1_265' title='bbox 1083 1741 1308 1788; x_wconf 81' lang='lat' dir='ltr'>scripturam</span> <span class='ocrx_word' id='word_1_266' title='bbox 1327 1742 1501 1778; x_wconf 90' lang='lat' dir='ltr'>restituit.</span> 
     </span>
     <span class='ocr_line' id='line_1_31' title="bbox 51 1795 1500 1846; baseline 0.002 -14"><span class='ocrx_word' id='word_1_267' title='bbox 51 1795 144 1832; x_wconf 93' lang='lat' dir='ltr'>Mihi</span> <span class='ocrx_word' id='word_1_268' title='bbox 176 1796 215 1832; x_wconf 90' lang='lat' dir='ltr'>id</span> <span class='ocrx_word' id='word_1_269' title='bbox 245 1798 485 1844; x_wconf 86' lang='lat' dir='ltr'>potissimum</span> <span class='ocrx_word' id='word_1_270' title='bbox 516 1798 686 1834; x_wconf 88' lang='lat' dir='ltr'>relictum</span> <span class='ocrx_word' id='word_1_271' title='bbox 717 1801 814 1841; x_wconf 88' lang='lat' dir='ltr'>erat,</span> <span class='ocrx_word' id='word_1_272' title='bbox 853 1801 892 1833; x_wconf 86' lang='lat' dir='ltr'>ut</span> <span class='ocrx_word' id='word_1_273' title='bbox 923 1797 1100 1843; x_wconf 84' lang='lat' dir='ltr'>Gellium,</span> <span class='ocrx_word' id='word_1_274' title='bbox 1135 1809 1246 1845; x_wconf 90' lang='lat' dir='ltr'>quem</span> <span class='ocrx_word' id='word_1_275' title='bbox 1272 1799 1418 1846; x_wconf 87' lang='lat' dir='ltr'>passim</span> <span class='ocrx_word' id='word_1_276' title='bbox 1447 1799 1500 1836; x_wconf 91' lang='lat' dir='ltr'>illi</span> 
     </span>
     <span class='ocr_line' id='line_1_32' title="bbox 53 1851 1501 1903; baseline 0.002 -14"><span class='ocrx_word' id='word_1_277' title='bbox 53 1851 104 1889; x_wconf 89' lang='lat' dir='ltr'>ad</span> <span class='ocrx_word' id='word_1_278' title='bbox 120 1853 347 1901; x_wconf 89' lang='lat' dir='ltr'>optimorum</span> <span class='ocrx_word' id='word_1_279' title='bbox 368 1855 549 1892; x_wconf 86' lang='lat' dir='ltr'>librorum</span> <span class='ocrx_word' id='word_1_280' title='bbox 573 1865 743 1891; x_wconf 87' lang='lat' dir='ltr'>norma-m</span> <span class='ocrx_word' id='word_1_281' title='bbox 765 1854 1025 1900; x_wconf 85' lang='lat' dir='ltr'>refinxissent,</span> <span class='ocrx_word' id='word_1_282' title='bbox 1051 1865 1150 1891; x_wconf 92' lang='lat' dir='ltr'>nunc</span> <span class='ocrx_word' id='word_1_283' title='bbox 1171 1858 1289 1892; x_wconf 89' lang='lat' dir='ltr'>totum</span> <span class='ocrx_word' id='word_1_284' title='bbox 1306 1855 1355 1892; x_wconf 87' lang='lat' dir='ltr'>ad</span> <span class='ocrx_word' id='word_1_285' title='bbox 1377 1856 1501 1903; x_wconf 87' lang='lat' dir='ltr'>ipsam</span> 
     </span>
     <span class='ocr_line' id='line_1_33' title="bbox 51 1908 1499 1960; baseline 0.002 -14"><span class='ocrx_word' id='word_1_286' title='bbox 51 1908 150 1946; x_wconf 90' lang='lat' dir='ltr'>hanc</span> <span class='ocrx_word' id='word_1_287' title='bbox 180 1921 351 1948; x_wconf 91' lang='lat' dir='ltr'>normam</span> <span class='ocrx_word' id='word_1_288' title='bbox 382 1913 665 1949; x_wconf 86' lang='lat' dir='ltr'>accuratissime</span> <span class='ocrx_word' id='word_1_289' title='bbox 695 1913 900 1960; x_wconf 81' lang='lat' dir='ltr'>exigerem.</span> <span class='ocrx_word' id='word_1_290' title='bbox 963 1912 1044 1957; x_wconf 80' lang='lat' dir='ltr'>Qua</span> <span class='ocrx_word' id='word_1_291' title='bbox 1074 1913 1111 1948; x_wconf 91' lang='lat' dir='ltr'>in</span> <span class='ocrx_word' id='word_1_292' title='bbox 1137 1923 1178 1948; x_wconf 89' lang='lat' dir='ltr'>re</span> <span class='ocrx_word' id='word_1_293' title='bbox 1208 1913 1414 1960; x_wconf 87' lang='lat' dir='ltr'>praeclaris</span> <span class='ocrx_word' id='word_1_294' title='bbox 1438 1913 1499 1949; x_wconf 86' lang='lat' dir='ltr'>Io.</span> 
     </span>
     <span class='ocr_line' id='line_1_34' title="bbox 50 1965 1501 2016; baseline 0.003 -14"><span class='ocrx_word' id='word_1_295' title='bbox 50 1965 179 2004; x_wconf 87' lang='lat' dir='ltr'>Frid.</span> <span class='ocrx_word' id='word_1_296' title='bbox 211 1967 454 2006; x_wconf 88' lang='lat' dir='ltr'>Gronouii</span> <span class='ocrx_word' id='word_1_297' title='bbox 485 1973 522 2006; x_wconf 86' lang='lat' dir='ltr'>et</span> <span class='ocrx_word' id='word_1_298' title='bbox 551 1970 702 2006; x_wconf 84' lang='lat' dir='ltr'>monitis</span> <span class='ocrx_word' id='word_1_299' title='bbox 731 1973 766 2005; x_wconf 91' lang='lat' dir='ltr'>et</span> <span class='ocrx_word' id='word_1_300' title='bbox 795 1970 957 2006; x_wconf 84' lang='lat' dir='ltr'>inuentis</span> <span class='ocrx_word' id='word_1_301' title='bbox 981 1971 1219 2016; x_wconf 83' lang='lat' dir='ltr'>potissimum</span> <span class='ocrx_word' id='word_1_302' title='bbox 1250 1980 1309 2006; x_wconf 91' lang='lat' dir='ltr'>me</span> <span class='ocrx_word' id='word_1_303' title='bbox 1332 1969 1501 2007; x_wconf 88' lang='lat' dir='ltr'>adiutum</span> 
     </span>
     <span class='ocr_line' id='line_1_35' title="bbox 52 2026 1498 2075; baseline 0.002 -16"><span class='ocrx_word' id='word_1_304' title='bbox 52 2034 157 2069; x_wconf 89' lang='lat' dir='ltr'>esse,</span> <span class='ocrx_word' id='word_1_305' title='bbox 208 2036 304 2072; x_wconf 86' lang='lat' dir='ltr'>quae</span> <span class='ocrx_word' id='word_1_306' title='bbox 347 2027 573 2074; x_wconf 87' lang='lat' dir='ltr'>saepissime</span> <span class='ocrx_word' id='word_1_307' title='bbox 611 2028 649 2063; x_wconf 90' lang='lat' dir='ltr'>in</span> <span class='ocrx_word' id='word_1_308' title='bbox 687 2028 888 2064; x_wconf 85' lang='lat' dir='ltr'>uerborum</span> <span class='ocrx_word' id='word_1_309' title='bbox 919 2026 1091 2063; x_wconf 88' lang='lat' dir='ltr'>ordinem</span> <span class='ocrx_word' id='word_1_310' title='bbox 1124 2027 1346 2075; x_wconf 87' lang='lat' dir='ltr'>recipienda</span> <span class='ocrx_word' id='word_1_311' title='bbox 1379 2031 1498 2071; x_wconf 88' lang='lat' dir='ltr'>erant,</span> 
     </span>
    </p>
   </div>
   <div class='ocr_carea' id='block_1_3' title="bbox 2 2081 1499 2189">
    <p class='ocr_par' dir='ltr' id='par_1_5' title="bbox 2 2081 1499 2189">
     <span class='ocr_line' id='line_1_36' title="bbox 2 2081 1221 2132; baseline 0.004 -16"><span class='ocrx_word' id='word_1_312' title='bbox 2 2089 3 2094; x_wconf 59' lang='lat'>¹</span> <span class='ocrx_word' id='word_1_313' title='bbox 50 2081 172 2128; x_wconf 87' lang='lat' dir='ltr'>primo</span> <span class='ocrx_word' id='word_1_314' title='bbox 203 2084 332 2119; x_wconf 84' lang='lat' dir='ltr'>obtutu</span> <span class='ocrx_word' id='word_1_315' title='bbox 362 2084 486 2130; x_wconf 87' lang='lat' dir='ltr'>quiuis</span> <span class='ocrx_word' id='word_1_316' title='bbox 513 2084 648 2120; x_wconf 87' lang='lat' dir='ltr'>harum</span> <span class='ocrx_word' id='word_1_317' title='bbox 678 2095 803 2120; x_wconf 89' lang='lat' dir='ltr'>rerum</span> <span class='ocrx_word' id='word_1_318' title='bbox 832 2095 972 2132; x_wconf 80' lang='lat' dir='ltr'>gnarus</span> <span class='ocrx_word' id='word_1_319' title='bbox 1000 2085 1221 2132; x_wconf 88' lang='lat' dir='ltr'>perspiciet.</span> 
     </span>
     <span class='ocr_line' id='line_1_37' title="bbox 165 2133 1499 2189; baseline 0.002 -14"><span class='ocrx_word' id='word_1_320' title='bbox 165 2138 275 2175; x_wconf 80' lang='lat' dir='ltr'>Haud</span> <span class='ocrx_word' id='word_1_321' title='bbox 304 2150 390 2176; x_wconf 82' lang='lat' dir='ltr'>raro</span> <span class='ocrx_word' id='word_1_322' title='bbox 430 2141 542 2189; x_wconf 85' lang='lat' dir='ltr'>igitur</span> <span class='ocrx_word' id='word_1_323' title='bbox 573 2133 899 2178; x_wconf 85' lang='lat' dir='ltr'><strong>‘VARIETAS</strong></span> <span class='ocrx_word' id='word_1_324' title='bbox 932 2140 1248 2179; x_wconf 78' lang='lat' dir='ltr'>LECTIONIS</span> <span class='ocrx_word' id='word_1_325' title='bbox 1277 2140 1499 2178; x_wconf 63' lang='grc' dir='ltr'><strong>630Νο-</strong></span> 
     </span>
    </p>
   </div>
   <div class='ocr_carea' id='block_1_4' title="bbox 51 2193 1498 2354">
    <p class='ocr_par' dir='ltr' id='par_1_6' title="bbox 51 2193 1498 2354">
     <span class='ocr_line' id='line_1_38' title="bbox 51 2193 1496 2247; baseline 0.003 -17"><span class='ocrx_word' id='word_1_326' title='bbox 51 2193 303 2232; x_wconf 90' lang='lat' dir='ltr'>VIANAE&#39;</span> <span class='ocrx_word' id='word_1_327' title='bbox 318 2226 326 2241; x_wconf 91' lang='lat'>,</span> <span class='ocrx_word' id='word_1_328' title='bbox 350 2197 375 2233; x_wconf 89' lang='lat' dir='ltr'>i.</span> <span class='ocrx_word' id='word_1_329' title='bbox 390 2209 425 2235; x_wconf 90' lang='lat' dir='ltr'>e.</span> <span class='ocrx_word' id='word_1_330' title='bbox 440 2198 615 2234; x_wconf 82' lang='lat' dir='ltr'>editionis</span> <span class='ocrx_word' id='word_1_331' title='bbox 636 2198 728 2234; x_wconf 85' lang='lat' dir='ltr'>Iac.</span> <span class='ocrx_word' id='word_1_332' title='bbox 749 2198 987 2235; x_wconf 89' lang='lat' dir='ltr'>Gronouii</span> <span class='ocrx_word' id='word_1_333' title='bbox 1010 2199 1131 2247; x_wconf 78' lang='lat' dir='ltr'>Lugd.</span> <span class='ocrx_word' id='word_1_334' title='bbox 1149 2199 1233 2235; x_wconf 86' lang='lat' dir='ltr'>Bat.</span> <span class='ocrx_word' id='word_1_335' title='bbox 1252 2210 1284 2239; x_wconf 82' lang='lat' dir='ltr'>a.</span> <span class='ocrx_word' id='word_1_336' title='bbox 1299 2197 1496 2235; x_wconf 87' lang='lat' dir='ltr'><strong>MDCCVI.</strong></span> 
     </span>
     <span class='ocr_line' id='line_1_39' title="bbox 52 2250 1498 2303; baseline 0.003 -17"><span class='ocrx_word' id='word_1_337' title='bbox 52 2250 173 2288; x_wconf 84' lang='lat' dir='ltr'>forma</span> <span class='ocrx_word' id='word_1_338' title='bbox 202 2252 384 2299; x_wconf 87' lang='lat' dir='ltr'>quadrata</span> <span class='ocrx_word' id='word_1_339' title='bbox 415 2255 561 2300; x_wconf 84' lang='lat' dir='ltr'>editae,</span> <span class='ocrx_word' id='word_1_340' title='bbox 599 2255 696 2292; x_wconf 84' lang='lat' dir='ltr'>infra</span> <span class='ocrx_word' id='word_1_341' title='bbox 726 2255 873 2291; x_wconf 86' lang='lat' dir='ltr'>adiecta</span> <span class='ocrx_word' id='word_1_342' title='bbox 903 2267 948 2291; x_wconf 88' lang='lat' dir='ltr'>eo</span> <span class='ocrx_word' id='word_1_343' title='bbox 992 2260 1132 2293; x_wconf 88' lang='lat' dir='ltr'>tantum</span> <span class='ocrx_word' id='word_1_344' title='bbox 1162 2260 1243 2292; x_wconf 85' lang='lat' dir='ltr'>orta</span> <span class='ocrx_word' id='word_1_345' title='bbox 1273 2260 1350 2300; x_wconf 87' lang='lat' dir='ltr'>est,</span> <span class='ocrx_word' id='word_1_346' title='bbox 1395 2254 1498 2303; x_wconf 84' lang='lat' dir='ltr'>quod</span> 
     </span>
     <span class='ocr_line' id='line_1_40' title="bbox 51 2305 1495 2354; baseline 0.004 -12"><span class='ocrx_word' id='word_1_347' title='bbox 51 2305 145 2354; x_wconf 88' lang='lat' dir='ltr'>ipsis</span> <span class='ocrx_word' id='word_1_348' title='bbox 185 2308 386 2347; x_wconf 89' lang='lat' dir='ltr'>Gronouiis</span> <span class='ocrx_word' id='word_1_349' title='bbox 425 2313 585 2349; x_wconf 82' lang='lat' dir='ltr'>ducibus</span> <span class='ocrx_word' id='word_1_350' title='bbox 626 2313 705 2348; x_wconf 87' lang='lat' dir='ltr'>siue</span> <span class='ocrx_word' id='word_1_351' title='bbox 751 2314 930 2349; x_wconf 88' lang='lat' dir='ltr'>librorum</span> <span class='ocrx_word' id='word_1_352' title='bbox 969 2324 1062 2350; x_wconf 86' lang='lat' dir='ltr'>mss.</span> <span class='ocrx_word' id='word_1_353' title='bbox 1109 2313 1288 2350; x_wconf 83' lang='lat' dir='ltr'>lectiones</span> <span class='ocrx_word' id='word_1_354' title='bbox 1334 2313 1416 2349; x_wconf 86' lang='lat' dir='ltr'>siue</span> <span class='ocrx_word' id='word_1_355' title='bbox 1462 2315 1495 2348; x_wconf 82' lang='lat' dir='ltr'>et</span> 
     </span>
    </p>
   </div>
  </div>
 </body>
</html>
