1619 2476
152 34 234 76 164
670 31 778 70 XVI.
807 41 894 68 xm.
915 39 1023 68 x1111.

150 147 400 196 imperatore
417 144 575 193 petisse
594 153 848 191 orasseque,
866 145 910 180 ut
926 152 978 180 ex
1000 141 1163 181 colonia
1189 141 1229 181 in
1247 142 1455 193 municipii
1473 149 1554 184 sta-

151 209 237 242 tum
254 201 552 249 redigerentur,
584 198 709 248 idque
737 198 815 237 illis
833 196 1038 236 Tiberium
1055 209 1132 247 pro
1151 198 1321 237 ferenda
1339 199 1470 249 gratia
1485 199 1552 239 tri-

150 258 314 303 buisse,
347 256 460 305 quod
491 256 530 294 in
554 266 698 294 eorum
723 254 873 293 finibus
899 253 976 292 sub
1001 254 1093 303 ipso
1129 254 1283 304 oppido
1315 266 1367 294 ex
1390 255 1555 305 capitali

150 314 296 353 morbo
316 311 575 351 reualuisset.
1134 311 1141 313 ’

112 392 134 426 5
239 373 251 391 ε
266 368 518 418 Municipes’
539 379 638 417 ergo
658 373 754 406 sunt
774 367 886 406 ciues
905 365 1081 406 Romani
1099 378 1151 406 ex
1172 366 1424 418 municipiis,
1457 367 1567 417 legi->

153 428 229 465 bus
254 425 340 464 suis
360 430 399 464 et
415 436 491 463 suo
510 424 597 463 iure
614 428 792 471 utentes,
811 422 992 462 muneris
1010 427 1168 462 tantum
1193 434 1286 462 cum
1301 425 1458 474 populo
1474 425 1553 464 Ro·
1609 426 1611 429 “

150 493 273 521 mano
291 481 488 521 honorari
509 480 754 529 participes,
786 491 809 519 a
827 491 909 529 quo
936 490 1106 518 munere
1129 480 1391 530 capessendo
1416 481 1554 530 appel-

152 538 220 578 lati
237 538 443 584 uidentur,
471 536 591 576 nullis
610 537 698 575 aliis
716 535 1036 575 necessitatibus
1055 546 1192 585 neque
1217 537 1300 575 ulla
1317 536 1461 586 populi
1474 537 1554 576 Ro-

151 594 260 633 mani
289 596 380 643 lege
413 593 588 640 astricti,
621 592 699 632 nisi
724 592 763 631 in
792 603 915 642 quam
941 593 1122 642 populus
1150 603 1295 632 eorum
1322 593 1474 632 fundus
1501 592 1557 631 fa·
1610 606 1612 608 ’

115 666 138 701 7
154 656 244 690 ctus
274 655 350 690 est.
382 649 542 689 Primos
560 654 696 688 autem
714 648 942 698 municipes
960 648 1049 687 sine
1066 648 1254 698 suffragii
1270 648 1359 688 iure
1376 648 1555 688 Caerites

154 718 251 748 esse
282 707 416 745 factos
449 706 686 755 accepimus
720 716 1056 754 concessumque
1079 703 1179 752 illis,
1205 710 1250 744 ut
1276 704 1451 744 ciuitatis
1476 706 1558 744 Ro-

152 776 300 805 manae
319 766 522 804 honorem
543 763 709 812 quidem
728 766 946 812 caperent,
978 762 1055 801 sed
1070 761 1250 811 negotiis
1275 765 1412 801 tamen
1431 765 1555 811 atque

154 822 350 863 oneribus
373 825 572 860 uacarent
595 831 672 870 pro
702 819 832 859 sacris
855 819 965 858 bello
995 817 1150 858 Gallico
1173 817 1353 868 receptis
1377 817 1557 857 custodi-

151 879 302 927 tisque.
334 877 438 916 Hinc
460 876 639 915 ‘tabulae
658 876 855 915 Caerites’
874 875 1106 924 appellatae
1125 885 1251 914 uersa
1266 874 1372 921 uice,
1393 873 1434 912 in
1453 884 1557 923 quas

155 945 355 974 censores
383 933 526 972 referri
555 932 772 979 iubebant,
806 943 912 981 quos
935 935 1060 970 notae
1092 941 1218 970 causa
1245 929 1456 979 suffragiis
1476 929 1556 979 pri-

152 991 319 1030 uabant.

117 1055 140 1089 8
242 1046 324 1086 Sed
344 1046 634 1085 ‘coloniarum’
654 1045 732 1084 alia
747 1043 1015 1084 necessitudo
1035 1049 1120 1091 est3
1151 1054 1234 1083 non
1254 1042 1362 1082 enim
1385 1040 1560 1081 ueniunt

153 1103 414 1142 extrinsecus
436 1102 474 1140 in
494 1102 701 1143 ciuitatem
726 1113 804 1142 nec
822 1101 908 1141 suis
930 1099 1139 1139 radicibus
1162 1099 1365 1146 nituntur,
1398 1098 1475 1137 sed
1506 1108 1559 1136 ex

155 1159 317 1198 ciuitate
345 1158 464 1211 quasi
480 1164 736 1209 propagatae
756 1162 853 1198 sunt
868 1161 909 1196 et
924 1156 1015 1196 iura
1036 1155 1309 1205 institutaque
1332 1153 1470 1195 omnia
1486 1165 1559 1203 po-

114 1228 137 1264 9
153 1217 239 1270 puli
254 1217 449 1264 Romani,
472 1228 554 1256 non
574 1216 636 1255 sui
654 1214 819 1261 arbitrii,
846 1214 1012 1252 habent.
1075 1213 1188 1261 Quae
1205 1217 1343 1251 tamen
1361 1209 1558 1256 conditio,

156 1287 248 1315 cum
266 1275 318 1313 sit
335 1273 464 1322 magis
484 1272 666 1312 obnoxia
683 1276 723 1310 et
739 1271 873 1309 minus
896 1270 1043 1314 libera,
1069 1267 1209 1317 potior
1230 1273 1363 1306 tamen
1383 1271 1424 1305 et
1442 1276 1560 1315 prae-

157 1330 343 1371 stabilior
375 1328 634 1368 existimatur
664 1331 838 1376 propter
870 1324 1182 1374 amplitudinem
1218 1322 1560 1371 maiestatemque

156 1386 300 1437 populi
317 1384 512 1430 Romani,
548 1383 663 1422 cuius
688 1382 792 1421 istae
811 1380 1000 1420 coloniae
1020 1379 1139 1429 quasi
1157 1379 1317 1429 effigies
1336 1389 1493 1428 paruae
1509 1376 1560 1416 si-

157 1445 425 1491 mulacraque
453 1451 549 1479 esse
575 1439 781 1488 quaedam
803 1437 1017 1483 uidentur,
1051 1440 1091 1475 et
1118 1435 1238 1474 simul
1260 1434 1357 1484 quia
1379 1435 1559 1473 obscura

160 1499 462 1547 obliterataque
487 1501 583 1536 sunt
604 1494 920 1544 municipiorum
937 1492 1038 1540 iura,
1071 1492 1220 1541 quibus
1238 1490 1298 1531 uti
1314 1490 1394 1529 iam
1411 1501 1487 1540 per
1502 1489 1560 1527 in-

157 1554 343 1595 notitiam
371 1565 453 1593 non
477 1556 645 1602 queunt.

791 1640 914 1679 XIIII.

158 1703 269 1749 Quod
292 1704 344 1739 M.
370 1702 458 1739 Cato
481 1701 636 1737 differre
659 1700 750 1736 dixit
775 1709 982 1747 properare
1012 1702 1049 1733 et
1069 1698 1268 1739 festinare3
1300 1699 1337 1730 et
1367 1705 1478 1740 quam
1508 1696 1562 1729 in·

215 1759 413 1796 commode
438 1759 595 1794 Verrius
617 1758 774 1793 Flaccus
798 1756 914 1799 uerbi,
937 1753 1039 1801 quod
1059 1757 1116 1788 est
1138 1752 1305 1795 festinat,
1336 1746 1479 1797 ἕτυμον
1506 1750 1562 1786 in-

215 1820 438 1863 terpretatus
471 1819 538 1850 est.

122 1896 141 1928 1
244 1896 257 1914 ‘
269 1891 504 1931 Festinare’
531 1894 573 1929 et
588 1892 601 1912 ²
613 1899 842 1939 properare
853 1890 866 1908 '
892 1887 1002 1926 idem
1019 1883 1254 1934 significare
1272 1886 1396 1930 atque
1411 1880 1451 1919 in
1466 1892 1563 1920 ean-

122 1949 254 1988 Sdem
283 1959 371 1987 rem
388 1947 468 1986 dici
492 1946 698 1986 uidentur.
762 1944 846 1983 Sed
869 1944 923 1982 M.
952 1944 1075 1982 Cato
1100 1940 1141 1978 id
1163 1938 1331 1978 differre
1357 1935 1566 1976 existimat

162 2016 295 2054 eaque
315 2005 398 2043 hoc
415 2003 540 2043 modo
560 2001 707 2047 diuisa,
725 2023 781 2027 ——
810 1999 941 2039 uerba
957 2001 1054 2038 sunt
1074 1995 1206 2046 ipsius
1224 2005 1277 2033 ex
1301 2004 1325 2033 ο
1339 1992 1563 2039 ratione,

163 2071 285 2109 quam
306 2060 366 2099 de
395 2059 504 2098 suis
534 2056 829 2097 uirtutibus
854 2054 1085 2094 habuit—:
1117 2050 1273 2091 Aliud
1302 2053 1384 2088 est
1412 2051 1528 2098 ‘pro
1550 2071 1564 2076 -

161 2119 388 2165 perare’,
420 2115 558 2154 aliud
577 2112 893 2153 wastinam&
926 2108 1017 2159 Qui
1041 2119 1193 2148 unum
1220 2104 1346 2156 quid
1370 2108 1566 2144 mature

162 2171 428 2221 transigit,
470 2171 512 2210 is
556 2173 827 2220 properat,
876 2166 959 2216 qui
1001 2166 1159 2204 multa
1198 2161 1350 2202 simul
1380 2158 1565 2209 incipit

163 2238 327 2275 neque
357 2227 597 2276 perficit,
636 2226 680 2265 is
710 2223 942 2264 festinat.
1558 2232 1563 2237 ·
