1619 2476
91 1 117 40 8
693 0 743 40 X.
764 10 802 38 v,
826 11 880 39 v1.

766 113 817 150 V.

89 184 239 219 Auarus
263 183 472 228 simplexne
490 180 715 215 uocabulum
733 180 791 224 sit,
814 191 862 216 an
884 181 1132 227 compositum
1153 184 1188 216 et
1213 180 1365 228 duplex,
1391 181 1488 217 sicut

573 237 612 271 P.
645 235 795 283 Nigidio
825 236 986 272 uidetur.

44 322 62 354 1
171 315 369 353 eAuarus’
394 323 476 351 non
502 311 678 360 simplex
693 311 964 358 uocabulum,
995 311 1071 350 sed
1102 310 1286 352 iunctum
1320 313 1485 361 copula-

84 376 254 420 tumque
286 380 380 408 esse
418 369 460 407 P.
491 367 738 417 Nigidius
771 367 868 406 dicit
908 367 948 406 in
987 367 1485 407 commentariorum

84 424 515 466 undetricesimo.
575 426 782 463 Auarus
805 423 958 470 enim,
986 423 1129 472 inquit,
1151 425 1484 474 appellatur,

86 482 169 532 qui
200 481 400 521 auidus
428 480 569 519 aeris
600 484 691 519 est.
754 479 854 519 Sed
882 479 935 518 in
962 490 1019 518 ea
1044 481 1232 528 copula
1257 491 1280 519 e
1302 478 1484 531 litera,

45 539 234 588 2inquit,
280 536 486 576 detrita
531 541 623 575 est.
699 537 797 575 ltem
829 536 1129 585 ‘locupletem'
1163 535 1317 575 dictum
1348 534 1403 574 ait
1433 546 1484 574 ex

87 594 316 645 conpositis
338 593 536 639 uocibus,
569 589 637 641 qui
669 593 895 641 <pleraque
927 593 1055 638 loea',
1087 592 1168 631 hoc
1194 596 1259 632 est
1289 591 1358 642 qui
1385 592 1484 630 mul-

84 658 148 691 tas
171 649 467 700 possessiones
493 653 664 687 teneret.

46 712 69 746 3
168 707 252 747 Sed
285 704 537 755 probabilius
568 704 608 742 id
639 703 882 752 firmiusque
913 709 988 751 est,
1013 704 1126 753 quod
1157 704 1209 743 de
1241 705 1482 754 ‘locuplete’

85 763 199 802 dixit.
261 763 361 801 Nam
397 762 447 800 de
483 763 662 799 eauaro’
707 759 943 809 ambigitur:
984 771 1057 799 cur
1086 759 1194 798 enim
1239 771 1322 800 non
1351 757 1486 800 uideri

84 819 220 869 possit
260 819 310 857 ab
338 829 420 857 uno
451 818 586 857 solum
624 817 752 856 uerbo
782 816 1040 864 inclinatum,
1088 816 1200 865 quod
1233 821 1298 855 est
1339 818 1483 855 eauet’

85 876 315 925 eademque
345 884 440 913 esse
471 873 628 920 fictura,
659 883 740 922 qua
771 877 835 911 est
856 876 1068 921 ‘amarus'‚
1101 872 1153 911 de
1175 883 1256 922 quo
1282 871 1378 911 nihil
1403 870 1486 910 dici

84 936 244 981 potest,
273 930 367 980 quin
388 931 540 979 duplex
560 941 642 969 non
665 929 744 968 sit?

749 1019 816 1058 V1.

84 1105 238 1140 Multam
265 1103 401 1140 dietam
425 1115 511 1139 esse
536 1104 580 1138 ab
605 1102 788 1138 aedilibus
811 1102 934 1148 plebei
951 1102 1050 1148 Appi
1070 1100 1182 1138 Caeci
1203 1101 1316 1147 filiae,
1338 1101 1484 1154 mulieri

395 1160 531 1203 nobili,
561 1158 661 1205 quod
683 1160 806 1194 locuta
823 1162 924 1194 esset
938 1158 1180 1205 petulantius.

52 1237 65 1269 l
169 1237 258 1274 Non
291 1235 330 1274 in
357 1237 464 1274 facta
498 1236 644 1282 modo,
685 1235 761 1274 sed
798 1234 836 1273 in
866 1245 995 1274 uoces
1033 1233 1154 1273 etiam
1183 1231 1484 1283 petulantiores

85 1291 249 1341 publice
268 1291 517 1330 uindicatum
541 1297 628 1337 est;
655 1290 710 1329 ita
732 1290 838 1329 enim
861 1290 1013 1329 debere
1038 1300 1134 1329 esse
1147 1288 1236 1328 uisa
1253 1292 1318 1328 est
1336 1289 1484 1327 Roma-

49 1351 70 1383 2
85 1358 164 1386 nae
191 1346 436 1396 disciplinae
473 1345 650 1395 dignitas
688 1341 948 1384 inuiolabili's.
1008 1344 1120 1395 Appi
1158 1355 1339 1393 namque
1375 1343 1483 1383 illius

87 1402 205 1443 Caeci
229 1403 330 1450 filia,
355 1414 378 1441 a
409 1402 515 1441 ludis
540 1413 645 1451 quos
669 1405 932 1451 spectauerat
963 1400 1129 1452 exiens,
1151 1401 1272 1440 turba
1302 1399 1484 1449 undique

86 1459 334 1500 confluentis
375 1458 697 1507 fluctuantisque
727 1457 868 1507 populi
908 1457 1056 1496 iactata
1092 1461 1168 1496 est.
1229 1458 1369 1505 Atque
1387 1455 1495 1494 inde>

86 1526 269 1564 egressa,
294 1526 386 1554 cum
404 1526 450 1554 se
467 1515 572 1553 male
589 1514 764 1553 habitam
784 1513 958 1552 diceret:
982 1509 1099 1562 <quid
1115 1523 1180 1552 me
1204 1522 1314 1552 nunc
1331 1513 1486 1551 factum

86 1573 233 1618 esset’,
256 1571 400 1620 inquit,
435 1574 692 1620 ‘quantoque
715 1569 841 1609 artius
865 1568 1139 1619 pressiusque
1161 1567 1399 1608 conflictata
1421 1578 1484 1606 es-

85 1638 186 1674 sem,
211 1626 246 1666 si
265 1628 308 1666 P.
335 1627 540 1673 Claudius,
565 1628 688 1666 frater
710 1637 841 1677 meus,
875 1625 1011 1664 nauali
1031 1624 1190 1674 proelio
1214 1625 1392 1663 classem
1415 1633 1483 1661 na-

84 1683 195 1722 uium
218 1694 309 1722 cum
332 1683 487 1733 ingenti
505 1682 652 1722 ciuium
674 1693 844 1722 numero
869 1692 951 1721 non
973 1680 1251 1730 perdidisset?
1270 1684 1382 1718 certe
1399 1677 1483 1727 qui-

87 1740 179 1778 dem
202 1740 357 1779 maiore
377 1750 486 1778 nunc
510 1739 630 1788 copia
653 1738 795 1788 populi
813 1747 1018 1788 oppressa
1032 1735 1348 1776 intercidissem.
1399 1733 1484 1773 Sed

85 1795 269 1843 utinam’,
288 1795 429 1844 inquit,
449 1794 688 1834 <reuiuiscat
706 1796 829 1833 frater
844 1793 1046 1842 aliamque
1061 1793 1238 1831 classem
1253 1791 1298 1835 in*
1306 1787 1485 1830 Siciliam

88 1851 211 1890 ducat
232 1856 356 1900 atque
373 1851 492 1891 istam
512 1850 812 1890 multitudinem
829 1848 1034 1899 perditum
1050 1852 1128 1894 eat,
1165 1858 1271 1896 quae
1287 1857 1353 1885 me
1377 1847 1493 1884 male

47 1912 71 1946 3
87 1919 196 1946 nune
228 1907 421 1947 miseram
445 1906 731 1947 conuexauit!’
776 1906 834 1945 Ob
857 1907 959 1944 haec
980 1902 1160 1943 mulieris
1181 1903 1310 1942 uerba
1325 1907 1409 1942 tam
1426 1901 1485 1940 in-

86 1964 219 2012 proba
236 1974 284 2002 ac
304 1970 386 2003 tam
402 1963 592 2010 inciuilia‚
617 1964 657 2002 C.
676 1962 913 2001 Fundanius
932 1966 972 1999 et
993 1958 1178 1999 Tiberius
1196 1957 1484 2008 Sempronius,

88 2020 244 2059 aediles
269 2019 416 2069 plebei,
440 2020 608 2058 multam
631 2018 824 2058 dixerunt
845 2017 882 2056 ei
903 2015 1010 2056 aeris
1042 2014 1181 2065 grauis
1205 2014 1347 2064 uiginti
1370 2013 1485 2063 quin-

47 2080 71 2112 4
90 2086 170 2123 que
200 2075 320 2114 milia.
396 2076 441 2114 ld
472 2076 624 2114 factum
646 2085 742 2114 esse
762 2073 859 2112 dicit
880 2071 1062 2122 Capito
1086 2070 1277 2110 Ateius
1303 2070 1344 2109 in
1376 2079 1497 2108 com--

90 2131 286 2170 mentario
308 2132 366 2170 de
389 2131 498 2170 iudi
516 2131 608 2171 ciis
632 2129 887 2181 publicis,
920 2128 1026 2167 bello
1048 2126 1228 2166 Poenico
1246 2126 1392 2176 primo,
1414 2124 1497 2162 Fa·-

92 2185 160 2224 bio
180 2185 318 2225 Licino
338 2192 377 2225 et
399 2186 567 2227 Otacilio
591 2188 740 2226 Crasso
765 2183 1019 2224 consulibus.
