1619 2476
167 35 250 76 194
695 33 821 72 XVII.
849 43 920 71 xx.
937 43 1021 71 xxl.

166 149 328 196 busque
352 150 392 184 et
415 145 601 184 rutundis
625 143 806 183 numeris
832 154 925 182 cum
955 144 1134 192 quadam
1155 143 1361 206 aequabili
1390 143 1559 184 circum-

127 214 148 247 5
167 203 327 243 actione
351 201 617 240 deuinctum?
651 200 835 239 habesne
852 199 973 239 nobis
993 199 1163 238 dicere'
1153 211 1193 238 m
1218 199 1330 239 libris
1348 199 1560 239 rhetorum

167 263 404 298 uestrorum
428 262 512 295 tam
545 261 640 306 apte
670 261 837 305 tamque
866 256 1077 295 modulate
1113 255 1387 305 compositam
1410 255 1559 296 oratio-

167 315 287 353 nem?
317 313 393 351 sed
413 313 519 359 hos',
551 312 696 364 inquit,
723 314 877 350 ‘tamen
895 322 1092 351 numeros
1112 322 1266 351 censeo
1281 311 1430 352 uideas
1447 305 1561 351 ὁδοῦ

129 380 150 415 6
167 365 407 420 πάρεργον
468 369 535 408 Ad
556 368 647 417 ipsa
668 368 773 407 enim
791 368 838 407 Pl
853 372 936 407 ato
949 368 1026 407 nis
1047 367 1302 418 penetralia‘
1292 378 1560 418 ipsarumque

167 436 303 465 rerum
325 425 514 474 pondera
531 430 571 463 et
589 424 807 474 dignitates
825 424 1082 473 pergendum
1105 428 1188 472 est,
1218 435 1301 463 non
1319 424 1372 462 ad
1393 425 1560 464 uocula-

166 493 257 521 rum
280 481 367 520 eius
393 481 683 520 amoenitatem
707 491 783 519 nec
809 481 861 519 ad
892 481 1117 520 uerborum
1139 484 1382 519 uenustates
1415 481 1560 519 deuer-

167 538 410 578 sitandum’.

130 603 150 638 7
252 595 365 632 Haec
383 592 607 632 admonitio
625 592 773 631 Tauri
795 593 846 631 de
873 592 1071 632 orationis
1088 592 1395 632 Platonicae
1417 592 1559 631 modu-

168 650 237 698 lis,
269 661 352 688 non
384 650 508 689 modo
542 660 625 688 non
648 648 870 698 repressit,
904 650 980 687 sed
1011 648 1219 687 instrinxit
1247 648 1367 688 etiam
1403 659 1480 688 nos
1507 648 1560 687 ad

130 716 153 751 8
170 705 414 755 elegantiam
426 706 609 744 Graecae
628 704 824 744 orationis
840 705 980 743 uerbis
1001 704 1154 743 Latinis
1171 704 1480 752 adfectandam3
1503 708 1558 743 at-

171 773 251 811 que
266 762 323 800 uti
342 763 544 810 quaedam
561 761 793 799 animalium
812 772 940 809 parua
959 766 999 800 et
1017 760 1113 800 uilia
1128 761 1181 799 ad
1196 761 1434 800 imitandum
1451 765 1559 807 sunt,

171 820 272 867 quas
295 829 362 856 res
391 829 567 866 cumque
597 816 801 856 audierint
824 817 1079 867 uiderintue,
1115 816 1353 866 petulantia,
1384 816 1560 866 proinde

169 885 247 913 nos
265 884 325 920 ea,
345 884 450 923 quae
469 874 507 912 in
524 875 665 912 Plato
677 872 754 912 nis
774 873 960 912 oratione
978 873 1237 920 demiramur,
1266 884 1349 912 non
1366 871 1561 911 aemulari

172 930 357 979 quidem,
391 930 465 968 sed
495 929 623 968 lineas
658 929 911 978 umbrasque
934 930 1069 968 facere
1097 930 1186 968 ausi
1220 940 1376 968 sumus.
1437 929 1562 967 Velut

169 986 305 1035 ipsum
340 986 420 1024 hoc
456 991 540 1033 est7
573 986 686 1034 quod
710 996 760 1024 ex
783 984 915 1023 isdem
933 985 1008 1024 illis
1034 984 1174 1024 uerbis
1196 984 1283 1024 eius
1306 983 1558 1023 effinximus:

133 1047 154 1080 9
171 1042 347 1088 <Omne',
380 1041 520 1091 inquit,
551 1040 734 1080 ‘omnino
754 1042 903 1080 sactum
922 1041 981 1081 sic
1005 1052 1100 1080 sese
1117 1041 1259 1080 habet:
1289 1051 1425 1090 neque
1440 1044 1560 1089 turpe

171 1104 252 1145 est,
287 1103 484 1146 quantum
508 1098 546 1136 in
569 1109 618 1136 eo
647 1103 732 1144 est,
765 1109 901 1146 neque
929 1098 1172 1144 honestum3
1200 1098 1314 1136 uelut
1343 1101 1425 1144 est,
1458 1106 1560 1144 quas

170 1164 278 1192 nunc
314 1154 483 1192 facimus
522 1154 601 1203 ipsi
635 1165 723 1201 res,
764 1154 926 1201 bibere,
961 1157 1147 1201 cantare,
1179 1153 1400 1192 disserere.
1458 1150 1563 1190 Nihil

170 1220 347 1258 namque
368 1211 515 1248 horum
535 1210 670 1259 ipsum
689 1220 740 1248 ex
758 1221 853 1249 sese
868 1211 1089 1249 honestum
1106 1214 1191 1257 est;
1211 1208 1320 1258 quali
1337 1219 1428 1246 cum
1447 1207 1563 1246 fieret

171 1266 294 1304 modo
326 1267 477 1304 factum
508 1271 588 1313 est,
618 1267 699 1304 tale
733 1265 881 1304 extitit:
911 1265 946 1305 si
974 1270 1086 1304 recte
1118 1265 1378 1313 honesteque
1410 1264 1562 1302 factum

171 1326 246 1368 est,
275 1326 359 1360 tum
376 1321 595 1360 honestum
613 1321 678 1367 fit3
712 1321 772 1359 sin
790 1332 935 1370 parum
953 1325 1077 1367 recte,
1104 1325 1221 1369 turpe
1238 1320 1302 1358 fit:
1328 1318 1388 1358 sic
1410 1325 1577 1357 amare.⁴

171 1377 238 1416 Sic
260 1388 376 1416 amor
404 1387 487 1416 non
518 1378 720 1415 honestus
754 1375 884 1415 omnis
915 1387 1052 1425 neque
1084 1376 1216 1415 omnis
1247 1375 1368 1415 laude
1398 1374 1561 1424 dignus,

171 1433 246 1472 sed
269 1431 337 1482 qui
359 1431 475 1480 facit,
497 1443 574 1472 nos
600 1437 645 1471 ut
661 1432 838 1471 honeste
863 1435 1078 1471 amemus’.

813 1544 920 1583 XXI.

172 1626 313 1670 Quibus
344 1626 570 1671 temporibus
596 1630 681 1671 post
706 1625 862 1660 Romam
885 1625 1074 1661 conditam
1099 1625 1229 1661 Graeci
1255 1623 1488 1671 Romanique
1511 1623 1564 1659 in-

207 1683 341 1718 lustres
357 1681 429 1717 uiri
450 1680 643 1717 floruerint
664 1685 747 1716 ante
769 1681 976 1717 secundum
996 1682 1132 1717 bellum
1155 1680 1530 1727 Carthaginiensium.

131 1777 151 1810 1
253 1769 310 1806 Vt
327 1773 598 1818 conspectum
622 1768 829 1817 quendam
849 1773 1026 1807 aetatum
1043 1766 1443 1816 antiquissimarum,
1465 1766 1563 1805 item

169 1823 353 1864 uirorum
373 1824 624 1872 inlustrium,
658 1823 728 1873 qui
750 1824 790 1862 in
815 1824 878 1863 his
894 1824 1097 1863 aetatibus
1115 1823 1197 1862 nati
1215 1822 1411 1871 fuissent,
1440 1822 1564 1861 habe-

171 1891 328 1928 remus,
356 1891 408 1919 ne
431 1880 471 1918 in
499 1880 761 1920 sermonibus
784 1881 889 1920 forte
916 1880 1230 1929 inconspectum
1257 1878 1418 1928 aliquid·
1436 1888 1563 1928 super

172 1940 304 1974 aetate
325 1941 449 1985 atque
464 1936 550 1975 uita
567 1936 786 1976 clariorum
810 1936 1020 1976 hominum
1040 1941 1196 1974 temere
1212 1934 1463 1981 diceremus,
1487 1933 1563 1973 sic-

170 1991 228 2030 uti
261 1992 449 2041 sophista
477 1992 544 2030 ille
577 1987 862 2040 ἀπαίδευτος,
895 1992 963 2041 qui
990 1991 1153 2042 publice
1180 1998 1313 2040 nuper
1350 1989 1562 2030 disserens

174 2048 331 2086 Carne
345 2049 482 2086 adem
513 2047 806 2097 philosophum
826 2060 850 2087 a
871 2059 969 2097 rege
985 2047 1245 2094 Alexandro,
1259 2045 1444 2096 Philippi
1465 2044 1561 2091 filio,

172 2103 346 2151 pecunia
379 2104 572 2143 donatum
606 2109 645 2143 et
672 2105 968 2143 Panaetium
998 2103 1182 2143 Stoicum
1214 2114 1307 2142 cum
1347 2101 1564 2152 superiore

172 2159 368 2199 Africano
395 2159 550 2200 uixisse
573 2160 683 2208 dixit,
716 2167 759 2199 ut
775 2161 825 2199 ab
848 2160 1094 2207 istiusmodi,
1123 2160 1304 2210 inquam,
1329 2163 1564 2208 temporum
1574 2155 1608 2214 ,ᾗ

175 2218 435 2264 aetatumque
453 2216 662 2256 erroribus
688 2228 943 2264 caueremus,
963 2221 1002 2255 et
1019 2216 1346 2267 excerpcbamus
1363 2226 1415 2254 ex
1436 2213 1605 2260 libris,'-·
1592 2247 1602 2267 z

1588 2134 1608 2152 ε’,
