<?xml version="1.0" encoding="UTF-8"?>
<!DOCTYPE html PUBLIC "-//W3C//DTD XHTML 1.0 Transitional//EN"
    "http://www.w3.org/TR/xhtml1/DTD/xhtml1-transitional.dtd">
<html xmlns="http://www.w3.org/1999/xhtml" xml:lang="en" lang="en">
 <head>
  <title>
</title>
<meta http-equiv="Content-Type" content="text/html;charset=utf-8" />
  <meta name='ocr-system' content='tesseract 3.04.00' />
  <meta name='ocr-capabilities' content='ocr_page ocr_carea ocr_par ocr_line ocrx_word'/>
</head>
<body>
  <div class='ocr_page' id='page_1' title='image "./agelliinoctivmat00gelluoft_0378.png"; bbox 0 0 1619 2476; ppageno 0'>
   <div class='ocr_carea' id='block_1_1' title="bbox 149 28 1045 89">
    <p class='ocr_par' dir='ltr' id='par_1_1' title="bbox 149 28 1045 89">
     <span class='ocr_line' id='line_1_1' title="bbox 149 28 1045 89; baseline -0.001 -9"><span class='ocrx_word' id='word_1_1' title='bbox 149 39 204 80; x_wconf 76' lang='lat'>92</span> <span class='ocrx_word' id='word_1_2' title='bbox 640 28 757 80; x_wconf 56' lang='grc' dir='ltr'>δΧΙΙΙ.</span> <span class='ocrx_word' id='word_1_3' title='bbox 790 52 892 81; x_wconf 81' lang='lat' dir='ltr'>xxu.</span> <span class='ocrx_word' id='word_1_4' title='bbox 922 45 1045 89; x_wconf 80' lang='lat' dir='ltr'>(xxl.)</span> 
     </span>
    </p>
   </div>
   <div class='ocr_carea' id='block_1_2' title="bbox 698 197 1022 246">
    <p class='ocr_par' dir='ltr' id='par_1_2' title="bbox 698 197 1022 246">
     <span class='ocr_line' id='line_1_2' title="bbox 698 197 1022 246; baseline -0.006 -8"><span class='ocrx_word' id='word_1_5' title='bbox 698 199 823 238; x_wconf 89' lang='lat' dir='ltr'>XXII.</span> <span class='ocrx_word' id='word_1_6' title='bbox 855 198 1000 246; x_wconf 82' lang='lat' dir='ltr'><strong>(XXI.)</strong></span> <span class='ocrx_word' id='word_1_7' title='bbox 1020 197 1022 199; x_wconf 78' lang='grc'><strong>’</strong></span> 
     </span>
    </p>
   </div>
   <div class='ocr_carea' id='block_1_3' title="bbox 150 277 1551 382">
    <p class='ocr_par' dir='ltr' id='par_1_3' title="bbox 150 277 1551 382">
     <span class='ocr_line' id='line_1_3' title="bbox 150 277 1551 325; baseline 0.004 -13"><span class='ocrx_word' id='word_1_8' title='bbox 150 278 275 314; x_wconf 69' lang='lat' dir='ltr'>Verba</span> <span class='ocrx_word' id='word_1_9' title='bbox 293 278 361 312; x_wconf 81' lang='lat' dir='ltr'>Titi</span> <span class='ocrx_word' id='word_1_10' title='bbox 381 277 549 315; x_wconf 72' lang='lat' dir='ltr'>Castricii</span> <span class='ocrx_word' id='word_1_11' title='bbox 574 279 733 315; x_wconf 83' lang='lat' dir='ltr'>rhetoris</span> <span class='ocrx_word' id='word_1_12' title='bbox 759 279 808 315; x_wconf 84' lang='lat' dir='ltr'>ad</span> <span class='ocrx_word' id='word_1_13' title='bbox 832 279 1040 325; x_wconf 89' lang='lat' dir='ltr'>discipulos</span> <span class='ocrx_word' id='word_1_14' title='bbox 1058 279 1320 316; x_wconf 84' lang='lat' dir='ltr'>adulescentes</span> <span class='ocrx_word' id='word_1_15' title='bbox 1342 281 1388 317; x_wconf 91' lang='lat' dir='ltr'>de</span> <span class='ocrx_word' id='word_1_16' title='bbox 1413 281 1551 318; x_wconf 80' lang='lat' dir='ltr'>uestitu</span> 
     </span>
     <span class='ocr_line' id='line_1_4' title="bbox 562 334 1139 382; baseline 0.002 -12"><span class='ocrx_word' id='word_1_17' title='bbox 562 340 670 382; x_wconf 80' lang='lat' dir='ltr'>atquc</span> <span class='ocrx_word' id='word_1_18' title='bbox 697 337 856 372; x_wconf 77' lang='lat' dir='ltr'>cachatu</span> <span class='ocrx_word' id='word_1_19' title='bbox 885 346 959 371; x_wconf 90' lang='lat' dir='ltr'>non</span> <span class='ocrx_word' id='word_1_20' title='bbox 985 334 1139 371; x_wconf 84' lang='lat' dir='ltr'>decoro.</span> 
     </span>
    </p>
   </div>
   <div class='ocr_carea' id='block_1_4' title="bbox 109 433 1600 486">
    <p class='ocr_par' dir='ltr' id='par_1_4' title="bbox 109 433 1600 486">
     <span class='ocr_line' id='line_1_5' title="bbox 109 433 1600 486; baseline 0.003 -15"><span class='ocrx_word' id='word_1_21' title='bbox 109 436 124 467; x_wconf 88' lang='lat' dir='ltr'>l</span> <span class='ocrx_word' id='word_1_22' title='bbox 227 433 270 471; x_wconf 92' lang='lat' dir='ltr'>T.</span> <span class='ocrx_word' id='word_1_23' title='bbox 306 433 629 486; x_wconf 79' lang='lat' dir='ltr'>Castricius,</span> <span class='ocrx_word' id='word_1_24' title='bbox 661 434 891 475; x_wconf 79' lang='lat' dir='ltr'>rhetoricae</span> <span class='ocrx_word' id='word_1_25' title='bbox 913 434 1155 485; x_wconf 87' lang='lat' dir='ltr'>disciplinae</span> <span class='ocrx_word' id='word_1_26' title='bbox 1180 436 1348 484; x_wconf 87' lang='lat' dir='ltr'>doctor,</span> <span class='ocrx_word' id='word_1_27' title='bbox 1380 436 1450 486; x_wconf 89' lang='lat' dir='ltr'>qui</span> <span class='ocrx_word' id='word_1_28' title='bbox 1481 437 1550 475; x_wconf 84' lang='lat' dir='ltr'>ha·</span> <span class='ocrx_word' id='word_1_29' title='bbox 1598 467 1600 469; x_wconf 84' lang='lat'>-</span> 
     </span>
    </p>
   </div>
   <div class='ocr_carea' id='block_1_5' title="bbox 101 487 1550 1214">
    <p class='ocr_par' dir='ltr' id='par_1_5' title="bbox 140 487 1550 1145">
     <span class='ocr_line' id='line_1_6' title="bbox 147 487 1549 540; baseline 0.005 -16"><span class='ocrx_word' id='word_1_30' title='bbox 147 487 232 527; x_wconf 88' lang='lat' dir='ltr'>buit</span> <span class='ocrx_word' id='word_1_31' title='bbox 247 489 406 528; x_wconf 89' lang='lat' dir='ltr'>Romae</span> <span class='ocrx_word' id='word_1_32' title='bbox 423 491 561 529; x_wconf 89' lang='lat' dir='ltr'>locum</span> <span class='ocrx_word' id='word_1_33' title='bbox 586 491 814 540; x_wconf 82' lang='lat' dir='ltr'>principem</span> <span class='ocrx_word' id='word_1_34' title='bbox 834 491 1091 530; x_wconf 87' lang='lat' dir='ltr'>declamandi</span> <span class='ocrx_word' id='word_1_35' title='bbox 1107 502 1155 530; x_wconf 87' lang='lat' dir='ltr'>ac</span> <span class='ocrx_word' id='word_1_36' title='bbox 1177 491 1368 540; x_wconf 89' lang='lat' dir='ltr'>docendi,</span> <span class='ocrx_word' id='word_1_37' title='bbox 1386 503 1549 532; x_wconf 84' lang='lat' dir='ltr'>summa</span> 
     </span>
     <span class='ocr_line' id='line_1_7' title="bbox 146 544 1550 597; baseline 0.004 -15"><span class='ocrx_word' id='word_1_38' title='bbox 146 544 209 583; x_wconf 92' lang='lat' dir='ltr'>uir</span> <span class='ocrx_word' id='word_1_39' title='bbox 226 545 472 585; x_wconf 87' lang='lat' dir='ltr'>auctoritate</span> <span class='ocrx_word' id='word_1_40' title='bbox 493 547 780 597; x_wconf 87' lang='lat' dir='ltr'>grauitateque</span> <span class='ocrx_word' id='word_1_41' title='bbox 801 552 841 586; x_wconf 89' lang='lat' dir='ltr'>et</span> <span class='ocrx_word' id='word_1_42' title='bbox 865 559 889 586; x_wconf 89' lang='lat' dir='ltr'>a</span> <span class='ocrx_word' id='word_1_43' title='bbox 912 547 1008 586; x_wconf 88' lang='lat' dir='ltr'>diuo</span> <span class='ocrx_word' id='word_1_44' title='bbox 1030 548 1242 588; x_wconf 87' lang='lat' dir='ltr'>Hadriano</span> <span class='ocrx_word' id='word_1_45' title='bbox 1265 547 1306 587; x_wconf 93' lang='lat' dir='ltr'>in</span> <span class='ocrx_word' id='word_1_46' title='bbox 1331 559 1470 588; x_wconf 86' lang='lat' dir='ltr'>mores</span> <span class='ocrx_word' id='word_1_47' title='bbox 1491 554 1550 587; x_wconf 88' lang='lat' dir='ltr'>at-</span> 
     </span>
     <span class='ocr_line' id='line_1_8' title="bbox 148 600 1546 653; baseline 0.004 -15"><span class='ocrx_word' id='word_1_48' title='bbox 148 611 227 649; x_wconf 87' lang='lat' dir='ltr'>que</span> <span class='ocrx_word' id='word_1_49' title='bbox 251 600 390 641; x_wconf 79' lang='lat' dir='ltr'>literas</span> <span class='ocrx_word' id='word_1_50' title='bbox 420 607 654 651; x_wconf 85' lang='lat' dir='ltr'>spectatus,</span> <span class='ocrx_word' id='word_1_51' title='bbox 689 614 781 642; x_wconf 89' lang='lat' dir='ltr'>cum</span> <span class='ocrx_word' id='word_1_52' title='bbox 813 614 878 642; x_wconf 87' lang='lat' dir='ltr'>me</span> <span class='ocrx_word' id='word_1_53' title='bbox 911 604 1015 643; x_wconf 81' lang='lat' dir='ltr'>forte</span> <span class='ocrx_word' id='word_1_54' title='bbox 1037 610 1279 653; x_wconf 81' lang='lat' dir='ltr'>praesente,</span> <span class='ocrx_word' id='word_1_55' title='bbox 1311 616 1414 644; x_wconf 91' lang='lat' dir='ltr'>usus</span> <span class='ocrx_word' id='word_1_56' title='bbox 1437 604 1546 644; x_wconf 89' lang='lat' dir='ltr'>enirn</span> 
     </span>
     <span class='ocr_line' id='line_1_9' title="bbox 146 656 1547 709; baseline 0.004 -15"><span class='ocrx_word' id='word_1_57' title='bbox 146 668 235 695; x_wconf 88' lang='lat' dir='ltr'>sum</span> <span class='ocrx_word' id='word_1_58' title='bbox 260 668 308 696; x_wconf 91' lang='lat' dir='ltr'>eo</span> <span class='ocrx_word' id='word_1_59' title='bbox 333 656 553 706; x_wconf 87' lang='lat' dir='ltr'>magistro,</span> <span class='ocrx_word' id='word_1_60' title='bbox 585 659 812 709; x_wconf 87' lang='lat' dir='ltr'>discipulos</span> <span class='ocrx_word' id='word_1_61' title='bbox 838 659 1042 708; x_wconf 85' lang='lat' dir='ltr'>quosdam</span> <span class='ocrx_word' id='word_1_62' title='bbox 1064 671 1165 700; x_wconf 90' lang='lat' dir='ltr'>suos</span> <span class='ocrx_word' id='word_1_63' title='bbox 1187 664 1405 700; x_wconf 80' lang='lat' dir='ltr'>senatores</span> <span class='ocrx_word' id='word_1_64' title='bbox 1422 660 1547 700; x_wconf 90' lang='lat' dir='ltr'>uidis-</span> 
     </span>
     <span class='ocr_line' id='line_1_10' title="bbox 144 712 1546 765; baseline 0.004 -15"><span class='ocrx_word' id='word_1_65' title='bbox 144 718 209 751; x_wconf 89' lang='lat' dir='ltr'>set</span> <span class='ocrx_word' id='word_1_66' title='bbox 241 712 306 751; x_wconf 89' lang='lat' dir='ltr'>die</span> <span class='ocrx_word' id='word_1_67' title='bbox 330 713 473 753; x_wconf 81' lang='lat' dir='ltr'>feriato</span> <span class='ocrx_word' id='word_1_68' title='bbox 506 715 654 754; x_wconf 90' lang='lat' dir='ltr'>tunicis</span> <span class='ocrx_word' id='word_1_69' title='bbox 681 721 721 754; x_wconf 90' lang='lat' dir='ltr'>et</span> <span class='ocrx_word' id='word_1_70' title='bbox 750 715 924 754; x_wconf 78' lang='lat' dir='ltr'>lacernis</span> <span class='ocrx_word' id='word_1_71' title='bbox 955 715 1124 755; x_wconf 86' lang='lat' dir='ltr'>indutos</span> <span class='ocrx_word' id='word_1_72' title='bbox 1148 721 1188 755; x_wconf 87' lang='lat' dir='ltr'>et</span> <span class='ocrx_word' id='word_1_73' title='bbox 1215 715 1372 765; x_wconf 87' lang='lat' dir='ltr'>gallicis</span> <span class='ocrx_word' id='word_1_74' title='bbox 1402 717 1546 756; x_wconf 85' lang='lat' dir='ltr'>calcia-</span> 
     </span>
     <span class='ocr_line' id='line_1_11' title="bbox 143 769 1546 823; baseline 0.004 -16"><span class='ocrx_word' id='word_1_75' title='bbox 143 774 232 808; x_wconf 85' lang='lat' dir='ltr'>tos:</span> <span class='ocrx_word' id='word_1_76' title='bbox 262 769 502 818; x_wconf 69' lang='lat' dir='ltr'>‘equidem’‚</span> <span class='ocrx_word' id='word_1_77' title='bbox 535 770 678 820; x_wconf 87' lang='lat' dir='ltr'>inquit,</span> <span class='ocrx_word' id='word_1_78' title='bbox 712 772 980 819; x_wconf 71' lang='lat' dir='ltr'>tmaluissem,</span> <span class='ocrx_word' id='word_1_79' title='bbox 1011 783 1089 811; x_wconf 90' lang='lat' dir='ltr'>uos</span> <span class='ocrx_word' id='word_1_80' title='bbox 1113 777 1278 822; x_wconf 88' lang='lat' dir='ltr'>togatos</span> <span class='ocrx_word' id='word_1_81' title='bbox 1300 783 1416 820; x_wconf 89' lang='lat' dir='ltr'>esse;</span> <span class='ocrx_word' id='word_1_82' title='bbox 1447 773 1546 823; x_wconf 86' lang='lat' dir='ltr'>pigi-</span> 
     </span>
     <span class='ocr_line' id='line_1_12' title="bbox 142 825 1547 877; baseline 0.004 -15"><span class='ocrx_word' id='word_1_83' title='bbox 142 830 226 863; x_wconf 85' lang='lat' dir='ltr'>tum</span> <span class='ocrx_word' id='word_1_84' title='bbox 245 830 329 872; x_wconf 84' lang='lat' dir='ltr'>est,</span> <span class='ocrx_word' id='word_1_85' title='bbox 361 825 519 866; x_wconf 87' lang='lat' dir='ltr'>cinctos</span> <span class='ocrx_word' id='word_1_86' title='bbox 543 828 690 869; x_wconf 86' lang='lat' dir='ltr'>saltem</span> <span class='ocrx_word' id='word_1_87' title='bbox 715 839 810 867; x_wconf 87' lang='lat' dir='ltr'>esse</span> <span class='ocrx_word' id='word_1_88' title='bbox 832 833 872 866; x_wconf 90' lang='lat' dir='ltr'>et</span> <span class='ocrx_word' id='word_1_89' title='bbox 897 829 1155 877; x_wconf 83' lang='lat' dir='ltr'>paenulatos.</span> <span class='ocrx_word' id='word_1_90' title='bbox 1217 828 1301 868; x_wconf 89' lang='lat' dir='ltr'>Sed</span> <span class='ocrx_word' id='word_1_91' title='bbox 1325 828 1360 868; x_wconf 88' lang='lat' dir='ltr'>si</span> <span class='ocrx_word' id='word_1_92' title='bbox 1384 829 1449 868; x_wconf 86' lang='lat' dir='ltr'>hic</span> <span class='ocrx_word' id='word_1_93' title='bbox 1476 840 1547 868; x_wconf 88' lang='lat' dir='ltr'>ue—</span> 
     </span>
     <span class='ocr_line' id='line_1_13' title="bbox 142 880 1543 934; baseline 0.004 -15"><span class='ocrx_word' id='word_1_94' title='bbox 142 886 227 919; x_wconf 89' lang='lat' dir='ltr'>ster</span> <span class='ocrx_word' id='word_1_95' title='bbox 255 881 496 921; x_wconf 74' lang='lat' dir='ltr'>huiusmo‘di</span> <span class='ocrx_word' id='word_1_96' title='bbox 528 883 701 923; x_wconf 89' lang='lat' dir='ltr'>uestitus</span> <span class='ocrx_word' id='word_1_97' title='bbox 733 885 784 922; x_wconf 90' lang='lat' dir='ltr'>de</span> <span class='ocrx_word' id='word_1_98' title='bbox 805 886 932 924; x_wconf 87' lang='lat' dir='ltr'>multo</span> <span class='ocrx_word' id='word_1_99' title='bbox 964 884 1044 923; x_wconf 87' lang='lat' dir='ltr'>iam</span> <span class='ocrx_word' id='word_1_100' title='bbox 1074 896 1154 924; x_wconf 93' lang='lat' dir='ltr'>usu</span> <span class='ocrx_word' id='word_1_101' title='bbox 1179 880 1433 934; x_wconf 79' lang='lat' dir='ltr'>ignoscibilis</span> <span class='ocrx_word' id='word_1_102' title='bbox 1467 890 1543 932; x_wconf 87' lang='lat' dir='ltr'>est,</span> 
     </span>
     <span class='ocr_line' id='line_1_14' title="bbox 146 937 1543 990; baseline 0.004 -15"><span class='ocrx_word' id='word_1_103' title='bbox 146 937 330 976; x_wconf 82' lang='lat' dir='ltr'>soleatos</span> <span class='ocrx_word' id='word_1_104' title='bbox 351 943 487 977; x_wconf 89' lang='lat' dir='ltr'>tamen</span> <span class='ocrx_word' id='word_1_105' title='bbox 507 950 605 987; x_wconf 91' lang='lat' dir='ltr'>uos,</span> <span class='ocrx_word' id='word_1_106' title='bbox 628 940 772 990; x_wconf 88' lang='lat' dir='ltr'>populi</span> <span class='ocrx_word' id='word_1_107' title='bbox 788 939 963 980; x_wconf 89' lang='lat' dir='ltr'>Romani</span> <span class='ocrx_word' id='word_1_108' title='bbox 982 945 1211 988; x_wconf 79' lang='lat' dir='ltr'>senatores,</span> <span class='ocrx_word' id='word_1_109' title='bbox 1234 951 1308 990; x_wconf 87' lang='lat' dir='ltr'>per</span> <span class='ocrx_word' id='word_1_110' title='bbox 1325 940 1436 980; x_wconf 87' lang='lat' dir='ltr'>urbis</span> <span class='ocrx_word' id='word_1_111' title='bbox 1453 941 1543 980; x_wconf 89' lang='lat' dir='ltr'>uias</span> 
     </span>
     <span class='ocr_line' id='line_1_15' title="bbox 140 993 1543 1044; baseline 0.004 -14"><span class='ocrx_word' id='word_1_112' title='bbox 140 993 301 1042; x_wconf 85' lang='lat' dir='ltr'>ingredi</span> <span class='ocrx_word' id='word_1_113' title='bbox 327 1005 591 1044; x_wconf 89' lang='lat' dir='ltr'>nequaquam</span> <span class='ocrx_word' id='word_1_114' title='bbox 629 997 826 1036; x_wconf 88' lang='lat' dir='ltr'>decorum</span> <span class='ocrx_word' id='word_1_115' title='bbox 852 1001 933 1043; x_wconf 86' lang='lat' dir='ltr'>est,</span> <span class='ocrx_word' id='word_1_116' title='bbox 974 1008 1057 1036; x_wconf 93' lang='lat' dir='ltr'>non</span> <span class='ocrx_word' id='word_1_117' title='bbox 1082 997 1220 1035; x_wconf 88' lang='lat' dir='ltr'>hercle</span> <span class='ocrx_word' id='word_1_118' title='bbox 1247 996 1368 1036; x_wconf 87' lang='lat' dir='ltr'>uobis</span> <span class='ocrx_word' id='word_1_119' title='bbox 1394 997 1543 1044; x_wconf 88' lang='lat' dir='ltr'>minus,</span> 
     </span>
     <span class='ocr_line' id='line_1_16' title="bbox 143 1049 1544 1103; baseline 0.004 -17"><span class='ocrx_word' id='word_1_120' title='bbox 143 1060 263 1098; x_wconf 88' lang='lat' dir='ltr'>quam</span> <span class='ocrx_word' id='word_1_121' title='bbox 287 1049 343 1087; x_wconf 90' lang='lat' dir='ltr'>illi</span> <span class='ocrx_word' id='word_1_122' title='bbox 372 1055 455 1089; x_wconf 82' lang='lat' dir='ltr'>tum</span> <span class='ocrx_word' id='word_1_123' title='bbox 490 1051 582 1098; x_wconf 84' lang='lat' dir='ltr'>suit,</span> <span class='ocrx_word' id='word_1_124' title='bbox 621 1052 685 1091; x_wconf 89' lang='lat' dir='ltr'>cui</span> <span class='ocrx_word' id='word_1_125' title='bbox 716 1053 795 1092; x_wconf 91' lang='lat' dir='ltr'>hoc</span> <span class='ocrx_word' id='word_1_126' title='bbox 817 1053 871 1091; x_wconf 93' lang='grc' dir='ltr'>Μ.</span> <span class='ocrx_word' id='word_1_127' title='bbox 901 1052 1103 1092; x_wconf 91' lang='lat' dir='ltr'>Tullius</span> <span class='ocrx_word' id='word_1_128' title='bbox 1136 1064 1210 1102; x_wconf 86' lang='lat' dir='ltr'>pro</span> <span class='ocrx_word' id='word_1_129' title='bbox 1240 1052 1349 1103; x_wconf 87' lang='lat' dir='ltr'>turpi</span> <span class='ocrx_word' id='word_1_130' title='bbox 1376 1053 1544 1092; x_wconf 87' lang='lat' dir='ltr'>crimine</span> 
     </span>
     <span class='ocr_line' id='line_1_17' title="bbox 141 1105 399 1145; baseline 0.004 -1"><span class='ocrx_word' id='word_1_131' title='bbox 141 1105 399 1145; x_wconf 87' lang='lat' dir='ltr'>obiectauit’.</span> 
     </span>
    </p>

    <p class='ocr_par' dir='ltr' id='par_1_6' title="bbox 101 1162 1542 1214">
     <span class='ocr_line' id='line_1_18' title="bbox 101 1162 1542 1214; baseline 0.002 -14"><span class='ocrx_word' id='word_1_132' title='bbox 101 1168 122 1201; x_wconf 81' lang='lat'><strong>2</strong></span> <span class='ocrx_word' id='word_1_133' title='bbox 222 1162 355 1209; x_wconf 90' lang='lat' dir='ltr'>Haec,</span> <span class='ocrx_word' id='word_1_134' title='bbox 388 1175 452 1202; x_wconf 90' lang='lat' dir='ltr'>me</span> <span class='ocrx_word' id='word_1_135' title='bbox 488 1164 703 1211; x_wconf 81' lang='lat' dir='ltr'>audiente,</span> <span class='ocrx_word' id='word_1_136' title='bbox 739 1165 1033 1204; x_wconf 84' lang='lat' dir='ltr'>Castricius</span> <span class='ocrx_word' id='word_1_137' title='bbox 1063 1170 1103 1204; x_wconf 89' lang='lat' dir='ltr'>et</span> <span class='ocrx_word' id='word_1_138' title='bbox 1141 1166 1344 1214; x_wconf 86' lang='lat' dir='ltr'>quaedam</span> <span class='ocrx_word' id='word_1_139' title='bbox 1379 1165 1458 1204; x_wconf 89' lang='lat' dir='ltr'>alia</span> <span class='ocrx_word' id='word_1_140' title='bbox 1491 1165 1542 1204; x_wconf 90' lang='lat' dir='ltr'>ad</span> 
     </span>
    </p>
   </div>
   <div class='ocr_carea' id='block_1_6' title="bbox 102 1220 1539 1270">
    <p class='ocr_par' dir='ltr' id='par_1_7' title="bbox 102 1220 1617 1270">
     <span class='ocr_line' id='line_1_19' title="bbox 102 1220 1539 1270; baseline 0.001 -12"><span class='ocrx_word' id='word_1_141' title='bbox 102 1223 231 1258; x_wconf 81' lang='lat' dir='ltr'>3eam</span> <span class='ocrx_word' id='word_1_142' title='bbox 264 1229 350 1257; x_wconf 91' lang='lat' dir='ltr'>rem</span> <span class='ocrx_word' id='word_1_143' title='bbox 383 1220 656 1259; x_wconf 86' lang='lat' dir='ltr'>conducentia</span> <span class='ocrx_word' id='word_1_144' title='bbox 688 1222 874 1261; x_wconf 88' lang='lat' dir='ltr'>Romane</span> <span class='ocrx_word' id='word_1_145' title='bbox 905 1226 945 1260; x_wconf 89' lang='lat' dir='ltr'>ct</span> <span class='ocrx_word' id='word_1_146' title='bbox 982 1232 1130 1260; x_wconf 89' lang='lat' dir='ltr'>seuere</span> <span class='ocrx_word' id='word_1_147' title='bbox 1165 1221 1279 1261; x_wconf 86' lang='lat' dir='ltr'>dixit.</span> <span class='ocrx_word' id='word_1_148' title='bbox 1348 1220 1539 1270; x_wconf 85' lang='lat' dir='ltr'>Plerique</span> 
     </span>
    </p>
   </div>
   <div class='ocr_carea' id='block_1_7' title="bbox 100 1275 1540 1771">
    <p class='ocr_par' dir='ltr' id='par_1_8' title="bbox 100 1275 1539 1437">
     <span class='ocr_line' id='line_1_20' title="bbox 140 1275 1539 1327; baseline 0.003 -16"><span class='ocrx_word' id='word_1_149' title='bbox 140 1278 276 1312; x_wconf 87' lang='lat' dir='ltr'>autem</span> <span class='ocrx_word' id='word_1_150' title='bbox 300 1285 351 1313; x_wconf 88' lang='lat' dir='ltr'>ex</span> <span class='ocrx_word' id='word_1_151' title='bbox 372 1275 455 1322; x_wconf 88' lang='lat' dir='ltr'>his,</span> <span class='ocrx_word' id='word_1_152' title='bbox 486 1276 555 1325; x_wconf 88' lang='lat' dir='ltr'>qui</span> <span class='ocrx_word' id='word_1_153' title='bbox 576 1277 814 1323; x_wconf 84' lang='lat' dir='ltr'>audierant,</span> <span class='ocrx_word' id='word_1_154' title='bbox 844 1277 1119 1327; x_wconf 84' lang='lat' dir='ltr'>requirebant,</span> <span class='ocrx_word' id='word_1_155' title='bbox 1147 1288 1220 1317; x_wconf 89' lang='lat' dir='ltr'>cur</span> <span class='ocrx_word' id='word_1_156' title='bbox 1238 1279 1459 1318; x_wconf 65' lang='lat' dir='ltr'>‘soleatos’</span> <span class='ocrx_word' id='word_1_157' title='bbox 1483 1277 1539 1315; x_wconf 88' lang='lat' dir='ltr'>di-</span> 
     </span>
     <span class='ocr_line' id='line_1_21' title="bbox 103 1329 1538 1379; baseline 0.003 -11"><span class='ocrx_word' id='word_1_158' title='bbox 103 1334 126 1368; x_wconf 70' lang='grc'><strong>4</strong></span> <span class='ocrx_word' id='word_1_159' title='bbox 142 1329 285 1376; x_wconf 85' lang='lat' dir='ltr'>xisset‚</span> <span class='ocrx_word' id='word_1_160' title='bbox 319 1331 387 1379; x_wconf 87' lang='lat' dir='ltr'>qui</span> <span class='ocrx_word' id='word_1_161' title='bbox 412 1331 592 1379; x_wconf 88' lang='lat' dir='ltr'>gallicas,</span> <span class='ocrx_word' id='word_1_162' title='bbox 622 1344 705 1372; x_wconf 92' lang='lat' dir='ltr'>non</span> <span class='ocrx_word' id='word_1_163' title='bbox 723 1334 875 1379; x_wconf 89' lang='lat' dir='ltr'>soleas,</span> <span class='ocrx_word' id='word_1_164' title='bbox 902 1333 1113 1371; x_wconf 87' lang='lat' dir='ltr'>haberent.</span> <span class='ocrx_word' id='word_1_165' title='bbox 1148 1333 1232 1373; x_wconf 87' lang='lat' dir='ltr'>Sed</span> <span class='ocrx_word' id='word_1_166' title='bbox 1249 1333 1538 1373; x_wconf 87' lang='lat' dir='ltr'>Castricius</span> 
     </span>
     <span class='ocr_line' id='line_1_22' title="bbox 100 1385 1539 1437; baseline 0.003 -13"><span class='ocrx_word' id='word_1_167' title='bbox 100 1385 326 1434; x_wconf 86' lang='lat' dir='ltr'>5profecto</span> <span class='ocrx_word' id='word_1_168' title='bbox 365 1387 466 1425; x_wconf 87' lang='lat' dir='ltr'>scite</span> <span class='ocrx_word' id='word_1_169' title='bbox 505 1393 630 1437; x_wconf 88' lang='lat' dir='ltr'>atque</span> <span class='ocrx_word' id='word_1_170' title='bbox 667 1388 906 1437; x_wconf 86' lang='lat' dir='ltr'>incorrupte</span> <span class='ocrx_word' id='word_1_171' title='bbox 937 1390 1098 1428; x_wconf 90' lang='lat' dir='ltr'>locutus</span> <span class='ocrx_word' id='word_1_172' title='bbox 1135 1394 1218 1429; x_wconf 83' lang='lat' dir='ltr'>est:</span> <span class='ocrx_word' id='word_1_173' title='bbox 1258 1389 1395 1429; x_wconf 85' lang='lat' dir='ltr'>omnia</span> <span class='ocrx_word' id='word_1_174' title='bbox 1430 1388 1539 1429; x_wconf 89' lang='lat' dir='ltr'>enim</span> 
     </span>
    </p>

    <p class='ocr_par' dir='ltr' id='par_1_9' title="bbox 139 1441 1538 1493">
     <span class='ocr_line' id='line_1_23' title="bbox 139 1441 1538 1493; baseline 0.005 -15"><span class='ocrx_word' id='word_1_175' title='bbox 139 1441 267 1479; x_wconf 78' lang='lat' dir='ltr'>ferme</span> <span class='ocrx_word' id='word_1_176' title='bbox 300 1441 341 1480; x_wconf 86' lang='lat' dir='ltr'>id</span> <span class='ocrx_word' id='word_1_177' title='bbox 375 1453 529 1491; x_wconf 90' lang='lat' dir='ltr'>genus,</span> <span class='ocrx_word' id='word_1_178' title='bbox 563 1443 710 1492; x_wconf 89' lang='lat' dir='ltr'>quibus</span> <span class='ocrx_word' id='word_1_179' title='bbox 742 1446 972 1493; x_wconf 85' lang='lat' dir='ltr'>plantarum</span> <span class='ocrx_word' id='word_1_180' title='bbox 1013 1446 1149 1485; x_wconf 88' lang='lat' dir='ltr'>calces</span> <span class='ocrx_word' id='word_1_181' title='bbox 1182 1450 1342 1485; x_wconf 88' lang='lat' dir='ltr'>tantum</span> <span class='ocrx_word' id='word_1_182' title='bbox 1373 1445 1538 1485; x_wconf 86' lang='lat' dir='ltr'>infimae</span> 
     </span>
    </p>

    <p class='ocr_par' dir='ltr' id='par_1_10' title="bbox 102 1501 1540 1771">
     <span class='ocr_line' id='line_1_24' title="bbox 137 1501 1540 1550; baseline 0.003 -15"><span class='ocrx_word' id='word_1_183' title='bbox 137 1501 356 1546; x_wconf 85' lang='lat' dir='ltr'>teguntur,</span> <span class='ocrx_word' id='word_1_184' title='bbox 402 1503 538 1537; x_wconf 86' lang='lat' dir='ltr'>cetera</span> <span class='ocrx_word' id='word_1_185' title='bbox 577 1511 710 1550; x_wconf 88' lang='lat' dir='ltr'>prope</span> <span class='ocrx_word' id='word_1_186' title='bbox 744 1501 854 1539; x_wconf 87' lang='lat' dir='ltr'>nuda</span> <span class='ocrx_word' id='word_1_187' title='bbox 888 1506 928 1540; x_wconf 90' lang='lat' dir='ltr'>et</span> <span class='ocrx_word' id='word_1_188' title='bbox 964 1501 1162 1541; x_wconf 80' lang='lat' dir='ltr'>teretibus</span> <span class='ocrx_word' id='word_1_189' title='bbox 1193 1501 1364 1541; x_wconf 87' lang='lat' dir='ltr'>habenis</span> <span class='ocrx_word' id='word_1_190' title='bbox 1403 1501 1540 1540; x_wconf 86' lang='lat' dir='ltr'>uincta</span> 
     </span>
     <span class='ocr_line' id='line_1_25' title="bbox 139 1555 1540 1608; baseline 0.004 -17"><span class='ocrx_word' id='word_1_191' title='bbox 139 1558 245 1600; x_wconf 85' lang='lat' dir='ltr'>sunt,</span> <span class='ocrx_word' id='word_1_192' title='bbox 279 1555 451 1594; x_wconf 68' lang='lat' dir='ltr'>‘soleas’</span> <span class='ocrx_word' id='word_1_193' title='bbox 472 1555 675 1604; x_wconf 81' lang='lat' dir='ltr'>dixerunt,</span> <span class='ocrx_word' id='word_1_194' title='bbox 701 1568 1011 1606; x_wconf 87' lang='lat' dir='ltr'>nonnumquam</span> <span class='ocrx_word' id='word_1_195' title='bbox 1032 1568 1138 1597; x_wconf 90' lang='lat' dir='ltr'>uoce</span> <span class='ocrx_word' id='word_1_196' title='bbox 1161 1558 1318 1597; x_wconf 87' lang='lat' dir='ltr'>Graeca</span> <span class='ocrx_word' id='word_1_197' title='bbox 1333 1556 1540 1608; x_wconf 71' lang='lat' dir='ltr'>‘crepidu-</span> 
     </span>
     <span class='ocr_line' id='line_1_26' title="bbox 102 1610 1538 1663; baseline 0.002 -14"><span class='ocrx_word' id='word_1_198' title='bbox 102 1613 123 1649; x_wconf 89' lang='lat'>6</span> <span class='ocrx_word' id='word_1_199' title='bbox 141 1610 233 1648; x_wconf 87' lang='lat' dir='ltr'>las’.</span> <span class='ocrx_word' id='word_1_200' title='bbox 296 1610 505 1650; x_wconf 62' lang='lat' dir='ltr'>‘Gallicas’</span> <span class='ocrx_word' id='word_1_201' title='bbox 525 1616 661 1651; x_wconf 88' lang='lat' dir='ltr'>autem</span> <span class='ocrx_word' id='word_1_202' title='bbox 683 1613 852 1652; x_wconf 91' lang='lat' dir='ltr'>uerbum</span> <span class='ocrx_word' id='word_1_203' title='bbox 876 1624 971 1653; x_wconf 88' lang='lat' dir='ltr'>esse</span> <span class='ocrx_word' id='word_1_204' title='bbox 997 1613 1145 1663; x_wconf 89' lang='lat' dir='ltr'>opinor</span> <span class='ocrx_word' id='word_1_205' title='bbox 1168 1625 1337 1662; x_wconf 91' lang='lat' dir='ltr'>nouum,</span> <span class='ocrx_word' id='word_1_206' title='bbox 1359 1625 1444 1654; x_wconf 90' lang='lat' dir='ltr'>non</span> <span class='ocrx_word' id='word_1_207' title='bbox 1467 1613 1538 1652; x_wconf 90' lang='lat' dir='ltr'>diu</span> 
     </span>
     <span class='ocr_line' id='line_1_27' title="bbox 139 1668 1536 1720; baseline 0.004 -17"><span class='ocrx_word' id='word_1_208' title='bbox 139 1670 232 1704; x_wconf 89' lang='lat' dir='ltr'>ante</span> <span class='ocrx_word' id='word_1_209' title='bbox 251 1670 426 1705; x_wconf 87' lang='lat' dir='ltr'>aetatem</span> <span class='ocrx_word' id='word_1_210' title='bbox 443 1668 496 1705; x_wconf 93' lang='grc' dir='ltr'>Μ.</span> <span class='ocrx_word' id='word_1_211' title='bbox 518 1668 599 1706; x_wconf 90' lang='lat' dir='ltr'>Cic</span> <span class='ocrx_word' id='word_1_212' title='bbox 613 1668 790 1709; x_wconf 83' lang='lat' dir='ltr'>eronis</span> <span class='ocrx_word' id='word_1_213' title='bbox 816 1669 1006 1719; x_wconf 88' lang='lat' dir='ltr'>usurpari</span> <span class='ocrx_word' id='word_1_214' title='bbox 1028 1675 1234 1719; x_wconf 79' lang='lat' dir='ltr'>coeptum,</span> <span class='ocrx_word' id='word_1_215' title='bbox 1256 1671 1395 1720; x_wconf 86' lang='lat' dir='ltr'>itaque</span> <span class='ocrx_word' id='word_1_216' title='bbox 1416 1670 1468 1708; x_wconf 88' lang='lat' dir='ltr'>ab</span> <span class='ocrx_word' id='word_1_217' title='bbox 1487 1679 1536 1708; x_wconf 92' lang='lat' dir='ltr'>eo</span> 
     </span>
     <span class='ocr_line' id='line_1_28' title="bbox 137 1720 1539 1771; baseline 0.004 -12"><span class='ocrx_word' id='word_1_218' title='bbox 137 1720 229 1770; x_wconf 83' lang='lat' dir='ltr'>ipso</span> <span class='ocrx_word' id='word_1_219' title='bbox 267 1722 446 1771; x_wconf 86' lang='lat' dir='ltr'>positum</span> <span class='ocrx_word' id='word_1_220' title='bbox 493 1724 634 1763; x_wconf 88' lang='lat' dir='ltr'>estin</span> <span class='ocrx_word' id='word_1_221' title='bbox 671 1726 901 1764; x_wconf 88' lang='lat' dir='ltr'>secunda</span> <span class='ocrx_word' id='word_1_222' title='bbox 931 1726 1369 1766; x_wconf 81' lang='lat' dir='ltr'>Antonianarum:</span> <span class='ocrx_word' id='word_1_223' title='bbox 1425 1726 1539 1765; x_wconf 86' lang='lat' dir='ltr'>Cum</span> 
     </span>
    </p>
   </div>
   <div class='ocr_carea' id='block_1_8' title="bbox 101 1777 1618 1887">
    <p class='ocr_par' dir='ltr' id='par_1_11' title="bbox 101 1777 1618 1887">
     <span class='ocr_line' id='line_1_29' title="bbox 101 1777 1618 1841; baseline 0.003 -26"><span class='ocrx_word' id='word_1_224' title='bbox 101 1777 366 1826; x_wconf 86' lang='lat' dir='ltr'>7gallicis,</span> <span class='ocrx_word' id='word_1_225' title='bbox 400 1778 547 1828; x_wconf 87' lang='lat' dir='ltr'>inquit,</span> <span class='ocrx_word' id='word_1_226' title='bbox 586 1786 634 1819; x_wconf 87' lang='lat' dir='ltr'>et</span> <span class='ocrx_word' id='word_1_227' title='bbox 664 1782 874 1820; x_wconf 88' lang='lat' dir='ltr'>lacerna</span> <span class='ocrx_word' id='word_1_228' title='bbox 897 1782 1204 1821; x_wconf 86' lang='lat' dir='ltr'>cucurristi.</span> <span class='ocrx_word' id='word_1_229' title='bbox 1263 1781 1463 1831; x_wconf 85' lang='lat' dir='ltr'>Nequein</span> <span class='ocrx_word' id='word_1_230' title='bbox 1490 1791 1540 1820; x_wconf 91' lang='lat' dir='ltr'>ea</span> <span class='ocrx_word' id='word_1_231' title='bbox 1599 1779 1618 1841; x_wconf 22' lang='lat'>⁴2³</span> 
     </span>
     <span class='ocr_line' id='line_1_30' title="bbox 139 1833 1603 1887; baseline 0.004 -16"><span class='ocrx_word' id='word_1_232' title='bbox 139 1833 441 1882; x_wconf 81' lang='lat' dir='ltr'>significatione</span> <span class='ocrx_word' id='word_1_233' title='bbox 462 1836 502 1874; x_wconf 90' lang='lat' dir='ltr'>id</span> <span class='ocrx_word' id='word_1_234' title='bbox 526 1837 637 1886; x_wconf 83' lang='lat' dir='ltr'>apud</span> <span class='ocrx_word' id='word_1_235' title='bbox 660 1849 908 1887; x_wconf 79' lang='lat' dir='ltr'>quemquam</span> <span class='ocrx_word' id='word_1_236' title='bbox 939 1837 1060 1877; x_wconf 88' lang='lat' dir='ltr'>alium</span> <span class='ocrx_word' id='word_1_237' title='bbox 1097 1837 1295 1887; x_wconf 84' lang='lat' dir='ltr'>scripturn</span> <span class='ocrx_word' id='word_1_238' title='bbox 1326 1839 1423 1887; x_wconf 82' lang='lat' dir='ltr'>lego·</span> <span class='ocrx_word' id='word_1_239' title='bbox 1447 1847 1540 1886; x_wconf 84' lang='lat' dir='ltr'>gra·</span> <span class='ocrx_word' id='word_1_240' title='bbox 1599 1876 1603 1878; x_wconf 86' lang='grc'>,</span> 
     </span>
    </p>
   </div>
   <div class='ocr_carea' id='block_1_9' title="bbox 103 1889 1540 2167">
    <p class='ocr_par' dir='ltr' id='par_1_12' title="bbox 103 1889 1540 2167">
     <span class='ocr_line' id='line_1_31' title="bbox 139 1889 1538 1943; baseline 0.004 -16"><span class='ocrx_word' id='word_1_241' title='bbox 139 1889 264 1929; x_wconf 86' lang='lat' dir='ltr'>uioris</span> <span class='ocrx_word' id='word_1_242' title='bbox 287 1891 499 1930; x_wconf 84' lang='lat' dir='ltr'>dumtaxat</span> <span class='ocrx_word' id='word_1_243' title='bbox 521 1893 777 1933; x_wconf 82' lang='lat' dir='ltr'>auctoritatis</span> <span class='ocrx_word' id='word_1_244' title='bbox 797 1894 1064 1943; x_wconf 80' lang='lat' dir='ltr'>scriptorem3</span> <span class='ocrx_word' id='word_1_245' title='bbox 1092 1894 1168 1933; x_wconf 91' lang='lat' dir='ltr'>sed</span> <span class='ocrx_word' id='word_1_246' title='bbox 1189 1898 1234 1933; x_wconf 90' lang='lat' dir='ltr'>ut</span> <span class='ocrx_word' id='word_1_247' title='bbox 1254 1892 1359 1941; x_wconf 76' lang='lat' dir='ltr'>dixi,</span> <span class='ocrx_word' id='word_1_248' title='bbox 1387 1892 1538 1942; x_wconf 74' lang='lat' dir='ltr'>‘crepi-</span> 
     </span>
     <span class='ocr_line' id='line_1_32' title="bbox 139 1946 1540 2000; baseline 0.004 -17"><span class='ocrx_word' id='word_1_249' title='bbox 139 1946 239 1984; x_wconf 84' lang='lat' dir='ltr'>das&#39;</span> <span class='ocrx_word' id='word_1_250' title='bbox 260 1951 300 1984; x_wconf 90' lang='lat' dir='ltr'>et</span> <span class='ocrx_word' id='word_1_251' title='bbox 323 1949 333 1968; x_wconf 63' lang='lat'><strong>⁸</strong></span> <span class='ocrx_word' id='word_1_252' title='bbox 350 1947 632 1996; x_wconf 82' lang='lat' dir='ltr'>crepidulas’,</span> <span class='ocrx_word' id='word_1_253' title='bbox 660 1949 790 1999; x_wconf 85' lang='lat' dir='ltr'>prima</span> <span class='ocrx_word' id='word_1_254' title='bbox 822 1950 983 2000; x_wconf 88' lang='lat' dir='ltr'>syllaba</span> <span class='ocrx_word' id='word_1_255' title='bbox 1007 1954 1219 1999; x_wconf 88' lang='lat' dir='ltr'>correpta,</span> <span class='ocrx_word' id='word_1_256' title='bbox 1241 1949 1283 1988; x_wconf 91' lang='lat' dir='ltr'>id</span> <span class='ocrx_word' id='word_1_257' title='bbox 1299 1960 1432 1999; x_wconf 82' lang='lat' dir='ltr'>genus</span> <span class='ocrx_word' id='word_1_258' title='bbox 1457 1950 1540 1988; x_wconf 88' lang='lat' dir='ltr'>cal-</span> 
     </span>
     <span class='ocr_line' id='line_1_33' title="bbox 140 2001 1536 2056; baseline 0.004 -17"><span class='ocrx_word' id='word_1_259' title='bbox 140 2001 385 2040; x_wconf 86' lang='lat' dir='ltr'>ciamentum</span> <span class='ocrx_word' id='word_1_260' title='bbox 410 2005 745 2052; x_wconf 84' lang='lat' dir='ltr'>appellauerunt,</span> <span class='ocrx_word' id='word_1_261' title='bbox 780 2007 892 2055; x_wconf 90' lang='lat' dir='ltr'>quod</span> <span class='ocrx_word' id='word_1_262' title='bbox 916 2004 1060 2044; x_wconf 88' lang='lat' dir='ltr'>Graeci</span> <span class='ocrx_word' id='word_1_263' title='bbox 1082 2004 1348 2056; x_wconf 57' lang='lat' dir='ltr'>‘anoualdus’</span> <span class='ocrx_word' id='word_1_264' title='bbox 1367 2011 1536 2045; x_wconf 87' lang='lat' dir='ltr'>uocant.</span> 
     </span>
     <span class='ocr_line' id='line_1_34' title="bbox 103 2057 1538 2111; baseline 0.003 -16"><span class='ocrx_word' id='word_1_265' title='bbox 103 2062 126 2096; x_wconf 88' lang='lat'>8</span> <span class='ocrx_word' id='word_1_266' title='bbox 142 2057 239 2096; x_wconf 87' lang='lat' dir='ltr'>Eius</span> <span class='ocrx_word' id='word_1_267' title='bbox 280 2058 533 2098; x_wconf 85' lang='lat' dir='ltr'>calciamenti</span> <span class='ocrx_word' id='word_1_268' title='bbox 572 2066 737 2101; x_wconf 88' lang='lat' dir='ltr'>sutores</span> <span class='ocrx_word' id='word_1_269' title='bbox 776 2065 787 2084; x_wconf 65' lang='lat'><em>³</em></span> <span class='ocrx_word' id='word_1_270' title='bbox 802 2061 1079 2111; x_wconf 83' lang='lat' dir='ltr'>crepidarios’</span> <span class='ocrx_word' id='word_1_271' title='bbox 1115 2061 1318 2101; x_wconf 84' lang='lat' dir='ltr'>dixerunt.</span> <span class='ocrx_word' id='word_1_272' title='bbox 1397 2061 1538 2101; x_wconf 89' lang='lat' dir='ltr'>Sem-</span> 
     </span>
     <span class='ocr_line' id='line_1_35' title="bbox 139 2113 1537 2167; baseline 0.003 -16"><span class='ocrx_word' id='word_1_273' title='bbox 139 2113 361 2161; x_wconf 91' lang='lat' dir='ltr'>pronius</span> <span class='ocrx_word' id='word_1_274' title='bbox 392 2115 598 2155; x_wconf 78' lang='lat' dir='ltr'>Asellio</span> <span class='ocrx_word' id='word_1_275' title='bbox 637 2117 676 2155; x_wconf 91' lang='lat' dir='ltr'>in</span> <span class='ocrx_word' id='word_1_276' title='bbox 714 2117 846 2156; x_wconf 88' lang='lat' dir='ltr'>libro</span> <span class='ocrx_word' id='word_1_277' title='bbox 883 2128 1047 2156; x_wconf 90' lang='lat' dir='ltr'>rerum</span> <span class='ocrx_word' id='word_1_278' title='bbox 1085 2123 1346 2167; x_wconf 90' lang='lat' dir='ltr'>gestarum</span> <span class='ocrx_word' id='word_1_279' title='bbox 1376 2117 1537 2156; x_wconf 87' lang='lat' dir='ltr'>XIIII:</span> 
     </span>
    </p>
   </div>
   <div class='ocr_carea' id='block_1_10' title="bbox 142 2169 1603 2226">
    <p class='ocr_par' dir='ltr' id='par_1_13' title="bbox 142 2169 1603 2226">
     <span class='ocr_line' id='line_1_36' title="bbox 142 2169 1603 2226; baseline 0.004 -21"><span class='ocrx_word' id='word_1_280' title='bbox 142 2169 518 2218; x_wconf 88' lang='lat' dir='ltr'>Crepidarium,</span> <span class='ocrx_word' id='word_1_281' title='bbox 550 2171 691 2220; x_wconf 84' lang='lat' dir='ltr'>inquit,</span> <span class='ocrx_word' id='word_1_282' title='bbox 727 2174 990 2212; x_wconf 88' lang='lat' dir='ltr'>cultellum</span> <span class='ocrx_word' id='word_1_283' title='bbox 1015 2173 1222 2222; x_wconf 88' lang='lat' dir='ltr'>rogauit</span> <span class='ocrx_word' id='word_1_284' title='bbox 1247 2185 1272 2212; x_wconf 87' lang='lat' dir='ltr'>a</span> <span class='ocrx_word' id='word_1_285' title='bbox 1299 2172 1539 2222; x_wconf 85' lang='lat' dir='ltr'>crepida·</span> <span class='ocrx_word' id='word_1_286' title='bbox 1592 2221 1603 2226; x_wconf 42' lang='lat'><strong>·</strong></span> 
     </span>
    </p>
   </div>
   <div class='ocr_carea' id='block_1_11' title="bbox 139 2224 436 2264">
    <p class='ocr_par' dir='ltr' id='par_1_14' title="bbox 139 2224 436 2264">
     <span class='ocr_line' id='line_1_37' title="bbox 139 2224 436 2264; baseline 0.007 -2"><span class='ocrx_word' id='word_1_287' title='bbox 139 2224 214 2263; x_wconf 90' lang='lat' dir='ltr'>rio</span> <span class='ocrx_word' id='word_1_288' title='bbox 241 2230 436 2264; x_wconf 84' lang='lat' dir='ltr'>sutore.</span> 
     </span>
    </p>
   </div>
   <div class='ocr_carea' id='block_1_12' title="bbox 1551 2297 1619 2476">
    <p class='ocr_par' dir='ltr' id='par_1_15' title="bbox 1551 2297 1619 2476">
     <span class='ocr_line' id='line_1_38' title="bbox 1551 2297 1619 2476; baseline 0 0"><span class='ocrx_word' id='word_1_289' title='bbox 1551 2297 1619 2476; x_wconf 95' lang='lat' dir='ltr'> </span> 
     </span>
    </p>
   </div>
  </div>
 </body>
</html>
