1603 2508
0 72 54 92 ’
127 71 129 73 ’
510 86 838 135 V11.(V1..)x111
858 84 1465 126 x1111.225

0 178 135 257 ff‘fltem
158 200 212 241 de
236 198 386 241 ceteris
412 198 615 240 similibus
638 199 679 239 in
697 199 867 240 diuersa
890 204 1084 250 tempora
1107 205 1146 241 et
1164 200 1205 240 in
1225 200 1458 242 contrarias
1476 207 1498 244 9

0 249 260 298 sententias
279 256 583 298 discesserunt.
646 257 732 297 Sed
755 258 930 298 Plato’
937 256 1116 307 ,inquit,
1138 262 1301 299 ‘noster
1322 269 1460 308 neque
1472 266 1517 300 10

31 313 144 355 uitae
162 313 205 354 id
229 318 396 366 tempus
413 325 554 365 neque
585 314 710 356 morti
733 313 866 362 dedit,
894 314 1091 364 idemque
1121 314 1159 355 in
1180 315 1293 356 omni
1321 315 1458 357 consi-

31 371 188 412 milium
203 382 344 412 rerum
362 370 666 423 disceptatione
684 371 792 412 fecit.
813 347 928 411 Vidit
946 370 1102 422 quippe
1119 379 1344 424 utrumque
1362 380 1515 414 essen

29 439 226 480 pugnans
242 440 382 480 neque
407 441 539 480 posse
557 440 610 469 ex
629 429 794 470 duobus
816 427 1056 477 contrariis,
1089 431 1219 471 altero
1247 435 1457 479 manente,

31 487 207 527 alterum
224 486 423 527 constitui
453 486 831 537 quaestionemque
854 485 945 525 fieri
968 497 1046 537 per
1066 487 1333 528 diuersorum
1352 488 1459 527 inter

31 554 79 583 se
101 542 244 583 finium
271 543 416 584 mortis
451 548 492 584 et
520 543 632 584 uitae
667 542 997 591 cohaerentiam,
1032 550 1073 584 et
1105 544 1262 586 idcirco
1296 545 1462 596 peperit

30 600 124 651 ipse
142 600 440 652 expressitque
458 601 571 641 aliud
597 601 813 651 quoddam
835 613 993 641 nouum
1015 601 1055 641 in
1074 602 1257 644 confinio
1276 607 1457 653 tempus,

32 658 148 708 quod
171 657 313 698 uerbis
330 657 514 710 propriis
535 663 662 709 atque
678 658 852 709 integris
869 653 927 710 τὴ
940 672 966 698 v
994 656 1083 707 ἐξα
1095 659 1191 712 ίφν
1202 673 1227 711 η
1239 674 1259 708 ς
1286 673 1319 711 φ
1331 655 1360 699 ύ
1373 670 1459 700 σιν

30 714 258 766 appellauit
285 715 413 766 idque
436 715 576 766 ipsum
601 716 680 765 ita,
712 715 771 756 uti
796 715 923 764 dico’‚
956 715 1108 766 inquit,
1140 716 1204 756 ein
1232 717 1360 765 libro,
1393 718 1459 757 cui

29 772 368 814 Parmenides
391 773 533 814 titulus
551 778 635 822 est,
665 773 866 824 scriptum
887 773 938 812 ab
959 784 1009 814 eo
1029 774 1286 825 reperietis’.

117 830 240 870 Tales
269 835 374 881 aput
391 831 600 871 Taurum
627 831 848 882 symbolae
867 829 1052 880 taliaque
1078 836 1196 871 erant
1219 843 1460 872 mensarum
1475 837 1518 872 12

31 887 337 935 secundarum,
369 893 413 929 ut
435 887 528 939 ipse
549 887 689 928 dicere
708 889 857 928 solitus
880 892 989 936 erat,
1027 886 1373 941 ξτραγηριοὲτωιᾶ

674 1002 799 1042 X1111.

30 1083 265 1122 Poeniendis
297 1084 466 1131 peccatis
499 1088 573 1121 tres
604 1095 690 1122 esse
725 1086 891 1122 rationes
917 1097 938 1122 a
966 1085 1208 1133 philosophis
1239 1087 1455 1130 attributas;

90 1145 127 1178 et
149 1142 398 1189 quamobrem
420 1142 524 1178 Plato
551 1141 712 1179 duarum
735 1154 782 1179 ex
807 1143 865 1178 his
893 1143 1130 1187 meminerit,
1164 1154 1240 1179 non
1273 1144 1398 1180 trium.

111 1228 364 1270 Poeniendis
388 1230 575 1280 peccatis
604 1236 687 1271 tres
707 1242 803 1271 esse
823 1232 978 1271 debere
999 1243 1150 1272 causas
1171 1231 1452 1272 existimatum
1473 1239 1492 1272 1

30 1291 108 1328 est.
169 1288 266 1327 Vna
281 1292 347 1327 est
365 1297 512 1336 causa,
544 1299 651 1338 quae
670 1288 828 1328 Graece
852 1290 919 1328 uel
938 1286 1193 1337 [(κόλασιῳ
1215 1290 1305 1337 uel]
1326 1293 1457 1328 evov-
1473 1295 1495 1330 2

28 1342 189 1385 θεσία’
209 1343 378 1393 dicitur,
409 1355 503 1384 cum
519 1356 659 1409 poena
676 1345 895 1386 adhibetur
913 1346 1146 1396 castigandi
1166 1352 1293 1396 atque
1317 1357 1454 1386 emen-

6 1401 325 1452 dand1grat1a
356 1405 402 1441 ut
434 1401 490 1451 is,
525 1414 595 1452 qui
612 1402 780 1443 fortuito
801 1403 1023 1467 delinquit,
1057 1403 1256 1444 attentior
1275 1403 1347 1443 fiat
1365 1414 1454 1444 cor-

0 1457 283 1525 ζωοὶίοτᾳυθ.
344 1459 488 1499 Altera
506 1464 582 1508 est,
601 1471 726 1510 quam
743 1459 795 1509 hi,
826 1461 897 1511 qui
913 1461 1123 1501 uocabula
1142 1461 1222 1501 ista
1245 1460 1454 1501 curiosius
1470 1466 1493 1502 3

6 1508 276 1565 diuiserunt,
296 1516 548 1569 (τιμωρίαν
569 1518 792 1568 appellant.
854 1520 914 1557 Ea
937 1529 1066 1558 causa
1091 1517 1456 1558 animaduertendi

10 1573 115 1622 est
151 1583 245 1613 cum
262 1548 441 1623 dignitas
459 1574 774 1624 auctoritasque
797 1575 900 1623 eius,
933 1575 974 1615 in
996 1587 1121 1626 quem
1140 1581 1204 1616 est
1220 1580 1455 1626 peccatum,

0 1605 188 1676 &tuenda
204 1634 289 1678 est,
320 1641 372 1670 ne
389 1631 690 1681 praetermissa
716 1631 1028 1674 animaduersio
1054 1637 1341 1683 contemptum
1365 1632 1455 1672 eius

10 1686 166 1738 pariat
183 1691 226 1727 et
245 1687 451 1728 honorem
483 1689 614 1728 leuet:
646 1689 891 1739 idcircoque
920 1689 962 1728 id
988 1689 1025 1729 ei
1041 1690 1297 1730 uocabulum
1317 1701 1339 1728 a
1358 1700 1455 1729 con-

0 1737 273 1800 {sseruatione
289 1744 462 1786 honoris
480 1746 634 1786 factum
653 1751 813 1797 putant.
840 1746 978 1785 Tertia
995 1747 1099 1787 latio
1119 1746 1359 1787 uindicandi
1377 1752 1454 1794 est,
1471 1752 1495 1788 4

14 1811 140 1853 gquae
176 1797 512 1855 παράδειγμα’
555 1814 579 1842 a
619 1803 789 1843 Graecis
828 1803 1085 1852 nominatur,
1132 1815 1227 1843 cum
1266 1803 1452 1853 poenitio

0 1862 207 1910 'propter
227 1861 466 1910 exemplum
489 1861 732 1900 necessaria
763 1865 847 1908 est,
881 1865 925 1900 ut
944 1860 1072 1900 ceteri
1090 1872 1114 1900 a
1132 1860 1335 1901 similibus
1357 1871 1454 1912 pec·

0 1964 14 1973 ,Ι
33 1914 157 1965 catis,
190 1927 298 1967 quae
315 1916 532 1967 prohiberi
549 1918 772 1968 publicitus
791 1918 979 1966 interest,
1012 1922 1125 1958 metu
1141 1917 1336 1968 cognitae
1354 1928 1453 1969 poe-

30 1981 112 2012 nae
127 1972 431 2014 deterreantur.
493 1974 654 2015 Idcirco
672 1980 840 2015 ueteres
861 1986 1033 2024 quoque
1056 1975 1189 2015 nostri
1208 1978 1219 1997 ²
1235 1976 1450 2025 exempla'

31 2039 109 2079 pro
125 2029 317 2071 maximis
337 2031 717 2083 grauissimisque
708 2032 854 2072 poenis
875 2031 1083 2072 dicebant.
1130 2032 1307 2082 Quando
1330 2031 1454 2082 igitur

26 2089 105 2126 aut
120 2097 220 2138 spes
238 2098 390 2138 magna
406 2093 492 2142 est,
521 2094 568 2129 ut
597 2089 653 2138 is,
688 2089 757 2140 qui
789 2088 1001 2140 peccauit,
1032 2089 1135 2129 citra
1154 2100 1336 2139 poenam
1359 2089 1452 2140 ipse

4 2152 131 2217 iqsense
148 2144 257 2184 ultro
275 2145 480 2196 corrigat,
510 2151 581 2186 aut
595 2158 696 2197 spes
717 2151 864 2186 contla
880 2147 992 2185 nulla
1010 2152 1094 2195 est,
1127 2145 1340 2187 emendari
1358 2157 1453 2186 eum

0 2190 164 2259 ‘ffpossc
180 2205 222 2240 et
238 2201 409 2252 corrigi,
439 2208 512 2244 aut
534 2203 736 2244 iacturam
755 2203 987 2253 dignitatis,
1019 2203 1059 2243 in
1079 2214 1204 2254 quem
1229 2208 1449 2268 peccatum

82 2258 112 2304 t,
139 2258 268 2298 metui
281 2270 365 2299 non
383 2271 608 2302 necessum
627 2265 704 2310 est,
732 2266 803 2301 aut
822 2272 905 2300 non
925 2260 967 2300 id
983 2266 1204 2311 peccatum
1223 2266 1300 2310 est,
1329 2260 1447 2301 cuius

47 2314 271 2409 ,xgmplum
295 2318 537 2358 necessario
560 2323 673 2359 metu
700 2317 974 2358 sanciendum
1006 2317 1077 2358 sit:
1115 2323 1225 2416 tunli5
1248 2317 1448 2369 quicquid

123 2383 247 2410 ELLIVS
