1635 2492
639 54 691 93 X.
723 66 822 93 xxv.
843 64 958 93 xxvr.
1453 51 1507 94 27

149 165 326 218 (sine
356 165 479 207 mihi
507 178 696 218 gerere
726 164 917 207 morem
961 167 1143 207 uidear
1184 165 1380 217 lingua,
1421 178 1507 206 ue-

921 236 1030 264 rum
1060 222 1271 274 lingula.

22 327 26 330 ·
81 317 184 357 Item
207 315 453 367 ‘ru[m]pia'
486 327 621 366 genus
647 315 718 356 teli
750 320 814 356 est
841 315 1027 355 Thracae
1058 315 1260 364 nationis,
1305 314 1546 364 positum-4

26 379 30 382 ’
82 384 165 424 que
186 373 268 414 hoc
288 374 543 414 uocabulum
564 373 605 413 in
630 373 800 423 Quinti
830 372 962 412 Enni
993 371 1254 412 annalium
1282 372 1405 411 XIIII.

160 429 337 470 Nauium
367 435 525 478 autern,
567 441 672 480 quas
702 429 911 469 reminisci
937 434 1036 469 tunc
1057 429 1291 480 potuimus,
1328 430 1507 479 appella-
1525 437 1545 471 5

12 527 17 529 ,
83 486 219 528 tiones
244 487 349 527 haec
377 492 496 527 sunt:
529 487 660 537 gauli,
684 487 889 535 corbitae,
918 485 1133 534 caudicae,
1159 487 1330 536 longae,
1354 486 1508 536 hippa-

79 543 213 594 gines,
232 543 406 593 cercuri,
426 545 592 584 celoces
610 545 690 592 uel,
712 549 757 583 ut
775 543 920 583 Graeci
938 543 1091 591 dlount,
1116 539 1344 594 <κε’λητες’,
1368 542 1504 591 lembi,

85 600 222 650 oriae,
241 601 474 650 lenunculi,
493 601 723 650 actuariae,
743 612 846 651 quas
866 600 1013 641 Graeci
1035 604 1046 623 <
1059 594 1409 652 ἱστ[ι]οκω’πους’
1432 611 1505 640 uo-

0 666 8 702 ,ἑ
83 663 179 698 cant
208 659 278 698 uel
309 654 642 711 ‘e'naxtpcdag’‚
675 657 917 709 prosumiae
945 659 1013 697 uel
1035 663 1284 707 geseoretae
1305 658 1374 696 uel
1398 657 1506 697 orio-

0 719 10 750 ἓ
78 716 164 763 lae,
188 716 377 763 stlattae,
404 715 587 766 scaphae
602 747 611 763 ,
635 719 869 765 pontones,
900 719 924 761 †
944 714 1098 754 ueintie
1122 714 1308 763 moedia,
1329 714 1503 764 phaseli,

0 752 18 890 ἓ
77 782 286 823 parones,
317 783 625 823 myoparones,
656 771 817 819 lintres,
842 771 1026 822 caupuli‚
1052 782 1266 824 camarae,
1298 770 1503 821 placidae,

79 829 284 881 cydarum
294 860 303 878 ,
323 830 521 878 ratariae,
545 828 846 880 catascopium.

0 892 18 922 ιι

0 923 14 1151 ἱ
717 962 864 1004 xxvl.

78 1049 217 1085 Inscite
243 1049 289 1084 ab
319 1047 454 1084 Asinio
486 1047 653 1083 Pollione
678 1046 954 1093 reprehensum
976 1045 1219 1089 Sallustium,
1251 1044 1355 1092 quod
1385 1049 1505 1081 trans-

0 1153 8 1189 f
138 1105 395 1141 fretationem:
422 1108 706 1151 transgressum
726 1103 882 1146 dixerit,
911 1107 964 1138 et:
986 1107 1273 1149 transgressos,
1297 1102 1360 1148 qui
1381 1107 1505 1138 trans-

0 1194 3 1207 ,
138 1162 352 1198 sretassent.

166 1248 351 1290 Asinio
373 1248 610 1290 Pollioni
632 1249 673 1288 in
697 1250 876 1298 quadam
896 1248 1096 1298 epistula,
1123 1258 1246 1297 quam
1272 1246 1336 1284 ad
1358 1246 1501 1286 Plan·
1520 1258 1539 1292 1

81 1317 191 1347 cum
213 1305 402 1357 scripsit,
436 1310 477 1346 et
501 1305 752 1356 quibusdam
774 1306 884 1354 aliis,
910 1307 951 1345 C.
978 1303 1226 1345 Sallustii
1247 1302 1422 1353 iniquis,
1446 1302 1504 1342 di-

14 1407 33 1415 ,Ι
79 1367 208 1414 gnum
230 1368 331 1404 nota
353 1363 492 1403 uisum
513 1367 597 1412 est,
638 1363 754 1413 quod
774 1363 814 1402 in
836 1363 969 1413 primo
1000 1360 1349 1401 historiarum
1378 1359 1502 1399 maris

22 1417 32 1456 ἶ
77 1419 300 1461 transitum
333 1419 714 1470 transmissumque
750 1420 927 1460 nauibus
965 1420 1119 1458 sactum
1141 1418 1501 1466 ‘transgressum’

30 1491 33 1501 ³
79 1477 305 1528 appellauit
333 1488 516 1527 eosque,
556 1477 626 1527 qui
657 1478 806 1517 fretum
839 1476 1177 1522 transmiserant,
1217 1485 1324 1525 quos
1347 1477 1504 1513 <trans-

26 1530 41 1576 j
79 1534 280 1575 fretasse'
307 1534 390 1574 dici
415 1533 586 1574 solitum
609 1539 696 1583 est,
725 1535 1067 1584 ‘transgressos’
1096 1531 1211 1571 dixit.
1251 1531 1393 1570 Verba
1412 1530 1543 1580 ipsa2

79 1590 306 1633 Sallusti
339 1591 502 1640 posuit:
548 1592 731 1641 Itaque
761 1590 1060 1637 Sertorius,
1094 1589 1208 1628 leui
1231 1587 1501 1638 praesidio

0 1663 44 1708 >f
79 1648 289 1697 relicto,
339 1648 389 1687 in
431 1647 762 1688 Mauretania
811 1651 1037 1687 nanctus
1085 1646 1365 1685 obscuram
1411 1655 1503 1683 no-

80 1709 232 1754 ctem,
271 1710 427 1745 aestu
473 1705 716 1745 secundo
761 1704 936 1744 furtim
975 1708 1063 1742 aut
1108 1701 1392 1741 celeritate
1427 1700 1502 1740 ui-

23 1807 26 1809 ,
78 1766 194 1802 tare
224 1761 484 1812 proelium
514 1761 563 1801 in
585 1767 934 1811 transgressu
964 1763 1186 1799 conatus
1218 1761 1313 1798 est.
1343 1756 1543 1800 Deinde3

24 1832 26 1834 ’
51 1817 186 1869 ,infra
203 1817 261 1858 ita
286 1818 474 1870 scripsit:
506 1819 909 1868 Transgressos
940 1815 1106 1857 omnis
1134 1813 1327 1865 recipit
1356 1825 1502 1855 mons

26 1904 35 1933 3
79 1880 398 1927 praeceptus
425 1887 450 1914 a
477 1875 760 1916 Lusitanis.

33 1939 35 1942 “
164 1933 257 1973 Hoc
285 1931 410 1982 igitur
438 1938 479 1972 et
507 1932 643 1973 minus
673 1931 845 1983 proprie
874 1936 915 1970 et
946 1925 1284 1982 ἀπερισκέπτως
1313 1932 1355 1968 et
1387 1928 1500 1968 nullo
1519 1934 1544 1969 4

79 1987 199 2040 graui
223 1994 397 2030 auctore
424 1989 581 2029 dictum
610 1989 736 2029 aiunt.
797 1990 914 2028 Nam
950 1987 1406 2036 ‘ti-ansgressus’,
1444 1983 1502 2023 in-

18 2042 32 2091 ’ἷ
82 2045 189 2096 quit,
217 2045 708 2096 atransgrediendo
740 2045 934 2084 dicitur
961 2044 1119 2093 idque
1145 2043 1316 2093 ipsum
1346 2041 1403 2080 ab
1428 2040 1501 2080 in-

18 2115 31 2131 ·-
81 2111 272 2152 gressu
301 2107 351 2142 et
376 2113 400 2142 a
425 2103 611 2152 pedum
641 2103 805 2152 gradu
836 2101 1175 2152 appellatum.
1227 2098 1387 2138 Idcirco
1410 2105 1540 2139 uer-5

28 2174 37 2190 ·-
79 2157 180 2198 bum
211 2158 496 2210 ‘transgredi'
532 2159 760 2200 conuenire
790 2170 874 2199 non
910 2156 1070 2207 putauit
1099 2167 1237 2206 neque
1264 2154 1502 2195 uolantibus

82 2225 221 2265 neque
250 2215 516 2266 serpentibus
545 2227 683 2266 neque
710 2215 1025 2265 nauigantibus,
1062 2213 1140 2253 sed
1172 2213 1234 2252 his
1266 2211 1388 2260 solis,
1432 2211 1503 2261 qui

81 2271 327 2321 gradiuntur
358 2276 399 2311 et
428 2272 606 2322 pedibus
635 2272 713 2312 iter
742 2271 1004 2311 emetiuntur.
1071 2270 1301 2320 Propterea
1335 2273 1502 2318 negant,
