1619 2476
149 24 204 65 68
677 16 763 62 ΧΠ.
795 32 885 60 xm.
910 31 1017 60 xuu.

150 147 324 186 magna
360 135 486 175 bealli
515 132 853 174 contentione
888 136 1030 172 terra
1053 143 1295 183 marique
1338 144 1549 184 supera—

148 199 249 232 tum
288 192 424 231 intra
466 194 686 230 montem
723 190 938 228 Taurum
983 199 1206 238 regnare
1247 189 1547 237 iusserunt3

148 248 342 295 Asiam,
379 258 477 298 qua
507 246 649 286 illum
679 246 984 292 multarunt,
1010 245 1185 286 Attalo
1201 276 1210 293 ‚
1243 249 1297 286 ut
1323 244 1369 285 is
1405 245 1455 286 in
1491 257 1549 286 ea

91 309 134 344 27
148 309 411 355 regnaret,
459 303 837 342 condonarunt.
911 302 1056 341 Intra
1104 306 1356 350 montem,
1402 301 1547 352 inquit,

147 361 365 400 Taurum
406 370 633 409 regnare
674 358 967 406 iusserunt,
1003 358 1118 406 quod
1147 369 1231 398 non
1260 357 1438 408 proinde
1470 363 1546 405 est,

146 421 190 455 ut
214 415 337 455 ‘intra
355 415 604 456 cubiculum'
630 414 826 462 dicimus,
854 413 934 454 nisi
952 413 1086 454 uideri
1115 419 1258 465 potest
1279 413 1323 454 id
1353 426 1449 456 esse
1475 414 1548 454 in·

145 478 223 511 tra
261 477 501 520 montem,
535 472 648 521 quod
677 476 741 510 est
764 471 871 510 intra
890 469 1106 520 regiones,
1134 482 1241 521 quae
1253 471 1377 511 Tauri
1393 471 1545 511 montis

90 534 136 569 28
147 528 312 568 obiectu
331 533 589 579 separantur.
650 529 750 567 Nam
775 526 919 574 sicuti,
953 526 1022 577 qui
1053 526 1176 567 ‘intra
1193 527 1445 568 cubiculum’
1471 532 1546 575 est,

143 584 179 624 is
204 596 287 625 non
309 584 349 624 in
369 584 545 624 cubiculi
562 584 812 634 parietibus,
845 583 921 622 sed
937 582 1044 622 intra
1067 583 1249 634 parietes
1279 588 1362 632 est,
1397 583 1547 633 quibus

146 640 380 680 cubiculum
404 640 648 688 includitur,
682 639 751 689 qui
767 644 904 679 tamen
921 639 1002 690 ipsi
1024 650 1193 690 quoque
1214 640 1395 690 parietes
1415 640 1456 680 in
1481 651 1547 680 cu-

143 696 280 736 biculo
299 702 407 745 sunt,
432 697 499 744 ita,
525 697 594 746 qui
614 700 761 746 regnat
789 695 923 735 intra
952 700 1176 736 montem
1192 697 1431 744 Taurum,
1462 707 1546 736 non

145 753 281 792 solum
307 753 347 792 in
370 758 510 793 monte
529 754 664 792 Tauro
697 761 862 802 regnat,
895 752 971 792 sed
995 752 1035 792 in
1062 752 1125 792 his
1149 751 1271 792 etiam
1290 751 1544 803 regionibus,

146 819 252 858 quae
272 810 408 849 Tauro
432 814 572 849 monte
590 809 850 849 clauduntur.

88 873 133 908 29
227 866 331 904 Num
350 865 474 915 igitur
490 866 722 906 secundum
739 864 859 904 istam
878 865 1103 905 uerborum
1119 865 1172 904 M.
1192 864 1345 905 Tullii
1362 864 1546 905 similitu·

144 921 300 969 dinem,
333 921 400 972 qui
425 921 589 962 iubetur
607 926 618 944 ³
632 921 740 961 intra
761 922 992 961 Kalendas'
1016 920 1305 972 pronuntiare,
1332 921 1368 960 is
1389 925 1431 961 et
1450 925 1545 960 ante

141 978 351 1017 Kalendas
369 983 409 1017 et
425 978 525 1027 ipsis
543 977 739 1018 Kalendis
758 978 845 1017 iure
864 977 1131 1027 pronuntiare
1152 979 1317 1027 potest?
1345 978 1488 1027 Neque
1504 976 1546 1015 id

142 1033 187 1072 fit
204 1034 323 1082 quasi
342 1034 557 1084 priuilegio
583 1035 764 1084 quodam
786 1033 958 1074 inscitae
981 1033 1308 1081 consuetudinis,
1339 1033 1417 1073 sed
1433 1037 1546 1072 certa

142 1089 313 1130 rationis
332 1090 647 1138 obseruatione,
682 1090 878 1140 quoniam
900 1101 1022 1130 omne
1049 1095 1232 1140 tempus,
1267 1089 1381 1140 quod
1396 1089 1545 1128 Kalen·

144 1145 290 1185 darum
305 1146 371 1186 die
388 1146 622 1194 includitur,
657 1147 779 1185 <intra
794 1147 1019 1186 Kalendas’
1040 1157 1136 1186 esse
1157 1151 1270 1186 recte
1286 1145 1451 1185 dicitur.

782 1259 904 1298 XIIII.

282 1335 422 1372 Saltem
448 1338 633 1384 particula
649 1347 760 1382 quam
779 1337 855 1371 uim
879 1336 1014 1372 habeat
1035 1341 1072 1372 et
1091 1347 1202 1383 quam
1218 1336 1418 1384 originem.

103 1427 120 1459 1
209 1418 397 1457 ‘Saltem’
408 1418 609 1468 particula
629 1429 751 1466 quam
767 1418 939 1457 haberet
949 1417 1179 1468 principem
1197 1418 1544 1468 significationem

101 1483 124 1515 2
142 1484 334 1525 quaeque
353 1474 472 1514 uocis
498 1474 616 1514 istius
648 1473 763 1523 origo
800 1480 933 1521 esset,
967 1475 1284 1523 quaerebamus.
1345 1476 1406 1514 Ita
1434 1475 1544 1516 enim

139 1531 327 1581 primitus
354 1531 502 1570 factam
520 1541 615 1570 esse
637 1535 833 1580 apparet,
860 1535 905 1569 ut
932 1542 1016 1570 non
1048 1529 1250 1579 uideatur,
1280 1530 1403 1572 sicuti
1421 1543 1544 1581 quae—

140 1588 234 1626 dam
255 1586 544 1636 subplementa
570 1585 789 1631 orationis,
822 1592 978 1626 temere
1008 1592 1049 1626 et
1072 1586 1283 1627 incondite
1307 1588 1544 1638 adsumpta.

102 1650 124 1683 3
140 1646 280 1692 Atque
298 1647 397 1690 erat,
431 1643 501 1692 qui
521 1642 687 1689 diceret,
718 1642 872 1692 legisse
888 1653 936 1682 se
957 1642 998 1681 in
1019 1643 1379 1692 grammaticis
1411 1655 1544 1685 com·

141 1697 408 1738 mentariis
434 1699 478 1738 P.
496 1697 707 1748 Nigidii,
737 1700 916 1738 ‘saltem'
943 1709 995 1738 ex
1023 1709 1074 1739 eo
1095 1698 1261 1747 dietum,
1294 1700 1409 1750 quod
1430 1705 1546 1740 esset

141 1756 201 1793 esi
221 1754 376 1802 aliter'‚
407 1754 534 1805 idque
565 1757 702 1805 ipsum
723 1754 803 1794 dici
832 1754 998 1794 solitum
1025 1765 1102 1804 per
1122 1755 1419 1804 defectionem,
1448 1767 1542 1795 nam

104 1818 127 1851 4
146 1812 310 1861 plenam
336 1822 433 1850 esse
450 1810 716 1851 sententiam:
750 1810 804 1850 tsi
826 1811 942 1850 aliter
965 1822 1048 1851 non
1072 1814 1242 1861 potest’.
1303 1811 1389 1852 Sed
1404 1788 1447 1851 i'd
1463 1823 1542 1852 nos

139 1868 180 1906 in
202 1867 369 1907 isdem
402 1867 796 1907 commentariis
816 1868 859 1906 P.
883 1865 1094 1916 Nigidii,
1127 1877 1220 1906 cum
1236 1878 1312 1907 eos
1329 1879 1427 1935 non,
1457 1867 1542 1918 opi-

139 1935 237 1969 nor
266 1934 479 1963 mcuuose
496 1923 763 1973 lefflssemus
794 1934 1001 1972 nusquam
1016 1933 1266 1962 muemmus

102 1987 123 2020 5
225 1979 432 2018 Videntur
453 1984 592 2019 autem
616 1979 746 2018 uerba
762 1979 842 2019 ista
858 1979 911 2019 ‘si
928 1978 1044 2018 aliter
1061 1989 1146 2019 non
1163 1981 1320 2029 potest’
1343 1989 1368 2017 a
1390 1978 1542 2029 signifi-

142 2035 303 2076 catione
322 2035 488 2085 quidem
505 2036 681 2075 uoculae
698 2035 833 2083 huius,
856 2035 908 2075 de
928 2045 1008 2084 qua
1024 2033 1276 2086 quaerimus,
1293 2045 1377 2075 non
1395 2035 1545 2076 abhor-

140 2102 248 2131 rere.
295 2091 368 2131 Set
383 2095 446 2131 tot
461 2091 589 2131 uerba
610 2096 746 2130 tamen
769 2091 809 2130 in
825 2090 1099 2141 paucissimas
1116 2090 1256 2131 literas
1279 2091 1460 2139 cludere,
1476 2091 1543 2131 in-

103 2152 125 2187 6
142 2147 300 2195 probae
330 2146 545 2187 cuiusdam
575 2146 808 2187 subtilitatis
841 2152 917 2187 est.
978 2146 1070 2186 Fuit
1097 2146 1241 2195 etiam,
1274 2146 1345 2197 qui
1373 2147 1543 2195 diceret,

142 2202 267 2243 homo
291 2202 331 2241 in
354 2203 465 2242 libris
483 2208 607 2253 atque
623 2203 663 2242 in
681 2202 806 2242 literis
828 2202 1046 2250 adsiduuS,
1076 2207 1088 2225 ³
1103 2203 1272 2242 saltem’
1294 2202 1372 2243 sibi
1390 2202 1559 2258 dictum.
