1619 2476
107 96 162 136 42
712 94 742 133 1.
759 105 822 133 111.
841 105 919 133 1111.

50 219 96 255 29
191 210 304 248 Haec
323 208 498 257 taliaque
526 208 556 246 T
568 208 592 246 h
605 218 626 246 e
639 218 662 247 o
674 206 734 257 ph
747 217 799 245 ra
811 211 894 246 stu
906 218 924 246 s
952 206 1053 246 satiS
1081 210 1200 246 caute
1226 212 1268 247 et
1285 206 1459 248 sollicite
1475 212 1517 248 et

108 265 323 314 religiose,
355 276 447 303 cum
472 262 737 303 discernendi
767 262 898 312 magis
924 263 1269 313 disceptandique
1293 264 1515 315 diligentia,

110 333 233 372 quam
252 332 343 360 cum
361 320 613 360 decernendi
630 319 836 359 sententia
858 324 984 369 atque
1007 319 1178 368 fiducia,
1203 320 1369 361 scribsit
1378 335 1388 368 ;
1415 332 1515 370 quo-

107 379 217 417 niam
242 378 430 427 profecto
464 388 681 416 causarum
710 387 757 414 ac
780 381 1015 425 temporum
1039 376 1282 425 uarietates,
1317 377 1515 417 discrimi-

108 445 290 483 numque
307 445 354 472 ac
377 433 700 472 differentiarum
720 432 938 472 tenuitates
961 433 1201 482 ignorantes
1227 433 1440 474 decretum
1459 439 1514 473 at-

109 503 188 541 que
216 495 462 540 perpetuum
488 490 809 552 distinctumque
833 489 871 527 in
898 490 1023 529 rebus
1041 489 1213 539 singulis
1229 495 1513 540 praeceptum,

108 548 221 591 quod
253 558 330 596 ego
362 558 439 588 nos
465 546 504 586 in
528 546 659 596 prima
681 550 880 585 tractatus
911 546 1029 586 istius
1048 550 1164 595 parte
1187 546 1427 586 desiderare
1458 546 1514 586 di-

106 615 267 650 xeram,
292 615 375 643 non
394 603 573 653 capiunt.

48 663 96 698 30
204 660 302 699 Eius
321 665 458 699 autem
477 660 738 706 Chilonis,
766 670 789 697 a
809 670 890 708 quo
910 659 1286 709 disputatiunculae
1301 659 1449 699 huius
1441 659 1512 699 mi-

105 717 206 756 tium
225 716 415 763 fecimus,
436 728 528 755 cum
547 716 624 754 alia
642 728 706 765 qu
700 716 846 754 icdam
864 720 959 754 sunt
976 716 1130 755 monita
1145 716 1258 756 utilia
1274 721 1400 766 atque
1417 728 1467 766 pl
1471 728 1512 756 u-

107 774 266 821 dentia,
298 778 385 812 tum
413 773 454 812 id
480 773 655 811 maxime
685 773 926 822 exploratae
951 771 1134 812 utilitatis
1155 778 1242 821 est,
1276 773 1390 822 quod
1407 773 1511 813 duas

107 830 389 869 ferocissimas
409 829 665 869 adfectiones
684 829 837 869 amoris
857 833 982 878 atque
1003 829 1085 868 odii
1108 829 1215 868 intra
1231 830 1401 869 modum
1419 840 1512 869 cau-

105 888 235 926 tulum
264 886 459 927 coercuit.
506 889 517 907 ‘
531 887 617 924 Hac
630 889 655 932 ³,
687 885 817 934 inquit
834 917 842 932 ,
875 888 885 906 <
900 885 969 923 fini
994 896 1108 925 ames
1123 918 1132 934 ,
1164 891 1375 936 tamquam
1404 887 1512 926 forte

108 945 273 983 1011111111
290 949 330 982 et
348 954 513 989 esurus,
531 943 607 981 hac
627 942 766 980 itidem
783 946 904 981 tenus
924 942 1083 989 oderis,
1102 947 1312 992 tamquam
1330 943 1511 983 fortasse

48 1007 93 1042 31
106 1005 204 1050 post
221 1012 285 1038 am
289 1003 462 1039 aturus’.
510 999 645 1049 Super
662 999 741 1037 1100
768 999 917 1037 eodem
947 999 974 1037 C
988 999 1128 1038 hilon
1143 1010 1165 1038 e
1191 1000 1373 1038 Plutar
1386 999 1510 1038 chus

105 1056 383 1106 philosophus
413 1056 451 1094 in
479 1056 611 1095 libro
639 1052 763 1105 περὶ
793 1055 975 1121 ψυχῆς
1016 1067 1072 1105 pr
1081 1056 1175 1095 imo
1202 1055 1343 1096 uerbis
1366 1055 1429 1095 his
1455 1055 1512 1095 ita

107 1112 289 1153 scribsit.
331 1112 550 1153 Χείλων
582 1106 604 1151 ὁ
636 1106 893 1163 παλαιός,
941 1106 1189 1160 ἀκούσας
1215 1107 1372 1160 τινὸς
1416 1109 1512 1152 λε’-

106 1182 331 1221 γοντος,
377 1168 584 1221 μηδένα
622 1167 773 1220 ἐχειν
822 1165 1064 1236 ἐχθρόν,
1096 1163 1413 1236 ἠρώτησεν,
1465 1167 1515 1209 εἰ

107 1223 315 1278 μηδένα
338 1226 505 1278 φίλον
531 1224 667 1277 ἔχει,
696 1224 934 1276 νομίζων
959 1222 1010 1273 ἐξ
1040 1219 1285 1278 ἀνάγκης
1307 1222 1512 1265 ἐπακο-

107 1284 346 1322 λουθεῖν
392 1280 481 1322 καὶ
527 1278 1026 1332 συνεμπλέκεσθαι
1076 1282 1333 1334 mal-lame
1374 1275 1512 1322 ἄπε-

106 1352 130 1390 χ
145 1341 180 1378 θ
195 1352 214 1378 ε
226 1339 245 1378 ί
252 1353 279 1377 α
292 1353 325 1386 ς.

771 1417 852 1455 1111.

107 1488 227 1532 Quam
255 1488 412 1523 tenuiter
439 1487 665 1533 curioseque
689 1487 944 1533 explorauerit
959 1486 1145 1522 Antonius
1173 1487 1338 1523 Iulianus
1365 1487 1403 1522 in
1429 1497 1511 1523 ora-

358 1544 458 1579 tione
475 1544 526 1579 M.
544 1543 653 1579 Tullii
670 1544 773 1579 uerbi
793 1545 837 1579 ab
855 1554 899 1579 eo
919 1543 1047 1579 mutati
1064 1543 1262 1590 argutiam.

77 1628 96 1662 1
190 1620 325 1658 Anto
338 1631 361 1657 n
374 1619 385 1657 i
399 1631 422 1658 u
436 1630 454 1658 s
471 1619 636 1658 Iulian
648 1630 674 1657 11
687 1630 705 1657 s
734 1620 875 1660 rhetor
893 1630 1094 1669 perquam
1113 1618 1186 1658 fuit
1200 1618 1367 1659 honesti
1383 1623 1509 1669 atque

105 1675 268 1715 amoeni
292 1675 442 1725 ingeni.
483 1675 680 1715 Doctrina
707 1687 874 1724 quoque
900 1676 980 1714 ista
1008 1674 1172 1714 utiliore
1200 1685 1248 1714 ac
1275 1675 1510 1714 delectabili

103 1737 376 1781 ueterumque
408 1731 702 1781 elegantiarum
735 1743 834 1771 cura
859 1737 900 1771 et
933 1731 1132 1771 memoria
1162 1732 1289 1771 multa
1319 1731 1420 1779 fuit3
1454 1732 1509 1771 ad

103 1789 184 1828 1100
223 1788 375 1828 scribta
409 1788 546 1829 onmia
581 1788 813 1837 antiquiora
837 1793 920 1827 tam
945 1787 1111 1828 curiose
1135 1788 1352 1837 spectabat
1379 1793 1419 1827 et
1438 1794 1508 1828 aut

102 1844 278 1884 uirtutes
303 1844 538 1895 pensitabat
563 1850 632 1883 aut
647 1844 745 1883 uitia
760 1845 1006 1892 rimabatur,
1033 1849 1078 1883 ut
1103 1844 1299 1884 iudicium
1326 1855 1423 1884 esse
1451 1845 1506 1884 fa-

105 1905 215 1940 ctum
233 1901 474 1941 atamussim
493 1900 667 1940 diceres.

70 1965 93 1999 2
188 1959 226 1997 Is
244 1958 479 1997 Iulianus
504 1968 631 2006 super
648 1968 697 1997 eo
716 1958 1042 2008 enthymemate,
1075 1958 1189 2006 quod
1214 1962 1279 2009 est
1301 1957 1350 1996 in
1381 1966 1506 1997 ora-

101 2013 248 2054 tione
277 2015 331 2053 M.
363 2013 544 2061 Tullii,
587 2025 731 2063 quam
760 2025 850 2064 pro
885 2015 963 2053 Cn.
995 2013 1217 2053 Plancio
1249 2013 1405 2062 dixit,
1449 2013 1506 2053 ita
1565 2039 1581 2060 ·—,

72 2069 354 2111 3existimauit
368 2094 424 2098 —
443 2071 519 2110 sed
542 2072 671 2110 uerba
686 2070 802 2120 prius
817 2102 826 2117 ‚
859 2071 910 2109 de
930 2070 1079 2120 quibus
1096 2069 1292 2108 iudicium
1310 2070 1361 2109 ab
1377 2081 1427 2111 eo
1447 2071 1504 2109 fa-
1560 2100 1583 2126 ¹„

102 2130 211 2164 ctum
229 2127 422 2176 est,ipsa
440 2138 611 2176 ponam:
647 2128 956 2176 Quamquam
992 2124 1273 2166 dissimilis
1306 2131 1386 2166 est
1413 2137 1502 2176 pe-
1563 2124 1583 2178 ⁴

101 2182 285 2221 cuniae
329 2184 529 2222 debitio
578 2189 625 2222 et
670 2182 887 2232 gratiae.
944 2184 1060 2221 Nam
1097 2182 1184 2231 qui
1223 2183 1500 2232 pecuniam
1555 2183 1558 2186 ’

100 2238 377 2286 dissoluit,
424 2239 603 2278 statim
635 2251 736 2279 non
766 2239 926 2278 habet
954 2239 1025 2286 id,
1074 2239 1213 2287 quod
1243 2238 1501 2287 reddidit,
1559 2236 1579 2287 „¹

100 2294 184 2344 qui
216 2301 384 2334 autem
417 2296 592 2342 debet,
617 2295 658 2333 is
685 2295 883 2334 retinet
907 2295 1149 2342 alienum,
1174 2295 1395 2344 gratiam
1417 2306 1503 2336 au·
