1635 2492
22 0 75 104 ἓ
637 45 783 85 XVIII.
805 55 864 84 xt.
882 56 958 85 ΧΠ.
1427 42 1511 87 215

20 133 24 138 ’
763 158 833 198 xl.

89 243 219 280 Verba
249 254 297 280 ex
328 243 560 280 carminibus
588 243 677 279 Furi
707 242 870 279 Antiatis
902 242 1036 278 inscite
1073 252 1094 277 a
1127 240 1314 278 Caesellio
1347 241 1511 278 Vindice

147 300 406 348 reprehensa;
444 310 658 348 uersusque
688 300 783 347 ipsi,
813 300 850 335 in
883 299 1019 346 quibus
1058 309 1103 335 ea
1135 300 1254 335 uerba
1286 303 1390 343 sunt,
1425 301 1510 336 sub-

149 358 293 405 scripti.

175 446 267 487 Non
307 445 448 486 hercle
486 445 597 486 idem
638 445 774 486 sentio
821 456 914 485 curn
956 444 1218 485 Caesellio
1259 444 1547 494 Vindice,l

86 501 385 552 grammatico,
424 506 471 542 ut
506 514 600 543 mea
635 502 776 553 opinio
815 507 900 550 est,
942 504 1255 552 hautquaquam
1281 501 1506 543 inerudito.

87 559 248 600 Verum
276 559 358 600 hoc
390 565 528 600 tamen
560 561 799 611 petulanter
826 559 1081 609 insciteque,
1124 559 1238 609 quod
1271 559 1549 607 Furium‚2

87 620 276 656 ueterem
321 622 515 667 poetam,
558 617 846 657 dedecorasse
890 616 1071 667 linguam
1109 616 1295 656 Latinam
1341 616 1510 667 scripsit

88 673 383 714 huiuscemodi
413 685 568 714 uocum
603 673 864 722 fictionibus,
900 685 1008 724 quae
1047 672 1143 712 mihi
1176 673 1346 723 quidem
1370 684 1509 723 neque

86 730 318 771 abhorrere
349 742 374 770 a
400 730 569 781 poetica
602 732 797 771 facultate
831 730 950 771 uisae
981 736 1078 770 sunt
1107 742 1245 780 neque
1269 731 1382 771 dictu
1414 742 1509 781 pro-

87 788 260 838 fatuque
282 787 376 838 ipso
398 792 557 828 taetrae
581 794 651 828 aut
673 788 871 828 insuaues
889 799 1010 836 esse,
1042 787 1162 828 sicuti
1181 793 1278 828 sunt
1303 788 1509 838 quaedam

86 843 168 884 alia
185 845 237 885 ab
253 844 498 885 inlustribus
519 845 658 896 poetis
678 846 774 885 ficta
796 846 900 886 dure
919 851 958 885 et
983 846 1165 885 rancide.

171 913 285 963 Quae
314 913 584 963 reprehendit
611 918 749 954 autem
790 913 1087 953 Caesellius
1120 912 1358 960 Furiana,
1399 912 1543 951 haec3

86 974 206 1010 sunt:
238 970 353 1021 quod
385 975 537 1010 terram
567 971 607 1010 in
639 972 768 1010 lutum
801 982 967 1010 uersam
992 971 1249 1009 ‘lutescere’
1284 969 1433 1009 dixerit
1468 974 1509 1008 et

85 1027 284 1068 tenebras
313 1027 355 1067 in
386 1027 523 1068 noctis
548 1028 718 1068 modum
742 1029 870 1068 factas
907 1032 1201 1068 <noctescere’
1229 1033 1270 1066 et
1306 1026 1505 1077 pristinas

87 1083 327 1135 reciperare
353 1083 466 1124 uires
486 1085 752 1125 euirescere'
772 1090 812 1124 et
833 1086 946 1134 quod
973 1089 1123 1124 uentus
1150 1095 1263 1123 mare
1292 1084 1505 1123 caerulum

87 1140 322 1192 crispicans
358 1140 542 1181 nitefacit
578 1145 834 1192 ‘purpurat'
874 1141 1023 1181 dixerit
1063 1146 1103 1180 et
1139 1142 1383 1191 opulentum
1417 1140 1508 1179 fieri

86 1199 387 1248 ‘opulescere’.

173 1266 336 1305 Versus
359 1270 496 1305 autem
518 1266 637 1316 ipsos
656 1277 707 1306 ex
726 1278 785 1317 po
801 1266 986 1306 ematis
1005 1264 1270 1312 Furianis,
1291 1264 1329 1304 in
1351 1264 1501 1314 quibus
1520 1273 1542 1308 4

84 1322 217 1363 uerba
237 1322 341 1362 haec
364 1327 474 1371 sunt,
507 1323 694 1363 subdidi:

145 1404 410 1455 Sanguine
442 1405 665 1446 diluitur
692 1407 878 1452 tellus,
912 1416 1038 1444 caua
1072 1410 1213 1444 terra
1244 1403 1476 1443 lutescit.

145 1461 322 1502 Omnia
351 1467 673 1503 noctescunt
707 1462 943 1503 tenebris
976 1461 1225 1511 caliginis
1259 1466 1418 1500 atrae.

144 1520 455 1559 Increscunt
475 1519 652 1567 animi,
681 1519 907 1560 uirescit
932 1521 1152 1559 uolnere
1175 1518 1360 1558 uirtus.

145 1574 292 1616 Sicut
330 1576 491 1616 fulica
523 1576 660 1617 leuis
694 1577 887 1617 uolitat
918 1587 1077 1626 super
1109 1586 1343 1626 aequora
1370 1575 1506 1614 clas-

928 1645 1021 1680 sis,

144 1689 382 1741 Spiritus
419 1690 674 1731 Eurorum
712 1690 907 1730 uiridis
953 1702 1063 1730 cum
1114 1693 1372 1739 purpurat
1418 1699 1505 1727 un-

927 1747 1031 1787 das.

145 1803 250 1853 Quo
284 1803 448 1854 magis
476 1803 523 1844 in
555 1804 745 1855 patriis
771 1803 989 1855 possint
1023 1804 1343 1854 opulescere
1370 1811 1506 1841 cam-

933 1873 1024 1911 pis.

759 1987 846 2028 XII.

85 2065 233 2103 Morem
254 2066 368 2103 istum
392 2067 583 2102 ueteribus
610 2066 749 2102 nostris
778 2066 915 2110 ruisse,
950 2067 1066 2102 uerba
1090 2065 1260 2113 patiendi
1292 2068 1436 2100 mutare
1459 2073 1504 2098 ac

518 2127 666 2159 uertere
684 2124 721 2158 in
742 2122 882 2170 agendi
898 2123 1067 2159 modum.

168 2210 215 2250 Id
249 2221 420 2261 quoque
447 2211 634 2251 habitum
663 2216 728 2251 est
763 2210 803 2249 in
831 2210 1021 2250 oratione
1050 2209 1240 2248 facienda
1271 2207 1534 2257 elegantiael

87 2279 241 2319 genus,
272 2271 319 2307 ut
348 2278 426 2317 pro
457 2268 599 2308 uerbis
630 2267 878 2307 habentibus
906 2266 1090 2317 patiendi
1123 2266 1299 2315 figuram
1335 2264 1502 2315 agentia
