1619 2476
161 43 217 85 96
774 43 820 79 Π.
839 52 942 79 xxu.

164 167 236 195 sus
254 155 487 204 aquilonem
505 154 596 200 ssat3
625 153 721 192 item
739 155 842 192 alter
867 157 878 175 ³
894 151 1123 200 fauonius',
1151 151 1221 202 qui
1247 152 1405 192 Graece
1430 150 1559 204 ζέφυ-

166 225 241 262 ρος
258 217 451 251 uocatur:
487 211 521 249 is
545 211 749 249 aduersus
769 220 913 248 eurum
940 209 1031 256 flat;
1064 208 1211 248 tertius
1236 208 1451 256 ‘africus’‚
1488 207 1558 258 qui

108 275 153 310 13
165 269 318 307 Graece
338 272 347 289 ἲ
361 267 436 313 λίψ
448 270 481 313 ⁹,
501 267 704 305 aduersus
720 266 959 305 uolturnum
976 265 1084 304 facit.
1132 265 1221 304 Hae
1239 265 1346 304 duae
1362 265 1556 313 regiones

163 324 264 362 caeli
287 323 453 362 orientis
480 321 792 371 occidentisque
815 321 921 360 inter
951 332 1046 361 sese
1070 322 1275 360 aduersae
1298 332 1373 360 sex
1405 321 1560 360 habere

107 386 149 420 14
161 384 309 419 uentos
327 379 533 418 uidentur.
578 378 772 417 Meridies
798 383 954 425 autem,
983 377 1179 426 quoniam
1196 382 1311 418 certo
1329 381 1455 427 atque
1472 377 1556 417 fixo

160 436 285 474 limite
302 440 379 482 est,
396 447 522 474 unum
540 434 792 474 meridialem
808 439 978 474 uentum
991 435 1137 473 habet:
1155 434 1190 474 is
1207 433 1350 473 Latine
1369 435 1557 481 <auster’‚

163 493 318 530 Graece
350 487 526 538 evo‘vog'
562 491 814 538 nominatur,
849 491 1043 540 quoniam
1080 496 1144 530 est
1172 484 1400 530 nebulosus
1431 495 1557 540 atque

105 552 372 594 15uinectus3
393 552 403 570 ³
417 546 558 594 vozzg’
582 547 689 586 enim
708 548 863 586 Graece
879 559 998 587 umor
1017 547 1264 587 nominatur.
1304 545 1558 596 Septentrio-

160 615 234 643 nes
254 609 391 642 autem
407 604 559 642 habent
577 605 628 643 ob
649 605 821 642 eandem
839 615 1007 643 causam
1032 616 1171 643 unum.
1219 605 1258 642 Is
1286 602 1474 642 obiectus
1501 601 1557 640 di-

160 664 386 709 rectusque
424 660 462 698 in
502 665 707 707 austrum,
747 660 890 699 Latine
930 665 940 682 ⁶
954 659 1370 710 septentrioiifflius',
1401 660 1558 698 Graece

105 720 170 757 16e
185 711 427 767 ἀπαρκτίας
440 719 453 737 ³
481 717 724 765 appellatus.
758 718 820 755 Ex
837 716 898 755 his
918 721 1011 755 octo
1030 717 1165 756 uentis
1183 716 1249 755 alii
1267 720 1445 765 quatuor
1460 726 1559 755 uen—

160 778 227 813 tos
255 773 474 811 detrahunt
497 777 621 821 atque
644 773 685 810 id
711 773 847 811 facere
870 783 916 811 se
949 772 1090 812 dicunt
1121 774 1338 812 Homero
1373 776 1557 818 auctore,

162 829 231 877 qui
249 829 364 868 solos
384 834 562 878 quatuor
577 834 727 868 uentos
745 828 926 868 nouerit:
962 840 1126 877 eurum,
1161 834 1366 876 austrum,
1399 828 1558 878 aquilo-

105 890 146 926 17
159 895 265 933 nem,
284 885 515 932 fauonium,
542 896 566 923 a
584 890 762 934 quatuor
782 885 884 924 caeli
909 885 1115 934 partibus,
1144 897 1247 936 quas
1269 884 1388 934 quasi
1403 885 1557 935 primas

160 941 485 988 nominauimus,
513 941 671 980 oriente
697 941 854 981 scilicet
879 946 1003 990 atque
1029 942 1246 982 occidente
1268 940 1483 981 latioribus
1501 945 1558 980 at-

104 1003 148 1038 18
162 1009 242 1046 que
269 997 543 1046 simplicibus,
569 1009 651 1037 non
670 998 893 1047 tripertitis.
925 998 1075 1037 Partim
1092 1004 1228 1038 autem
1249 1002 1364 1046 sunt,
1393 997 1462 1047 qui
1476 1007 1553 1047 pro

161 1059 255 1092 octo
275 1054 494 1092 duodecim
513 1053 675 1100 faciant,
694 1054 839 1093 tertios
861 1059 1039 1103 quatuor
1055 1055 1094 1093 in
1112 1055 1246 1094 media
1263 1056 1356 1094 loca
1371 1053 1554 1093 inseren-

158 1114 221 1149 tes
244 1110 429 1157 cir[cum]
457 1110 687 1158 meridiem]
713 1115 766 1158 et]
796 1111 1101 1160 septentriones
1120 1112 1265 1151 eadem
1282 1111 1454 1158 ratione,
1474 1121 1555 1159 qua

160 1166 333 1205 secundi
351 1172 529 1215 quatuor
545 1166 717 1206 intersiti
730 1167 941 1206 suntinter
950 1167 1154 1216 primores
1174 1168 1280 1208 duos
1294 1167 1406 1217 apud
1423 1166 1555 1206 orien-

158 1226 241 1261 tem
260 1222 618 1271 occidentemque.

103 1306 146 1341 19
248 1301 352 1339 Sunt
376 1313 502 1350 porro
528 1301 607 1341 alia
633 1302 835 1349 (maedam
854 1301 1020 1341 nomina
1039 1302 1156 1351 quasi
1174 1301 1443 1351 peculiarium
1459 1312 1558 1341 uen-

159 1364 315 1403 torum,
343 1369 449 1405 quae
474 1357 633 1396 incolae
658 1358 696 1395 in
723 1358 809 1397 suis
829 1357 1005 1406 quisque
1029 1358 1268 1407 regionibus
1286 1359 1472 1397 fecerunt
1489 1362 1559 1396 aut

161 1424 213 1451 ex
244 1414 432 1452 locorum
470 1414 706 1461 uocabulis,
740 1414 779 1452 in
813 1414 961 1463 quibus
995 1416 1154 1462 colunt,
1187 1419 1257 1453 aut
1286 1425 1338 1454 ex
1367 1414 1447 1453 alia
1477 1425 1555 1463 qua

102 1478 148 1511 20
163 1480 291 1508 causa
303 1500 312 1517 ,
331 1481 436 1518 quae
453 1471 505 1508 ad
528 1470 759 1509 faciendum
776 1471 1025 1510 uocabulum
1042 1471 1261 1526 acciderat.
1292 1470 1431 1510 Nostri
1447 1481 1558 1509 nam-

161 1536 241 1574 que
275 1525 375 1564 Galli
397 1531 566 1565 uentum
593 1538 643 1565 ex
670 1538 745 1566 sua
767 1532 878 1566 terra
896 1527 1084 1575 flantem,
1118 1538 1241 1577 quem
1267 1525 1558 1567 saeuissimum
1610 1560 1611 1563 ,

159 1581 390 1630 patiuntur,
410 1586 422 1605 ³
436 1582 624 1622 circium'
643 1584 854 1633 appellant
871 1595 895 1623 a
911 1583 1092 1631 turbine,
1118 1583 1278 1634 opinor,
1298 1583 1386 1624 eius
1403 1594 1452 1623 ac
1469 1594 1558 1622 uer-

102 1637 299 1687 21tigine.
341 1632 561 1690 Ἰαπυγίας
593 1639 723 1688 ipsius
751 1651 823 1679 ore
846 1639 1216 1690 proficiscentem]
1242 1639 1382 1689 (quasi
1407 1639 1557 1679 finibus

157 1694 353 1743 Apuliae)
374 1696 529 1745 [Apuli]
549 1697 710 1744 eodem,
730 1708 811 1746 quo
830 1696 909 1747 ipsi
925 1701 1038 1745 sunt,
1058 1696 1223 1736 nomine
1241 1696 1456 1747 ‘iapygem
1469 1699 1483 1717 ’
1503 1695 1559 1734 di-

101 1758 146 1792 22
162 1754 270 1789 cunt.
318 1751 422 1790 Eum
440 1763 535 1792 esse
552 1754 857 1802 propemodum
884 1764 1053 1793 caurum
1075 1753 1287 1801 existim03
1319 1764 1414 1792 nam
1439 1756 1480 1791 et
1495 1756 1561 1791 est

101 1814 146 1848 23
162 1807 429 1847 occidentalis
469 1813 510 1847 et
546 1808 710 1848 uidetur
750 1810 1027 1849 exaduersum
1059 1821 1205 1849 eurum
1233 1809 1349 1848 flare.
1409 1810 1558 1858 Itaque

158 1863 258 1901 Ver
266 1862 394 1911 giliu
407 1876 426 1903 s
447 1865 706 1915 Cleopatram
723 1878 745 1904 e
762 1866 897 1906 nauali
912 1865 1072 1915 proelio
1090 1866 1130 1904 in
1146 1868 1386 1915 Aegyptum
1402 1865 1557 1913 fugien-

157 1923 240 1957 tem
258 1925 383 1959 uento
407 1919 591 1971 iapyge
618 1922 715 1960 ferri
738 1922 811 1970 ait,
838 1933 956 1961 ecum
995 1933 1163 1972 quoque
1187 1923 1369 1971 Apulum
1393 1918 1555 1968 eodem,

101 1980 147 2015 24
161 1986 242 2023 quo
284 1981 470 2024 uentum,
513 1979 718 2018 uocabulo
753 1978 994 2030 eiapygem'
1026 1977 1260 2028 appellauit.
1329 1978 1405 2017 Est
1435 1976 1557 2016 etiam

158 2035 308 2070 uentus
331 2032 495 2072 nomine
520 2038 530 2056 ²
546 2034 745 2083 caecias’‚
772 2046 894 2084 quem
911 2034 1088 2074 Aristo
1105 2036 1232 2074 teles
1255 2033 1312 2073 ita
1325 2034 1430 2073 flare
1445 2033 1556 2080 dicit,
1583 2051 1587 2054 ·

158 2091 204 2125 ut
219 2087 350 2127 nubes
374 2100 456 2128 non
474 2092 620 2139 procul
644 2093 869 2141 propellat,
895 2092 972 2131 sed
992 2095 1037 2130 ut
1053 2092 1106 2130 ad
1122 2101 1218 2130 sese
1233 2094 1376 2138 uocet,
1403 2101 1455 2129 ex
1473 2100 1555 2140 quo

158 2153 326 2182 uersum
344 2149 452 2184 stum
469 2147 773 2195 prouerbialem
792 2149 944 2187 factum
961 2147 1035 2186 ait:

205 2225 412 2272 ’Ἐλκων
443 2228 523 2286 ἐφ’
560 2229 754 2283 αὑτόν,
791 2231 952 2285 [sign-s]
980 2236 1206 2286 καικίας
1237 2235 1421 2290 νέφος,

1562 2408 1607 2476 ’ἐκ
1590 2385 1595 2388 -
1587 2349 1592 2352 ·
1579 2290 1610 2299 »ᾳ
