1603 2508
694 91 746 128 V.
778 102 805 130 1.
824 101 868 130 11.
1418 95 1498 139 161

175 201 398 241 Praeterea
420 200 602 250 dicebat,
634 212 826 252 magnam
855 205 1024 245 laudem
1055 217 1139 247 non
1171 208 1322 248 abesse
1353 209 1404 248 ab
1429 211 1498 249 ad-
1516 218 1537 251 5

91 256 328 306 miratione,
347 257 662 298 admirationem
679 264 835 308 autem,
856 273 963 311 quae
979 262 1157 303 maxima
1175 269 1251 313 est,
1269 276 1353 305 non
1370 267 1500 306 uerba

89 325 258 364 parere,
287 314 364 354 sed
384 314 604 355 silentium.
652 315 876 365 ‘idcirco’‚
901 317 1051 369 inquit,
1076 323 1088 342 ‘
1101 326 1320 370 poetarum
1339 322 1500 373 sapien-
1516 330 1538 365 6

87 369 276 411 tissimus
295 371 507 412 auditores
525 371 617 412 illos
635 372 766 421 Vlixi,
791 373 957 415 labores
978 387 1079 416 suos
1098 377 1389 418 inlustrissime
1407 390 1495 419 nar-

89 427 240 476 rantis,
271 427 343 467 ubi
366 428 566 478 loquendi
587 427 680 469 finis
707 430 858 478 sactus,
890 442 974 471 non
1001 434 1188 474 exultare
1213 445 1290 474 nec
1308 440 1496 486 strepere

89 494 168 523 nec
193 484 417 525 uociferari
443 484 558 532 facit,
590 485 666 524 sed
698 486 948 528 consiluisse
970 488 1193 531 uniuersos
1226 490 1342 539 dicit,
1377 493 1496 542 quasi

88 539 288 581 attonitos
308 545 349 580 et
366 541 635 592 obsmpidos,
665 541 950 584 delenimentis
969 545 1127 586 aurium
1152 548 1205 586 ad
1222 547 1402 597 origines
1427 561 1494 589 us-

87 607 168 646 que
185 596 303 637 uocis
320 597 679 648 permanantibus:

134 684 223 740 ‘¹529
264 687 425 744 φάτο·
473 690 554 734 τοὶ
596 688 639 734 δ’
683 688 784 747 ἄρα
824 692 1021 746 πάντες
1067 695 1202 751 ἀκὴν
1233 697 1490 752 ἐγένοντο

919 757 1113 809 σιωπῇ,

142 815 417 872 Κηληθμῷ
446 812 488 857 δ’
523 817 751 869 ἔσχοντο
792 815 924 860 κατὰ
955 819 1159 874 μέγαρα
1191 819 1487 864 σκιόεντα’.

760 973 806 1012 11.

118 1056 240 1105 Super
267 1069 362 1105 equo
392 1060 600 1097 Alexandri
626 1064 748 1110 regis,
780 1066 841 1110 qui
870 1064 1108 1112 Bucephalas
1143 1068 1354 1113 appellatus
1387 1074 1457 1107 est.

163 1155 308 1204 Equus
325 1156 554 1196 Alexandri
577 1159 686 1209 regis
705 1165 746 1200 et
771 1160 905 1211 capite
928 1167 968 1200 et
991 1162 1157 1202 nomine
1175 1164 1484 1216 ‘Bucephalas’
1507 1173 1525 1206 1

79 1209 166 1249 fuit.
227 1211 421 1261 Emptum
439 1213 625 1254 Chares
650 1216 816 1267 scripsit
832 1217 997 1257 talentis
1015 1219 1214 1260 tredecim
1232 1226 1272 1260 et
1295 1222 1384 1272 regi
1397 1223 1485 1263 Phi·
1504 1229 1526 1262 2

77 1265 192 1317 lippo
212 1267 411 1307 donatum
421 1281 430 1316 3
461 1269 541 1310 hoc
565 1276 702 1312 autem
727 1273 834 1313 aeris
861 1274 994 1314 nostri
1019 1286 1180 1315 summa
1205 1282 1269 1317 est
1292 1280 1484 1319 sestertia

76 1327 263 1363 trecenta
290 1324 523 1365 duodecim.
586 1327 721 1379 Super
751 1330 831 1370 hoc
863 1341 971 1380 equo
997 1331 1164 1382 dignum
1198 1334 1398 1375 memoria
1427 1336 1483 1376 ui·
1503 1341 1525 1375 3

76 1389 189 1428 sum,
219 1380 352 1431 quod,
383 1381 453 1422 ubi
471 1389 640 1425 ornatus
659 1391 747 1425 erat
763 1391 1031 1437 armatusque
1048 1389 1099 1428 ad
1116 1389 1338 1440 proelium,
1372 1392 1483 1432 haud

74 1446 273 1486 umquam
300 1437 490 1478 inscendi
520 1451 616 1480 sese
646 1442 696 1481 ab
721 1442 820 1491 alio,
847 1443 925 1483 nisi
954 1443 1004 1483 ab
1031 1456 1131 1494 rege
1154 1458 1307 1496 passus
1326 1448 1391 1488 sit.
1436 1450 1480 1488 Id
1503 1455 1527 1488 4

76 1491 198 1532 etiarn
230 1493 282 1533 de
313 1493 393 1534 isto
425 1506 535 1546 equo
567 1503 842 1538 memoratum
881 1506 964 1548 est,
998 1502 1131 1550 quod,
1164 1514 1257 1543 cum
1293 1504 1480 1545 insidens

74 1547 116 1587 in
148 1560 198 1589 eo
231 1550 472 1590 Alexander
501 1553 610 1594 bello
636 1555 778 1595 Indico
808 1561 848 1595 et
879 1556 1063 1596 facinora
1089 1559 1245 1600 faciens
1272 1560 1413 1609 sortia,
1440 1562 1479 1601 in

72 1603 257 1645 hostium
294 1617 471 1647 cuneum
507 1621 591 1650 non
623 1611 726 1651 satis
756 1611 833 1651 sibi
860 1612 1089 1663 prouidens
1121 1614 1348 1657 immisisset
1384 1629 1480 1658 con-

71 1660 278 1712 iectisque
314 1664 499 1714 undique
537 1666 578 1706 in
614 1669 899 1708 Alexandrum
937 1669 1050 1719 telis,
1096 1673 1340 1713 uulneribus
1387 1675 1478 1714 altis

71 1717 114 1757 in
131 1719 296 1759 ceruice
313 1724 438 1770 atque
454 1721 494 1760 in
520 1723 647 1763 latere
674 1735 806 1775 equus
829 1727 1048 1776 perfossus
1072 1732 1239 1776 cs[se]t:
1271 1729 1479 1770 moribun-

73 1774 151 1814 dus
183 1780 322 1815 tamen
353 1787 401 1816 ac
438 1789 572 1829 prope
608 1780 688 1820 iam
720 1782 920 1832 exanguis
954 1794 977 1822 e
1014 1784 1158 1824 mediis
1191 1785 1381 1826 hostibus
1417 1798 1479 1826 re-

71 1841 166 1880 gem
202 1832 468 1873 uiuacissimo
507 1846 634 1877 cursu
670 1838 809 1878 retulit
839 1844 982 1889 atque,
1015 1840 1084 1880 ubi
1121 1852 1215 1880 eum
1251 1847 1368 1881 extra
1396 1845 1478 1882 tela

71 1888 297 1937 extulerat,
327 1888 420 1930 ilico
453 1892 634 1933 concidit
665 1899 724 1942 et,
756 1895 911 1935 domini
935 1896 1014 1935 iam
1033 1897 1268 1947 superstitis
1287 1910 1474 1948 securus,

38 1995 39 1998 Ἴ
70 1943 192 1993 quasi
213 1956 306 1984 cum
338 1956 489 1988 sensus
523 1949 690 1989 humani
721 1952 876 1992 solacio
905 1952 1080 1993 animam
1109 1953 1324 2004 expirauit.
1373 1957 1515 1998 Tum5

70 2009 145 2039 rex
174 2002 433 2052 Alexander,
470 2011 588 2055 parta
618 2006 707 2046 eius
741 2008 836 2047 belli
867 2009 1061 2058 uictoria,
1107 2010 1307 2061 oppidum
1346 2012 1385 2052 in
1422 2013 1474 2052 is-

71 2053 166 2096 dem
196 2057 301 2098 locIs
333 2060 517 2101 condidit
548 2062 675 2113 idque
709 2064 762 2104 ob
803 2065 899 2115 equi
930 2066 1113 2107 honores
1153 2069 1471 2119 ‘Bucephalon'

38 2110 39 2113 ’
62 2114 306 2162 appellauit.

127 2268 294 2322 Gnssmvs.
1142 2292 1162 2333 1
1171 2294 1191 2335 l

42 2372 45 2382 ⁴
72 2394 119 2508 ἐξ
