1603 2508
660 98 712 137 V.
738 109 809 136 xx.
827 108 914 136 XXI.
1410 95 1490 137 181

27 198 42 213 -.
81 221 154 250 res
171 213 184 232 ³
198 210 440 266 soloccum’
460 209 600 257 facile,
622 211 637 232 ³
649 209 970 250 soloecismum’
989 210 1089 250 haut
1107 210 1194 250 scio
1214 221 1264 250 an
1280 221 1492 260 umquam,

37 274 44 278 ’
84 266 291 306 dixerunt.
348 267 469 316 Quod
497 266 531 306 si
555 266 610 306 ita
631 271 716 314 est,
749 277 885 316 neque
902 267 941 306 in
961 267 1118 307 Graeca
1136 278 1273 317 neque
1291 267 1332 306 in
1350 267 1495 306 Latina
1511 271 1532 307 7

83 323 224 373 lingua
241 326 254 345 ³
267 323 571 363 soloecismus’
593 324 723 373 probe
743 323 904 362 dicitur.

737 435 845 476 XXI.

82 519 210 554 Pluria
234 520 296 565 qui
318 518 418 554 dicat
439 523 472 554 et
491 519 698 565 compluria
716 524 748 554 et
774 519 1050 565 compluriens,
1075 530 1150 554 non
1173 521 1331 555 barbare
1355 519 1494 566 dicere,

47 576 50 577 ’
671 575 739 610 sed
764 575 909 611 Latine.

168 663 350 703 ³Pluria'
368 665 473 703 forte
494 662 586 712 quis
606 662 707 702 dixit
730 663 1015 704 sermocinans
1040 664 1104 703 uir
1122 663 1308 714 adprime
1329 665 1492 713 doctus,
1515 673 1531 707 l

83 732 201 760 meus
233 719 410 768 amicus,
442 731 526 760 non
551 720 689 759 hercle
714 720 852 759 studio
874 722 1075 769 fer[u]ens
1096 721 1333 760 ostentandi
1357 733 1495 771 neque

84 789 166 827 quo
186 778 339 827 ³plura’
357 788 441 817 non
460 776 684 816 dicendum
701 783 882 827 putaret.
935 778 1009 816 Est
1027 777 1133 817 enim
1153 778 1341 817 doctrina
1367 779 1492 819 homo
1510 787 1533 821 2

83 833 193 873 seria
210 839 251 873 et
267 834 320 872 ad
335 833 447 873 uitae
466 833 605 873 officia
626 834 819 873 deuincta
842 845 889 873 ac
906 834 1002 873 nihil
1023 835 1074 873 de
1099 834 1239 874 uerbis
1264 835 1494 875 laborante.

84 890 184 938 Sed,
204 890 366 941 opinor,
385 890 555 930 assidua
573 897 762 930 ueterum
778 891 1031 941 scriptorum
1048 891 1295 931 tractatione
1311 892 1494 932 inoleue-
1511 900 1534 935 3

84 952 145 987 rat
166 947 332 997 linguae
347 946 455 987 illius
472 959 570 995 uox,
593 959 716 997 quam
735 947 774 986 in
793 947 905 987 libris
926 959 1054 997 saepe
1073 948 1321 987 offenderat.

168 1004 349 1052 Aderat,
371 1015 464 1043 cum
482 1005 549 1043 ille
574 1004 654 1044 hoc
673 1004 781 1051 dicit,
800 1005 1084 1055 reprehensor
1101 1005 1331 1045 audaculus
1346 1006 1496 1046 uerbo·
1512 1015 1536 1049 4

86 1071 186 1108 rum,
200 1060 269 1110 qui
278 1071 490 1110 perpauca
509 1061 739 1111 eademque
757 1063 917 1111 auolgo
935 1061 1110 1111 protrita
1128 1063 1284 1111 legerat
1300 1063 1496 1102 habebat·

85 1127 167 1166 que
182 1118 404 1157 nonnullas
423 1116 665 1167 disciplinae
681 1118 973 1167 grammaticae
999 1117 1350 1158 inauditiunculas
1363 1151 1372 1167 ,
1404 1130 1497 1169 par-

82 1173 154 1212 tim
171 1173 299 1212 rudes
316 1172 612 1223 incoatasque,
634 1174 782 1224 partim
802 1186 883 1214 non
900 1175 1076 1225 probas,
1096 1186 1253 1224 easque
1273 1175 1393 1225 quasi
1409 1177 1497 1225 pul-

82 1240 227 1269 uerem
245 1230 298 1269 ob
320 1231 479 1278 oculos,
499 1241 591 1269 cum
608 1231 780 1270 adortus
805 1243 1013 1281 quemque
1036 1233 1182 1278 fuerat,
1200 1232 1495 1282 adspergebat.

84 1286 200 1326 Sicut
217 1291 314 1325 tunc
335 1286 468 1327 amico
491 1292 659 1327 nostro:
688 1288 912 1335 ‘barbare',
941 1288 1092 1338 inquit,
1120 1288 1277 1328 ‘dixisti
1295 1289 1495 1338 ³pluria’'.
1515 1296 1536 1329 5

27 1390 30 1391 ⁷
51 1375 54 1379 .
81 1344 184 1382 Nam
206 1354 344 1392 neque
365 1343 568 1383 lationem
585 1344 759 1383 uerbum
778 1345 871 1392 hoc,
890 1356 1028 1394 neque
1047 1345 1317 1385 auet01itates
1335 1346 1491 1385 habet'.

30 1409 38 1416 ‘
82 1398 224 1439 lb11lle
241 1398 398 1439 amicus
417 1399 577 1440 ridens:
598 1402 762 1440 ³amabo
782 1404 851 1449 te',
871 1401 1014 1451 inquit,
1035 1402 1114 1441 ³uir
1130 1402 1253 1451 bone,
1273 1402 1370 1452 quia
1385 1414 1496 1442 nunc
1513 1410 1535 1445 6

29 1460 58 1526 ᾗ
84 1454 180 1494 mihi
203 1467 228 1495 a
250 1456 381 1506 magis
407 1456 526 1496 seriis
553 1458 679 1498 rebus
699 1457 826 1497 otium
846 1463 929 1505 est,
963 1459 1086 1498 uelim
1113 1460 1268 1499 doceas
1288 1471 1389 1507 nos,
1424 1470 1497 1499 cur

84 1512 250 1562 ³pluria'
265 1512 354 1552 siue
366 1513 644 1563 ³compluria',
656 1514 871 1554 mlnlennn
884 1515 1034 1563 differt
1045 1527 1129 1555 non
1141 1516 1296 1563 Latine,
1317 1492 1496 1555 sedbar-

82 1569 183 1608 bare
213 1568 391 1609 dixerint
408 1571 462 1609 M.
485 1571 625 1618 Cato,
654 1572 698 1620 Q.
723 1571 997 1619 Claudius,
1021 1573 1268 1612 Valerius
1286 1573 1494 1620 Antias,

82 1625 127 1664 L.
154 1625 360 1674 Aelius,
388 1626 431 1665 P.
461 1626 717 1676 Nigidius,
753 1629 806 1667 M.
824 1628 1012 1675 Varro,
1050 1640 1157 1678 quos
1183 1630 1495 1678 subscriptores

40 1687 43 1700 ³
83 1682 474 1732 approbatoresque
490 1682 611 1724 huius
628 1683 746 1723 uerbi
762 1684 963 1723 habemus
982 1690 1150 1734 praeter
1166 1691 1386 1735 poetarum
1406 1697 1494 1724 ora-

83 1800 249 1844 ganter:
274 1794 393 1844 <tibin
410 1795 555 1846 inquit,
575 1797 747 1837 ³habeas
765 1797 1033 1837 auctoritates
1051 1798 1166 1846 istas,
1187 1809 1239 1836 ex
1256 1798 1493 1837 Faunorum

73 1848 126 1890 ‘et
145 1851 423 1901 Aboriginum
445 1855 616 1893 saeculo
640 1853 861 1904 repetitas,
885 1860 1009 1903 atque
1031 1854 1126 1894 huic
1147 1854 1296 1894 rationi
1318 1866 1493 1905 respon-

28 1910 42 1916 ”
85 1907 200 1947 deas.
251 1909 414 1948 Nullum
436 1909 543 1948 enim
565 1911 816 1950 uocabulum
842 1916 1034 1950 neutrum
1067 1910 1397 1961 comparatiuum
1420 1924 1492 1951 nu·
1508 1919 1532 1954 8

49 1973 199 2005 mero
219 1965 441 2019 pluratiuo,
459 1971 575 2006 recto
594 1978 707 2015 casu,
732 1973 825 2006 ante
847 1972 1076 2007 extremum
1099 1979 1122 2006 a
1138 1967 1292 2006 hab'et
1283 1979 1296 2006 1
1317 1967 1490 2015 literam,

85 2019 422 2070 Slcut1³mellora
441 2023 611 2071 maiora,
631 2023 856 2073 grauiora’.
884 2024 1063 2063 Proinde
1082 2024 1388 2074 101tu1³,plura'
1406 2036 1491 2064 non

33 2090 39 2128 j
59 2113 65 2118 ,
85 2076 266 2124 ‘pluria’
288 2078 368 2117 dici
390 2079 604 2127 conuenit,
623 2091 675 2120 ne
693 2086 838 2120 contra
861 2081 1034 2119 formam
1054 2086 1301 2131 perpetuam
1320 2080 1361 2120 in
1380 2091 1491 2120 com-

2 2128 7 2137 “
52 2132 272 2184 paratiuo
293 2133 306 2172 i
327 2134 444 2175 litera
461 2135 512 2175 sit
535 2142 629 2176 ante
649 2142 879 2176 extremum
901 2139 954 2175 a'.

6 2226 8 2230 .
30 2171 65 2237 Ξ
82 2200 101 2209 *
167 2189 269 2229 Tum
285 2190 352 2230 ille
369 2192 526 2232 amicus
545 2198 702 2241 noster,
725 2205 817 2232 cum
838 2193 1045 2233 hominem
1064 2194 1343 2233 confidentem
1364 2194 1487 2244 pluli-
1505 2198 1528 2233 9

0 2270 4 2277 ·
29 2235 70 2277 2²³
82 2232 164 2283 bus
178 2246 318 2286 uerbis
335 2258 417 2287 non
437 2248 606 2298 dignum
624 2249 786 2289 existim
790 2255 900 2288 a1et:
922 2253 933 2270 ³
948 2249 1119 2288 Sinni'
1125 2250 1296 2300 ,inquit,
1315 2254 1326 2273 ³
1342 2251 1369 2289 C
1381 2261 1404 2288 a
1417 2250 1488 2300 pi-

0 2313 6 2328 -’
32 2283 248 2508 {onim
270 2303 501 2344 doctissimi
521 2305 611 2352 uiri,
631 2306 898 2355 epistulae
921 2312 1016 2345 sunt
1040 2318 1123 2346 uno
1146 2307 1185 2346 in
1209 2307 1313 2346 libro
1335 2308 1490 2346 multae

35 1738 58 1760 '·
82 1742 305 1790 torumque
326 1744 516 1779 ueterum
547 1742 716 1780 multam
739 1741 932 1791 copiam'.
987 1744 1127 1790 Atque
1147 1741 1213 1780 ille
1233 1741 1352 1781 nimis
1376 1753 1488 1781 arro·
1509 1747 1530 1783 7
1584 1785 1593 1789 ,
