1619 2476
144 46 227 87 230
696 46 856 86 XVIIII.
891 56 997 85 v1111,

146 170 314 209 quoque
341 158 631 197 recentium
666 155 884 209 ἐλεγεῖα
920 157 1125 208 quaedam
1147 149 1385 208 ἐρωτικὰ
1412 153 1545 196 dulcia

106 224 128 257 5
146 221 186 255 et
206 220 383 254 uenusta
407 213 658 253 cecinerunt.
707 213 907 254 Oblectati
924 219 1059 254 autem
1077 224 1221 254 sumus
1239 216 1406 265 praeter
1421 213 1545 252 multa

144 271 222 310 alia
237 270 455 310 uersiculis
480 269 744 320 lepidissimis
762 272 797 310 A
810 283 834 309 n
846 281 869 309 a
881 281 901 309 c
915 282 934 309 r
945 281 966 310 e
981 282 1005 310 o
1018 269 1121 309 ntis
1143 269 1255 310 senis
1267 298 1279 321 ‚
1309 279 1416 320 quos
1437 267 1548 318 equi-

145 328 237 366 dem
256 327 416 377 scripsi,
428 332 473 366 ut
489 326 646 366 interea
661 327 777 367 labor
793 327 856 366 hic
867 326 1096 376 uigiliarum
1108 331 1148 366 et
1163 325 1326 376 inquies
1343 324 1548 366 suauitate

143 383 356 434 paulisper
371 395 521 424 uocum
539 389 663 435 atque
678 384 941 425 modulorum
958 383 1267 434 adquiesceret:

105 465 127 500 6
485 459 586 504 Τὸν
610 458 863 516 ἄργυρον
897 457 1190 514 πορεύσας,

464 515 755 573 Ἡφαιστέ,
785 533 889 587 μοι
909 518 1148 586 ποίησον

477 577 806 625 Πανοπλίας
835 572 932 629 μὲν
967 570 1116 641 oiv’xc‘,

484 634 547 673 Τι’
570 647 672 697 γαρ
712 630 946 700 μάχαισι
978 627 1163 683 κάμοί;

446 686 761 755 ῦΠοτήριον
802 685 857 729 δὲ
893 690 1077 729 κοῖλον

469 740 630 786 Ὅσον
669 744 812 811 δύνῃ
847 741 1121 812 βάθυῶνον

475 801 577 843 Καὶ
615 797 684 853 μὴ
718 803 871 843 ποίει
907 797 1011 843 κατ’
1050 796 1182 842 αὐτό

475 855 616 912 Μήτ’
650 853 977 924 ἅστραμήτ’
1011 853 1237 912 ἀμάξας,

479 916 542 955 Τι’
573 911 873 956 Πλειάδων
905 913 1062 981 μέλει
1101 928 1216 969 μοι,

436 972 549 1012 1οΤί
580 966 624 1012 δ’
673 967 904 1039 ἀστέρος
937 967 1193 1022 Βοώτεως

480 1028 734 1098 Ποίησον
763 1023 1045 1096 ἀμπέλους
1080 1042 1169 1080 μοι

481 1081 582 1125 Καὶ
618 1081 861 1138 βοτρυας
883 1099 981 1126 κατ
1027 1081 1210 1126 αὐτῶν

480 1138 1214 1194 Καὶχρυσέουςπατοῦντας

468 1191 637 1262 Ὁμοῦ
673 1199 815 1268 καλῷ
854 1198 1042 1254 Λυαίῳ

435 1270 466 1296 15
468 1248 674 1306 Ἔρωτα
696 1269 783 1295 και
786 1241 1116 1297 Βάθυλλον.

104 1358 126 1394 7
230 1347 332 1386 Tum
361 1346 505 1386 Graeci
525 1348 723 1397 plusculi,
749 1348 817 1397 qui
838 1348 877 1386 in
909 1359 959 1387 eo
983 1346 1176 1387 conuiuio
1196 1350 1324 1394 erant,
1355 1344 1544 1386 homines

145 1403 307 1442 amoeni
336 1408 376 1442 et
398 1408 562 1442 nostras
589 1415 758 1453 quoque
784 1404 922 1443 literas
949 1403 1047 1442 haut
1073 1401 1283 1442 incuriose
1302 1401 1436 1454 docti,
1467 1403 1544 1442 Iu-

144 1459 334 1498 lianum
366 1459 574 1500 rhetorem
606 1461 816 1500 lacessere
849 1458 1128 1509 insectarique
1150 1458 1285 1498 adorti
1324 1463 1422 1498 sunt
1445 1463 1545 1498 tam-

145 1526 266 1565 quam
285 1526 461 1564 prorsus
484 1516 703 1556 barbarum
723 1522 763 1556 et
781 1521 1007 1566 agrestem,
1041 1515 1111 1565 qui
1134 1520 1250 1555 ortus
1272 1519 1384 1554 terra
1398 1513 1546 1565 Hispa·
1611 1529 1614 1531 ·

144 1572 210 1611 nia
228 1572 335 1610 soret
356 1573 638 1621 clamatorque
658 1577 815 1612 tantum
839 1578 879 1612 et
900 1571 1092 1612 facundia
1114 1571 1257 1611 rabida
1274 1570 1543 1621 iurgiosaque

145 1633 259 1668 esset
290 1627 463 1678 eiusque
495 1628 659 1678 linguae
691 1628 1012 1669 exercitationes
1043 1628 1237 1676 doceret,
1273 1638 1378 1678 quae
1409 1628 1542 1668 nullas

142 1686 381 1734 uoluptates
411 1687 647 1735 nullamque
674 1685 947 1725 mulcedinem
964 1685 1140 1724 Veneris
1167 1689 1292 1734 atque
1308 1685 1453 1724 Musae
1475 1684 1544 1723 ha-

142 1742 279 1788 beret;
297 1752 509 1792 saepeque
527 1754 621 1782 eum
638 1743 1002 1793 percontabantur,
1023 1740 1119 1791 quid
1139 1741 1191 1780 de
1207 1741 1245 1779 A
1258 1752 1282 1779 n
1295 1751 1318 1779 a
1330 1751 1446 1780 creo
1458 1744 1543 1779 nte

145 1797 379 1847 ceterisque
397 1798 436 1837 id
454 1810 587 1849 genus
609 1800 744 1849 poetis
769 1799 941 1839 sentiret
963 1804 1003 1838 et
1018 1797 1161 1848 ecquis
1183 1801 1422 1836 nostrorum
1443 1807 1543 1846 poe-

142 1860 278 1893 tarum
295 1859 376 1893 tam
399 1855 577 1896 fluentes
601 1856 825 1896 carminum
844 1854 1013 1896 delicias
1033 1853 1229 1894 fecisset?
1257 1851 1353 1892 ‘nisi
1372 1853 1543 1892 Catul-

143 1912 191 1949 lu
205 1913 262 1958 s',
294 1911 495 1961 inquiunt,
534 1914 657 1952 ‘forte
674 1924 807 1963 pauca
824 1918 864 1952 et
883 1913 911 1952 C
925 1913 1072 1952 aluus
1093 1910 1234 1950 itidem
1253 1911 1401 1959 pauca.
1430 1909 1542 1948 Nam

142 1967 364 2007 Laeuius
391 1968 584 2018 inplicata
608 1975 647 2009 et
667 1969 992 2009 Hortensius
1010 1968 1230 2008 inuenusta
1248 1970 1289 2005 et
1313 1965 1469 2006 Cinna
1485 1964 1542 2004 in-

142 2023 279 2072 lepida
298 2029 338 2063 et
353 2025 612 2066 Memmius
639 2027 741 2066 dura
763 2037 810 2065 ac
833 2025 1030 2076 deinceps
1059 2033 1204 2064 omnes
1221 2021 1340 2062 rudia
1355 2023 1544 2062 fecerunt

142 2084 267 2128 atque
288 2082 477 2121 absona'.

99 2138 122 2173 8
226 2136 327 2176 Tum
358 2137 424 2177 ille
449 2150 525 2188 pro
558 2139 697 2188 lingua
719 2138 872 2188 patria
907 2143 1114 2186 tamquam
1138 2147 1215 2186 pro
1245 2134 1327 2174 aris
1357 2139 1398 2174 et
1422 2134 1540 2182 focis,

142 2190 276 2232 animo
316 2193 479 2234 inritato
518 2168 873 2245 indignabundus
913 2197 925 2216 ‘
938 2194 1087 2233 cedere
1128 2191 1360 2242 equidem',
1395 2189 1540 2240 inquit,

141 2247 279 2287 ‘uobis
291 2250 424 2299 debui,
436 2256 480 2290 ut
496 2251 536 2290 in
550 2252 619 2291 tali
636 2251 769 2292 asotia
785 2256 909 2301 atque
927 2247 1309 2299 nequitiaAlcinum
1319 2244 1540 2287 uinceretis
