1619 2476
161 48 242 91 174
770 48 822 86 V.
839 58 948 86 xnn.

158 161 382 202 bestiarum
409 161 660 200 excellentes
702 160 967 210 omniumque
991 159 1198 201 inuisitata
1223 165 1294 202 aut
1318 161 1451 201 forma
1476 165 1564 201 erat
1612 167 1616 170 ’

118 226 141 261 8
160 225 228 258 aut
258 217 425 257 ferocia.
488 216 572 256 Sed
596 223 762 267 praeter
784 216 862 256 alia
886 216 1022 256 omnia
1049 218 1254 266 leonum',
1283 216 1434 267 inquit,
1467 217 1563 256 <im-
1611 239 1614 243 .

158 274 331 314 manitas
372 273 633 313 admirationi
666 272 756 321 fuit,
795 278 1045 323 praeterque
1073 273 1206 313 omnis
1238 278 1402 314 ceteros
1438 285 1562 313 unus.

122 338 143 368 ο
160 333 198 370 Is
230 342 337 370 unus
366 331 431 369 leo
458 330 648 380 corporis
674 329 828 380 impetu
855 334 896 369 et
922 328 1173 369 uastitudine
1199 330 1467 380 terrificoque
1485 331 1562 369 fre-

157 387 255 426 mitu
274 392 314 426 et
332 397 511 434 sonoro,
544 386 646 426 toris
667 385 883 436 comisque
904 385 1112 426 ceruicum
1130 386 1427 426 fluctuantibus
1441 418 1450 434 ,
1479 385 1561 425 ani·
1580 437 1582 439 ‚

100 450 246 486 lOmos
283 444 516 492 oculosque
542 443 723 483 omnium
755 443 794 481 in
827 454 923 482 sese
956 447 1232 482 conuerterat.
1293 440 1595 488 Introductus—J

157 506 244 539 erat
258 499 363 539 inter
388 499 613 549 compluris
634 504 796 538 ceteros
815 499 866 538 ad
884 510 1067 549 pugnam
1086 499 1312 538 bestiarum
1331 499 1452 538 datus
1476 510 1561 538 ser·
1583 494 1587 541 s

100 565 141 598 ll
152 568 231 596 uus
247 555 325 596 uiri
344 555 589 596 consularis.
650 556 698 595 Ei
716 567 839 595 seruo
859 556 1097 595 Androclus
1117 566 1268 595 nomen
1292 555 1378 594 fuit.
1439 555 1561 594 Hunc
1581 566 1589 572 ⁴·

155 613 222 651 ille
251 614 316 652 leo
344 612 412 652 ubi
438 612 540 652 uidit
563 613 730 662 procul,
759 615 971 662 repente',
1004 612 1155 662 inquit,
1188 611 1334 662 ‘quasi
1351 611 1560 651 admirans
1586 609 1589 642 ἶ

157 669 269 709 stetit
288 680 336 708 ac
355 668 504 708 deinde
521 669 676 708 sensim
702 673 827 718 atque
843 668 1025 718 placide,
1060 674 1270 718 tamquam
1294 668 1559 708 noscitabun-
1577 669 1583 674 ⁴

100 726 255 773 12dus,
290 726 342 764 ad
366 725 575 765 homiuem
609 724 781 764 accedit.
844 726 946 763 Tum
978 725 1152 764 caudam
1184 736 1301 764 more
1325 730 1450 774 atque
1480 724 1560 763 ritu

156 781 409 821 adulantium
428 793 576 821 canum
595 783 819 821 clementer
836 786 876 820 et
899 781 1049 820 blande
1067 786 1209 821 mouet
1231 781 1495 830 hominisque
1513 790 1560 819 se

157 838 324 888 corpori
342 838 527 887 adiungit
545 849 750 887 cruraque
770 837 859 876 eius
883 842 923 876 et
946 848 1115 886 manus,
1146 848 1281 888 prope
1309 837 1390 876 iam
1421 835 1559 876 exani-

99 895 249 937 131nati
274 899 406 942 metu,
441 894 580 944 lingua
597 893 742 933 leniter
758 894 977 932 demulcet.
1039 894 1174 933 Homo
1196 894 1436 933 Androclus
1453 892 1560 932 inter

155 952 221 990 illa
238 956 320 990 tam
348 950 503 990 atrocis
530 952 642 990 serae
667 949 949 989 blandimenta
972 949 1171 990 amissum
1190 949 1370 989 animum
1386 959 1558 999 recupe-

100 1012 235 1055 14rat,
266 1007 462 1057 paulatim
486 1009 632 1047 oculos
665 1007 717 1046 ad
741 1007 1022 1046 contuendum
1053 1007 1217 1046 leonem
1242 1007 1381 1045 refert.
1442 1006 1557 1053 Tum,

157 1064 275 1113 quasi
292 1069 434 1103 mutua
451 1063 737 1113 recognitione
756 1064 882 1110 facta,
913 1064 1086 1110 laetos’,
1116 1062 1267 1112 inquit,
1298 1062 1558 1111 ‘etgratula-

153 1121 319 1160 bundos
335 1121 502 1160 uideres
523 1119 732 1160 hominem
751 1124 792 1158 et
808 1121 1010 1159 leonem'.

99 1187 141 1220 15
233 1178 292 1215 Ea
317 1188 362 1216 re
384 1188 560 1226 prorsus
588 1181 668 1215 tam
695 1175 922 1214 admirabili
947 1175 1150 1215 maximos
1180 1176 1325 1226 populi
1354 1176 1557 1214 clamores

156 1233 358 1273 excitatos
391 1233 507 1281 dicit,
539 1232 870 1281 accersitumque
887 1243 911 1270 a
931 1233 1107 1271 Caesare
1122 1232 1380 1272 Androclum
1398 1229 1558 1280 quaesi-

101 1295 322 1338 16tamque
344 1300 537 1341 causam,
569 1300 642 1328 cur
657 1290 722 1327 ille
739 1288 1025 1327 atrocissimus
1043 1289 1108 1327 leo
1127 1287 1198 1326 uni
1219 1288 1437 1337 parsisset.
1497 1286 1558 1326 Ibi

98 1346 391 1390 17Androclus
417 1356 505 1384 rem
529 1345 742 1384 mirificam
766 1349 905 1383 narrat
928 1348 1053 1392 atque
1070 1343 1368 1383 admirandam.
1430 1346 1442 1365 ³
1457 1343 1557 1382 Cum

154 1401 460 1451 prouinciam',
490 1401 641 1450 inquit,
677 1399 881 1439 <Africam
913 1400 1203 1450 proconsulari
1233 1400 1405 1450 imperio
1437 1410 1555 1439 meus
1602 1427 1604 1429 »

156 1458 348 1498 dominus
379 1457 603 1505 obtineret,
637 1468 713 1506 ego
732 1455 786 1495 ibi
808 1456 959 1505 iniquis
979 1456 1066 1496 eius
1085 1461 1125 1495 et
1142 1456 1359 1496 cotidianis
1375 1455 1556 1496 uerberi-

154 1515 232 1554 bus
251 1515 302 1553 ad
319 1515 458 1564 fugam
477 1526 569 1553 sum
588 1518 758 1553 coactus
777 1518 837 1561 et,
870 1518 915 1552 ut
931 1512 1027 1552 mihi
1044 1523 1068 1551 a
1085 1513 1275 1561 domino,
1298 1518 1435 1552 terrae
1447 1512 1556 1552 illius
1603 1545 1606 1547 Α

154 1571 367 1620 praeside,
394 1570 569 1610 tutiores
585 1570 768 1609 latebrae
785 1570 940 1616 forent,
964 1569 1004 1608 in
1023 1579 1264 1619 camporum
1282 1574 1323 1608 et
1338 1579 1559 1608 arenarum

155 1627 400 1667 solitudines
435 1626 651 1675 concessi,
681 1637 729 1665 ac
758 1625 793 1665 si
817 1625 1020 1665 defuisset
1052 1625 1191 1674 cibus,
1225 1625 1444 1665 consilium
1468 1625 1554 1673 fuit,

100 1689 329 1724 18mortem
352 1684 491 1733 aliquo
514 1688 638 1733 pacto
659 1694 872 1733 quaerere.
933 1682 1055 1729 Tum,
1086 1682 1175 1721 sole
1199 1681 1376 1728 medio',
1410 1681 1554 1731 inquit,
1606 1720 1608 1722 .

157 1740 324 1790 ‘rapido
355 1745 395 1779 et
418 1740 627 1790 flagranti,
662 1750 834 1789 specum
853 1739 1060 1788 quandam
1078 1742 1254 1777 nanctus
1273 1742 1476 1777 remotam
1500 1739 1554 1776 la-

98 1798 466 1846 l9tebrosamque,
498 1796 538 1835 in
557 1807 646 1836 eam
664 1807 728 1835 me
745 1800 918 1845 penetro
938 1799 978 1834 et
995 1794 1196 1834 recondo.
1256 1795 1398 1844 Neque
1425 1795 1553 1834 multo
1602 1819 1604 1821 >

156 1858 253 1903 post
269 1854 322 1892 ad
339 1854 511 1893 eandem
531 1864 703 1903 specum
719 1852 833 1891 uenit
849 1851 914 1890 hic
931 1852 1016 1899 leo,
1046 1850 1168 1889 debili
1199 1862 1282 1890 uno
1309 1855 1350 1890 et
1381 1854 1553 1890 cruento

155 1911 283 1959 pede,
316 1910 493 1959 gemitus
525 1910 654 1949 edens
685 1914 725 1947 et
762 1918 989 1955 murmura,
1023 1907 1211 1946 dolorem
1243 1906 1554 1956 cruciatumque

97 1972 143 2005 20
154 1966 335 2005 uulneris
355 1965 719 2006 commiserantia'.
741 1967 881 2014 Atque
897 1963 976 2002 illic
993 1963 1125 2013 primo
1139 1963 1304 2012 quidem
1324 1966 1554 2013 conspectu

156 2022 415 2062 aduenientis
441 2022 574 2062 leonis
597 2022 784 2061 territum
810 2021 887 2060 sibi
905 2025 945 2059 et
961 2021 1225 2069 pauefactum
1241 2019 1420 2059 animum
1439 2018 1552 2057 dixit.

98 2078 265 2118 21<Sed
282 2084 507 2128 postquam
523 2078 845 2127 introgressus',
875 2076 1025 2125 inquit,
1057 2076 1169 2124 ‘leo,
1197 2075 1256 2115 uti
1285 2087 1331 2115 re
1362 2075 1455 2125 ipsa
1484 2085 1554 2124 ap·

157 2134 311 2183 paruit,
342 2135 678 2176 inhabitaculum
696 2134 795 2173 illud
812 2144 951 2180 suum,
979 2131 1094 2172 uidet
1124 2143 1190 2171 me
1220 2133 1368 2182 procul
1391 2130 1554 2170 delites·
1594 2149 1595 2152 ¹

160 2195 340 2238 centem,
373 2191 481 2231 mitis
501 2196 540 2230 et
556 2202 752 2230 mansues
770 2189 949 2229 accessit
968 2194 1007 2228 et
1023 2188 1229 2228 sublatum
1248 2188 1400 2237 pedem
1417 2187 1578 2241 osten—1?

161 2247 259 2285 dere
277 2247 371 2286 mihi
390 2253 429 2286 et
452 2258 650 2297 porgere,
683 2246 801 2296 quasi
819 2245 910 2296 opis
935 2245 1141 2296 petendae
1158 2244 1307 2295 gratia,
1334 2244 1451 2284 uisus
1475 2239 1577 2283 est.f'
