1603 2508
676 47 727 86 X.
750 57 819 86 xv.
841 58 929 87 xvv.
1430 46 1484 88 15

0 179 7 213 g
69 173 165 202 nem
192 160 352 202 Dialem
377 160 420 202 in
451 160 670 209 conuiuio,
705 160 785 200 nisi
812 172 888 201 rex
923 159 1204 209 sacrificulus,
1239 160 1341 200 haut
1375 159 1485 210 quis·

0 2247 31 2349 1}

71 230 196 270 quam
217 217 321 259 alius
342 217 562 258 accumbit.
622 219 811 258 onrem
842 217 877 258 si
904 217 1062 270 amisit,
1100 217 1282 257 flaminio
1307 216 1545 257 decedit.2·2

67 274 376 316 Matrimonium
433 274 610 315 flaminis
658 274 738 314 nisi
786 280 921 315 morte
972 274 1106 314 dirimi
1157 275 1221 315 ius
1275 285 1361 314 non
1410 278 1545 313 est.23

68 333 246 380 Locum,
277 331 319 372 in
341 344 424 383 quo
446 332 616 372 bustum
638 337 720 379 est,
752 343 978 381 numquam
1001 331 1252 382 ingreditur,
1276 337 1486 371 mortuum
1497 336 1545 370 24

68 399 298 440 numquam
320 389 503 439 attingit;
528 390 652 429 sunus
675 394 811 428 tamen
835 389 986 439 exequi
1009 400 1092 428 non
1115 395 1180 429 est
1200 387 1359 438 religio.
1497 393 1545 427 25

153 446 339 486 Eaedem
359 447 489 486 ferme
513 445 791 485 caerimoniae
814 451 912 485 sunt
929 445 1179 494 [flaminicae
1201 475 1210 484 .
1225 475 1234 484 .
1248 475 1257 484 .
1271 449 1296 493 .]
1317 443 1545 484 flamini-26

70 513 141 543 cas
163 502 291 543 Dialis
316 514 510 543 seorsum
531 503 645 542 aiunt
665 501 939 550 obseruitare‚
961 503 1091 542 ueluti
1113 508 1196 542 est:
1225 502 1340 552 quod
1360 511 1486 541 uene·
1498 503 1544 539 :27

68 563 167 600 nato
200 559 387 611 operitur
415 564 456 599 et
485 560 601 610 quod
630 559 670 599 in
699 559 785 598 rica
810 561 1024 599 surculum
1046 560 1098 599 de
1122 560 1272 599 arbore
1293 557 1400 598 felici
1420 558 1546 596 Ἀεὶ-28

68 617 141 656 bet
162 621 204 656 et
227 617 341 667 quod
364 617 521 665 scalas,
551 616 660 665 [nisi]
686 627 793 666 quae
818 617 1003 656 Graecae
1025 618 1310 667 appellantur,
1343 625 1489 655 ascen·
1499 618 1546 653 29

69 673 170 713 dere
190 672 228 713 ei
249 674 344 724 plus
369 673 501 713 tribus
524 673 722 723 gradibus
743 672 985 723 religiosum
1007 678 1072 713 est
1090 679 1216 723 atque
1239 672 1374 719 etiam,
1397 681 1490 711 cum
1500 675 1548 711 30

68 729 99 769 it
127 729 181 769 ad
207 731 395 781 Argeos,
435 730 549 780 quod
581 741 719 781 neque
748 730 873 770 comit
896 736 1020 781 caput
1043 741 1180 781 neque
1206 729 1398 780 capillum
1421 728 1489 767 de·

67 785 208 838 pectit.

151 843 296 883 Verba
329 842 539 894 praetoris
577 855 636 883 ex
671 843 846 884 edicto
886 850 1140 895 perpetuo
1181 844 1242 883 de
1279 840 1545 882 flaminessl

67 899 205 940 Diali
237 904 285 940 et
312 901 372 940 de
403 901 694 940 sacerdote
724 902 921 941 Vestae
949 901 1177 941 adscribsi:
1226 898 1488 941 Sacerdo-

67 961 169 996 tem
208 958 481 997 Vestalem
517 963 564 997 et
605 958 866 997 flaminem
896 958 1090 998 Dialem
1121 957 1171 997 in
1215 955 1351 998 omni
1380 964 1489 993 mea

67 1013 452 1054 iurisdictione
487 1014 663 1054 iurare
700 1026 797 1055 non
839 1025 1033 1064 cogam.
1094 1015 1236 1054 Verba
1268 1014 1322 1053 M.
1353 1013 1547 1051 Var-32

68 1069 219 1111 ronis
255 1082 308 1110 ex
345 1071 580 1110 secundo
617 1082 788 1110 rerum
822 1071 1124 1111 diuinarum
1161 1082 1290 1122 super
1321 1067 1488 1109 flamine

68 1125 172 1167 Diali
196 1127 301 1167 haec
325 1132 442 1168 sunt:
487 1129 533 1167 Is
563 1128 730 1167 solum
753 1128 923 1167 album
946 1128 1103 1167 habet
1123 1129 1374 1178 galerum,
1405 1124 1489 1164 uel

71 1184 209 1233 quod
239 1184 510 1232 maximus,
556 1185 635 1223 uel
675 1185 811 1234 quod
847 1184 961 1224 loui
998 1184 1263 1225 immolata
1309 1179 1491 1222 hostia

70 1239 184 1279 alba
214 1239 264 1280 id
296 1240 416 1281 fieri
448 1246 711 1291 oporteat.

726 1354 834 1394 XVI.

71 1433 174 1478 Quos
201 1443 350 1470 errores
379 1433 494 1470 Iulius
516 1434 692 1481 Hyginus
718 1436 755 1470 in
781 1440 887 1471 sexto
907 1434 1067 1482 Vergilii
1092 1434 1421 1476 animaduerterit,
1454 1434 1490 1469 in

505 1491 679 1527 Romana
702 1491 861 1528 historia
878 1498 1036 1528 erratus.

154 1569 440 1625 Reprehendit
492 1576 733 1627 Hyginus
776 1576 1070 1626 Vergilium
1119 1582 1490 1630 correcturumque
1512 1593 1525 1626 1

70 1642 164 1672 eum
187 1631 318 1672 fuisse
346 1631 572 1679 existimat,
608 1634 722 1683 quod
757 1634 804 1673 in
836 1634 970 1673 libro
1002 1639 1151 1673 sexto
1181 1633 1380 1674 scribtum
1412 1642 1488 1676 est.

67 1687 285 1728 Palinurus
317 1694 381 1743 est
404 1695 504 1740 aput
524 1689 700 1735 inferos,
738 1696 885 1740 petens
907 1690 958 1729 ab
980 1692 1146 1736 Aenea,
1181 1695 1225 1729 ut
1249 1702 1371 1730 suum
1397 1703 1487 1732 cor·
1505 1704 1527 1738 2

68 1756 148 1795 pus
180 1745 478 1796 requirendum
503 1752 543 1786 et
569 1746 856 1797 sepeliendum
886 1751 1013 1786 curet.
1074 1746 1114 1785 Is
1136 1747 1216 1786 hoc
1235 1746 1351 1788 dicit:

125 1825 281 1877 Eripe
310 1838 385 1866 me
415 1825 516 1875 his,
563 1826 784 1875 inuicte,
823 1827 996 1874 malis,
1036 1832 1123 1866 aut
1157 1832 1208 1867 tu
1239 1827 1354 1867 mihi
1390 1833 1490 1868 ter-

292 1903 303 1907 -
911 1895 1015 1923 ram

125 1938 309 1988 Iniice‚
340 1952 563 1991 namque
598 1946 771 1991 potes,
814 1947 1111 1991 portusque
1143 1940 1359 1991 require
1390 1943 1490 1982 Ve—

904 1997 1055 2038 linos.

71 2085 198 2135 Quo,
240 2086 395 2138 inquit,
437 2088 584 2128 modo
620 2094 704 2128 aut
741 2086 1019 2128 Palinurus
1058 2087 1277 2129 nouisse
1319 2094 1367 2128 et
1397 2095 1526 2130 n0-3

68 2141 266 2184 minare
292 2143 463 2194 potuit
490 2146 698 2194 ‘portus
716 2143 961 2184 Velinos'
989 2150 1074 2185 aut
1096 2147 1302 2185 Aeneas
1334 2157 1397 2185 ex
1427 2157 1486 2186 eo

69 2199 275 2240 nomine
311 2201 477 2241 locum
515 2201 770 2247 inuenire,
821 2211 924 2240 cum
962 2201 1112 2241 Velia
1152 2201 1415 2252 oppidum‚
1464 2213 1488 2241 a

71 2265 168 2304 quo
197 2262 421 2308 portum,
465 2257 548 2307 qui
574 2257 624 2297 in
657 2268 716 2297 eo
749 2258 866 2297 loco
913 2263 1009 2306 est,
1058 2258 1293 2297 Velinum
1332 2258 1484 2307 dixit,
