1619 2476
137 32 193 73 80
679 12 682 15 ’
715 32 820 71 ΧΙΙΙ.
847 42 922 71 xu.

135 143 391 193 agitabat,
430 142 578 191 inquit,
615 142 871 181 hominem
906 142 1129 182 libertas
1169 143 1432 192 quaedam
1460 143 1537 183 ni-

134 199 232 238 mia
262 204 417 247 atque
444 209 660 245 uecors,
688 203 940 247 tamquam
971 209 1169 245 eorum,
1199 198 1322 239 diuo
1353 201 1536 249 Augu-

134 260 219 295 sto
244 255 340 293 iam
369 254 610 304 principe
641 259 691 293 et
720 254 1096 304 rempublicam
1125 253 1425 303 obtinente,
1457 267 1535 294 ra·

132 316 235 349 tuin
269 315 436 349 tamen
466 320 791 360 pensumque
827 310 953 349 nihil
992 309 1227 357 haberet,
1262 309 1365 350 nisi
1395 312 1536 361 quod

131 367 326 405 iustum
363 371 714 416 sanctumque
744 377 867 406 esse
896 366 945 406 in
973 365 1221 406 Romanis
1249 366 1537 416 antiquita-

93 422 269 461 3tibus
299 422 547 471 legisset,
580 433 627 461 ac
645 421 970 471 deindenarrat,
1004 421 1103 472 quid
1126 420 1235 460 idern
1256 421 1428 463 Labeo
1459 434 1535 473 per

92 478 331 518 4uiat0rem
353 478 564 518 atribunis
590 478 700 527 plebi
726 483 900 518 uocatus
927 476 1211 527 responderit:
1246 478 1363 517 Cum
1389 489 1414 518 a
1440 490 1536 518 mu-

133 534 290 580 liere,
338 533 490 583 inquit,
538 534 753 582 quadam
799 534 994 574 tribuni
1038 532 1209 583 plebis
1254 534 1535 574 aduersum

132 601 243 629 eum
271 589 418 636 aditi,
451 590 737 629 Gellianum
767 591 825 628 ad
851 601 958 630 eum
989 589 1279 637 misissent,
1311 595 1366 629 ut
1390 591 1536 630 ueni-

132 651 210 685 ret
236 650 285 684 et
313 645 518 685 mulieri
550 647 920 695 responderet,
950 645 1114 686 iussit
1144 656 1272 693 eum,
1303 645 1392 696 qui
1421 646 1536 686 mis-

133 712 219 741 sus
250 706 379 749 erat,
419 702 600 741 redire
628 707 676 741 et
704 702 929 742 tribunis
959 702 1158 749 dicere,
1201 701 1281 741 ius
1312 713 1404 743 eos
1436 714 1535 743 non

131 757 349 804 habere,
396 768 564 807 neque
609 768 665 797 se
710 769 882 808 neque
923 758 1085 798 alium
1114 769 1418 808 quemquam
1448 769 1535 798 uo-

132 813 305 861 candi,
352 813 600 863 quoniam
640 814 870 853 moribus
906 814 1154 854 maiorum
1192 813 1396 854 tribuni
1424 815 1535 864 ple-

129 869 208 909 bis
242 869 584 918 prensionem
621 870 901 919 haberent,
949 869 1284 911 uocationem
1323 881 1422 910 non
1451 870 1535 909 ha-

129 925 341 964 berent:
384 937 544 975 posse
566 925 733 975 igitur
758 937 848 966 eos
876 927 1059 967 uenire
1091 930 1141 966 et
1165 925 1351 976 prendi
1379 937 1434 966 se
1462 926 1535 966 iu-

128 982 274 1032 bere,
311 982 402 1020 sed
431 981 658 1022 uocandi
688 982 963 1022 absentem
991 982 1071 1022 ius
1102 993 1201 1022 non
1232 982 1330 1021 hab
1348 993 1448 1021 ere.

90 1045 112 1077 5
214 1039 313 1077 Cum
344 1037 495 1078 hocin
527 1049 577 1077 ea
609 1038 877 1088 Capitonis
915 1039 1155 1089 epistula
1189 1037 1460 1087 legissemus,
1494 1037 1535 1076 id

127 1093 429 1143 ipsumpostea
447 1095 488 1133 in
505 1094 831 1134 M.Varronis
852 1106 1023 1134 rerum
1053 1095 1399 1134 humanarum
1429 1105 1531 1134 uno

128 1154 176 1188 et
203 1149 496 1190 uicensimo
527 1150 660 1189 libro
685 1150 913 1190 enarratius
941 1151 1139 1190 scribtum
1164 1149 1410 1198 inuenimus,
1443 1160 1534 1189 uer-

89 1211 110 1245 6
127 1206 263 1255 baque
284 1205 378 1255 ipsa
400 1217 528 1255 super
550 1217 599 1245 ea
622 1207 840 1246 reVarro
854 1206 936 1246 nis
967 1205 1286 1247 adscribsimus:
1346 1207 1400 1245 In
1431 1216 1533 1245 ma-

128 1262 381 1310 gistratu,
440 1261 591 1311 inquit,
642 1262 840 1301 habent
884 1262 976 1302 alii
1020 1261 1382 1309 uocationem,
1442 1260 1534 1300 alii

127 1317 497 1366 prensionem,
525 1317 616 1355 alii
647 1323 903 1364 neutrum;
938 1318 1291 1364 uocationem,
1324 1322 1379 1357 ut
1409 1328 1533 1357 con·

128 1374 274 1412 sules
300 1377 350 1411 et
380 1372 567 1419 ceteri,
615 1372 701 1420 qui
726 1372 919 1411 habent
949 1372 1240 1422 imperium3
1281 1373 1531 1423 prensio-

127 1439 254 1476 nem,
284 1433 339 1467 ut
366 1427 775 1477 tribuniplebis
806 1433 854 1467 et
879 1428 988 1475 alii,
1022 1428 1105 1478 qui
1136 1428 1332 1468 habent
1359 1428 1531 1469 uiato—

126 1495 251 1531 rem3
294 1495 459 1533 neque
491 1483 832 1523 uocationem
861 1495 1034 1534 neque
1068 1483 1430 1533 prensionem,
1475 1490 1531 1524 ut

127 1545 443 1589 quaestores
470 1544 518 1578 et
546 1539 734 1586 ceteri,
766 1539 850 1589 qui
874 1551 1041 1590 neque
1072 1540 1311 1580 lictorem
1340 1541 1532 1580 habent

125 1606 294 1645 neque
323 1595 596 1635 uiatorem.
656 1595 745 1644 Qui
776 1596 1114 1636 uocationem
1139 1596 1355 1644 habent,
1394 1596 1531 1636 idem
1595 1647 1600 1650 Ι

124 1651 409 1701 prendere,
450 1656 655 1699 tenere,
709 1652 975 1691 abducere
1015 1657 1263 1702 possunt,
1313 1657 1362 1692 et
1403 1653 1529 1692 haec

125 1707 310 1755 omnia,
353 1707 466 1747 siue
494 1708 681 1747 adsunt
712 1719 840 1758 quos
867 1713 1065 1748 uocant
1093 1708 1204 1748 siue
1232 1708 1398 1748 acciri
1423 1708 1530 1748 ius-

124 1769 319 1803 serunt.
379 1762 593 1803 Tribuni
622 1763 796 1813 plebis
827 1763 1158 1804 uocationem
1189 1764 1386 1804 habent
1417 1767 1529 1805 nul-

123 1822 240 1867 lam3
273 1830 445 1869 neque
472 1819 639 1859 minus
666 1820 814 1859 multi
842 1820 1094 1870 imperiti,
1119 1819 1343 1869 proinde
1369 1826 1530 1871 atque

123 1875 400 1922 haberent,
447 1886 505 1915 ea
543 1881 665 1915 sunt
707 1876 810 1915 usi:
858 1887 968 1915 nam
1010 1876 1218 1926 quidam
1248 1887 1345 1915 non
1375 1878 1527 1916 modo

122 1931 411 1980 priuatum,
443 1931 537 1971 sed
563 1931 722 1971 etiam
747 1934 1038 1980 consulem,
1066 1931 1112 1970 in
1143 1937 1322 1971 rostra
1345 1933 1529 1972 uocari

123 1986 409 2027 iusserunt.
469 1987 572 2036 Ego
604 1987 959 2036 triumuirum,
1002 1992 1224 2027 uocatus
1261 1999 1285 2026 a
1313 1987 1525 2034 Porcio,

123 2042 334 2083 tribuno
361 2042 558 2093 plebis,
590 2054 689 2083 non
714 2043 804 2092 iui,
835 2043 1146 2084 auctoribus
1171 2042 1523 2093 principibus,

124 2104 174 2136 et
215 2104 367 2138 uetus
410 2098 492 2138 ius
527 2099 686 2138 tenui.
747 2101 867 2139 Item
907 2099 1151 2138 tribunus
1193 2110 1301 2139 cum
1331 2110 1518 2145 essem,

125 2155 305 2193 uocari
344 2154 596 2194 neminem
634 2155 789 2203 iussi,
833 2166 925 2195 nec
963 2160 1208 2195 uocatum
1244 2166 1267 2194 a
1297 2157 1521 2205 conlega

126 2219 309 2257 parere
338 2209 571 2250 inuitum.
