1619 2476
113 55 168 98 38
652 55 718 93 XI.
750 65 838 93 vm.
862 65 969 92 v1111,

112 170 299 209 tentiam:
334 168 536 208 neminem
561 178 811 206 suscensere
836 166 913 206 sibi
938 165 1182 214 conuenire,
1212 166 1248 207 si
1265 166 1363 217 quid
1387 167 1427 207 in
1448 167 1512 208 his

112 227 224 265 libris
255 237 400 275 parum
434 223 665 272 composite
697 227 766 262 aut
795 222 928 262 minus
958 224 1169 272 eleganter
1198 227 1284 264 tum
1313 223 1513 265 scribtum

113 284 231 322 foret.
295 282 410 320 ‘Nam
430 283 552 327 sum’,
583 279 726 329 inquit,
759 279 1145 327 ‘1101110R01nanus,
1180 284 1300 320 natus
1324 280 1363 319 in
1380 280 1510 321 Latio.

113 340 269 376 Graeca
291 337 421 377 oratio
455 350 476 375 a
502 336 621 376 nobis
648 336 897 375 alienissima
924 339 1018 383 est’,
1043 334 1223 385 ideoque
1243 336 1406 376 ueniam
1423 349 1512 387 gra-

110 395 291 443 tiamque
309 396 438 432 malae
458 392 784 440 existimationis,
813 392 847 431 si
865 391 961 442 quid
982 396 1095 431 esset
1111 396 1302 441 erratum,
1329 395 1512 443 postula-

72 462 95 495 4
112 451 181 490 uit.
236 452 335 489 Eam
355 462 446 490 cum
465 450 635 498 legisset
655 451 706 487 M.
727 450 873 488 Cato:
902 449 984 488 tNe
1006 451 1079 496 tu’,
1109 447 1252 498 inquit,
1284 451 1428 498 εΑιιΙ6,
1455 450 1511 489 ni-

110 507 234 547 mium
252 513 429 556 nugator
445 518 503 554 es,
524 518 616 545 cum
634 505 811 545 maluisti
829 507 989 556 culpam
1004 505 1232 555 deprecari,
1252 516 1375 555 quam
1391 508 1513 556 culpa

110 575 274 604 uacare.
334 566 433 603 Nam
456 568 598 613 petere
622 563 784 602 ueniam
810 564 1006 610 solemus,
1037 566 1107 601 aut
1129 573 1222 602 cum
1243 562 1511 612 inprudentes

111 620 338 660 crrauimus
371 626 440 660 aut
479 632 571 659 cum
610 618 812 669 compulsi
848 619 1130 669 peccauimus.
1192 618 1319 668 Tibi',
1365 619 1509 669 inquit,

110 682 204 717 <oro
227 683 279 724 te,
308 677 398 726 quis
422 676 614 726 perpulit,
646 682 689 715 ut
722 676 762 714 id
786 676 1079 723 committeres,
1110 676 1236 726 quod,
1268 676 1511 726 priusquam

72 737 297 782 5l'aceres,
329 740 514 784 peteres,
547 738 591 773 ut
621 733 960 782 ignosceretur?'
1012 732 1219 783 Scriptum
1249 734 1330 774 hoc
1367 737 1431 773 est
1470 733 1509 771 in

110 791 247 831 libro
286 790 497 830 Corneli
538 789 757 839 Nepotis
794 791 854 829 dc
889 789 1209 829 inlustribus
1241 789 1374 830 uiris
1405 790 1509 829 XIII.

750 904 872 944 Vllll.

137 988 301 1023 Historia
321 987 367 1022 de
394 988 528 1033 lega‘is
556 988 703 1023 Milesia
727 988 803 1032 [ac]
834 987 1088 1023 Demosthene
1113 986 1285 1031 rhetore,
1318 987 1355 1022 in
1380 987 1485 1023 libris

639 1043 788 1080 Critolai
820 1049 981 1091 reperta.

74 1147 88 1179 1
197 1131 469 1171 Critolaus
503 1131 688 1179 scribsit,
721 1134 882 1181 legatos
911 1131 1049 1172 Mileto
1082 1131 1273 1182 publicae
1302 1131 1362 1172 rei
1384 1142 1511 1172 causa

112 1188 279 1228 uenisse
311 1189 526 1237 Athenas,
559 1190 793 1229 fortassean
825 1188 975 1228 dixerit
1006 1188 1144 1228 auxilii
1173 1188 1343 1238 petendi
1364 1189 1506 1239 gratia.

110 1246 211 1284 Tum
236 1244 304 1294 qui
328 1257 403 1295 pro
422 1257 518 1284 sese
539 1246 668 1284 uerba
686 1247 880 1292 facerent,
912 1257 1018 1294 quos
1039 1245 1174 1284 uisum
1195 1249 1295 1292 erat,
1332 1245 1509 1285 aduoca-

111 1301 238 1348 uisse,
263 1302 508 1348 aduocatos,
542 1302 599 1340 uti
622 1307 709 1340 erat
732 1303 966 1340 mandatum
981 1333 991 1349 ,
1019 1300 1148 1340 uerba
1171 1312 1247 1351 pro
1265 1300 1434 1341 Milesiis
1455 1302 1507 1341 ad

110 1358 309 1407 populum
349 1357 519 1404 fecisse,
568 1358 958 1397 Demosthenen
1003 1357 1256 1397 Milesiorum
1287 1358 1507 1407 postulatis

111 1413 260 1452 acriter
280 1414 572 1464 respondisse,
605 1425 740 1464 neque
757 1413 941 1453 Milesios
959 1413 1109 1454 auxilio
1129 1414 1277 1463 dignos
1295 1424 1432 1464 neque
1457 1426 1508 1454 ex

110 1469 322 1520 republica
345 1470 384 1509 id
412 1482 506 1510 esse
527 1471 806 1510 contendisse.
868 1471 968 1510 Rem
991 1470 1029 1509 in
1048 1475 1264 1520 posterum
1287 1469 1394 1510 diem
1414 1483 1508 1521 pro-

111 1529 247 1566 latam.
321 1528 501 1575 Legatos
537 1528 587 1566 ad
631 1528 947 1567 Demosthen
962 1539 1018 1566 en
1061 1527 1230 1567 uenisse
1272 1538 1509 1578 magnoque

113 1594 240 1633 opere
260 1595 417 1631 orasse,
438 1584 496 1623 uti
519 1589 660 1622 contra
683 1596 733 1623 ne
756 1584 930 1631 dicerct;
964 1596 1057 1623 eum
1074 1583 1292 1634 pecuniam
1310 1583 1509 1634 petiuisse

112 1646 152 1679 et
171 1646 364 1690 quantam
387 1640 589 1690 petiuerat
607 1642 843 1680 abstulisse.
904 1640 1120 1688 Postridie,
1154 1652 1246 1680 cuin
1264 1652 1331 1680 res
1358 1640 1424 1690 agi
1441 1641 1508 1679 de-

111 1708 193 1736 nuo
218 1701 367 1746 coepta
389 1702 519 1744 esset,
552 1698 865 1736 Demosthcn
881 1710 958 1745 en,
992 1699 1083 1735 lana
1104 1698 1230 1736 multa
1255 1698 1405 1737 collum
1423 1707 1508 1736 cer-

111 1754 311 1802 uicesque
345 1753 712 1801 circumuolutum,
748 1755 798 1792 ad
823 1755 1022 1804 populum
1045 1753 1240 1803 prodisse
1274 1758 1314 1792 et
1339 1752 1508 1800 dixisse,

112 1821 157 1848 sc
183 1811 424 1859 synanchen
447 1810 543 1859 pati,
569 1822 619 1849 eo
645 1816 788 1849 contra
805 1810 990 1849 Milesios
1007 1809 1121 1859 loqui
1144 1821 1224 1849 non
1246 1809 1385 1859 quire.
1407 1810 1508 1849 Tum

113 1878 134 1904 e
154 1867 309 1916 populo
328 1878 454 1905 unum
477 1868 749 1914 exclamasse,
780 1870 891 1906 non‘
900 1878 977 1916 syn
983 1867 1174 1913 anchen’,
1195 1866 1309 1916 quod
1326 1867 1443 1928 Dern
1458 1877 1507 1905 o-

112 1923 263 1961 sthen
279 1934 331 1962 es
354 1928 586 1972 pateretur,
619 1924 692 1962 sed
718 1900 1002 1973 argyranchen
1023 1934 1132 1962 esse.

78 1987 100 2020 2
200 1980 295 2028 Ipse
314 1979 434 2018 etiam
457 1980 609 2019 Demo
626 1980 858 2027 sthenes,
883 1984 928 2019 ut
949 1979 1056 2018 idem
1085 1979 1343 2018 Critolaus
1368 1977 1507 2025 refe1t,

112 2047 194 2074 non
218 2035 259 2074 id
279 2042 428 2085 postea
462 2036 704 2083 concelauit,
734 2036 829 2086 quin
861 2035 1016 2086 gloriae
1039 2045 1206 2085 quoque
1239 2035 1318 2074 hoc
1339 2033 1416 2074 sibi
1440 2034 1509 2072 ad-

114 2091 302 2140 signauit.
363 2093 462 2131 Nam
486 2104 577 2132 cum
596 2090 1231 2142 interrogassetAristodemum,
1254 2095 1436 2132 actorem
1454 2091 1508 2128 fa-

113 2147 322 2196 bularum,
351 2154 547 2198 quantum
571 2148 795 2196 mercedis,
823 2148 881 2188 uti
899 2152 1060 2197 ageret,
1083 2147 1337 2198 accepisset,
1360 2151 1401 2186 et
1420 2145 1508 2185 Ari-

115 2204 328 2243 stodemus
351 2207 548 2244 talentum
566 2204 875 2255 respondisset:
906 2208 964 2243 ‘at
988 2215 1066 2254 ego
1089 2206 1214 2254 plus’,
1242 2202 1392 2253 inquit,
1425 2205 1508 2241 ‘ac-

115 2258 227 2308 cepi,
259 2265 529 2300 uttacerem’.
