1619 2476
132 61 186 102 10
585 63 732 99 LNDEX
765 62 1120 100 CAPITVLORVM.

246 175 324 210 VII.
356 175 523 210 Historia
552 186 598 209 ex
623 175 816 210 annalibus
845 179 991 221 sumpta
1015 175 1061 210 de
1087 175 1130 219 Q.
1150 174 1346 219 Caedicio,
1379 175 1526 212 tribuno

133 232 310 275 militum;
335 233 523 276 uerbaque
540 242 586 265 ex
603 231 837 277 orig'mibusi
827 231 876 266 tl.
895 229 1043 267 Catonis
1063 232 1253 278 apposita,
1285 231 1418 278 quibus
1437 230 1528 267 Cae-

134 287 207 322 dici
225 288 397 322 uirtutem
414 298 497 321 cum
515 286 696 333 Spartano
713 286 878 321 Leonida
895 288 1123 333 aequiperat.

244 343 340 377 VIII.
371 343 514 378 Literae
533 343 691 378 eximiae
717 344 910 378 consulum
929 342 968 378 C.
987 343 1147 378 Fabricii
1176 347 1211 378 et
1235 343 1278 388 Q.
1299 343 1448 378 Aemilii
1479 342 1529 378 ad

133 410 262 445 regem
278 398 464 445 Pyrrhum
481 410 501 434 a
519 399 562 442 Q.
581 398 733 434 Claudio
749 427 757 441 ,
784 399 963 444 scriptore
979 398 1218 434 historiarum
1230 427 1239 444 ,
1257 400 1294 434 in
1310 399 1527 434 memoriam

133 455 256 490 datae.

245 510 357 544 VIIII.
389 509 480 553 Quis
497 515 531 544 et
554 510 763 545 cuiusmodi
781 511 909 554 suerit,
928 511 989 556 qui
1007 511 1043 545 in
1058 512 1258 557 prouerbio
1277 512 1391 546 fertur
1407 521 1525 557 equus

134 566 316 609 Seianus;
346 569 382 600 et
399 567 518 611 qualis
547 568 649 602 color
667 577 846 612 equorum
863 567 928 610 sit,
961 567 1022 612 qui
1039 567 1213 613 spadices
1230 571 1433 611 uocantur;
1465 566 1528 601 de-

133 633 205 668 que
224 622 315 657 stius
332 623 505 657 uocabuli
522 623 677 657 ratione.

244 678 291 712 X.
320 677 428 721 Quod
458 682 512 713 est
540 678 724 724 quaedam
756 679 954 725 septenarii
984 680 1127 714 numeri
1153 680 1210 715 uis
1240 683 1275 714 et
1308 679 1463 714 facultas
1490 678 1527 713 in

131 734 254 769 multis
272 738 424 769 naturae
444 736 554 769 rebus
572 734 854 779 animaduersa,
875 734 920 770 de
939 745 1010 780 qua
1026 735 1075 770 M.
1092 736 1212 770 Varro
1230 735 1268 770 in
1283 733 1528 770 hebdomadi-

132 791 201 825 bus
220 789 369 825 disserit.
386 791 553 836 copiose.

242 845 305 880 XI.
338 845 478 889 Quibus
496 851 531 881 et
555 856 663 892 quam
680 846 823 882 friuolis
849 847 1076 893 argumentis
1102 847 1241 883 Accius
1266 848 1304 882 in
1329 846 1529 883 didascali—

132 901 186 936 cis
203 905 342 945 utatur,
361 902 493 947 quihus
513 902 646 937 docere
664 903 805 946 nititur,
833 902 1036 938 Hesiodum
1054 914 1160 947 esse,
1186 914 1298 950 quam
1313 903 1526 946 Homerum,

131 962 219 992 natu
243 959 500 1003 antiquiorem.

243 1013 323 1048 XII.
353 1014 515 1060 Largum
533 1017 640 1059 atque
666 1013 817 1049 auidum
836 1015 987 1051 bibendi
1015 1025 1037 1050 a
1052 1015 1092 1050 P.
1110 1014 1262 1061 Nigidio
1275 1043 1283 1059 ,
1310 1014 1526 1051 doctissimo

135 1070 212 1105 uiro
225 1098 233 1113 ,
255 1080 353 1105 noua
371 1074 407 1104 et
421 1081 538 1116 prope
557 1069 721 1105 absurda
737 1072 908 1106 uocabuli
924 1071 1046 1118 figura
1060 1071 1233 1107 bibosum
1251 1071 1402 1107 dictum.

242 1125 338 1161 XIII.
373 1125 482 1169 Quod
505 1125 796 1170 Demosthenes,
822 1128 1010 1162 etiamtum
1027 1126 1272 1171 adulescens,
1301 1138 1385 1163 cum
1408 1128 1528 1163 Plato-

131 1182 188 1217 nis
204 1181 420 1228 philosophi
438 1182 644 1228 diseipulus
665 1182 777 1225 soret,
809 1182 934 1218 audito
964 1184 1056 1217 sorte
1083 1182 1288 1219 Callistrato
1316 1183 1462 1218 rhetore
1489 1183 1526 1218 in
1583 1210 1594 1233 .·

132 1239 302 1273 contione
320 1239 469 1284 populi,
489 1237 625 1273 destitit
642 1249 663 1272 a
678 1238 828 1273 Platone
849 1243 884 1273 et
901 1242 1063 1274 sectatus
1081 1237 1327 1275 Callistratum
1348 1243 1417 1274 est.

242 1293 354 1329 XHII.
396 1293 598 1329 Dimidium
627 1294 758 1328 librum
782 1295 857 1340 legi
875 1299 955 1330 aut:
990 1294 1182 1330 dilnidiam
1207 1296 1369 1330 fabulam
1397 1293 1527 1330 audiui

133 1349 278 1395 aliaque
294 1349 556 1385 huiuscemodi
575 1351 635 1396 qui
654 1349 771 1392 dicat,
797 1350 931 1385 uitiose
949 1350 1093 1393 dicere,
1122 1351 1277 1397 eiusque
1293 1351 1371 1386 uitii
1390 1361 1525 1387 causas

132 1404 292 1440 reddere
321 1406 370 1440 Μ.
396 1406 625 1449 Varronem3
658 1417 725 1440 nec
756 1416 979 1451 quemquam
1006 1410 1169 1441 ueterem
1192 1406 1299 1442 hisce
1326 1407 1451 1459 uerbis
1477 1407 1527 1443 ita

131 1472 240 1497 usum
263 1472 361 1496 esse.

242 1517 326 1552 XV.
356 1517 491 1552 Extare
520 1519 557 1552 in
582 1518 697 1553 literis
722 1529 864 1564 perque
888 1518 1081 1553 hominum
1108 1518 1308 1553 memorias
1338 1517 1525 1562 traditum,

130 1572 232 1619 quod
247 1577 400 1619 repente
419 1574 542 1609 multiS
560 1578 715 1608 mortem
733 1575 848 1609 attulit
864 1573 1043 1620 gaudium
1059 1574 1192 1619 ingens
1209 1574 1452 1619 insperatum,
1469 1574 1527 1609 111-
1580 1571 1584 1573 ⁴

130 1630 293 1664 terelusa
309 1630 432 1664 anima
449 1634 483 1663 et
500 1630 574 1664 uim
590 1631 716 1676 magni
735 1631 896 1676 nouique
914 1634 1035 1664 motus
1053 1640 1127 1664 non
1152 1630 1369 1664 sustinente.

241 1684 342 1720 XVI.
381 1685 574 1731 Temporis
597 1687 757 1721 uarietas
782 1687 819 1721 in
845 1685 1038 1732 puerperis
1068 1685 1262 1721 mulierum
1280 1695 1463 1731 quaenam
1480 1685 1526 1721 sit

131 1751 152 1775 a
175 1740 334 1776 medicis
359 1745 393 1775 et
422 1751 443 1775 a
470 1741 705 1788 philosophis
733 1741 887 1784 tradita;
921 1746 1029 1787 atque
1057 1741 1145 1776 inibi
1160 1745 1354 1786 poetarum
1378 1751 1524 1787 quoque

131 1800 297 1831 ueterum
322 1807 434 1843 super
460 1797 594 1832 eadem
612 1809 652 1832 re
673 1799 868 1844 opiniones
886 1798 1072 1843 multaque
1089 1797 1161 1832 alia
1179 1796 1307 1832 audItu
1323 1800 1431 1843 atque
1448 1807 1525 1831 me-

130 1856 275 1886 moratu
307 1851 421 1898 digna
451 1854 638 1899 uerbaque
671 1854 754 1900 ipsa
782 1853 1018 1899 Hippocratis
1050 1852 1186 1888 medici
1224 1863 1272 1887 ex
1303 1853 1395 1888 libro
1426 1853 1524 1888 illius
1579 1882 1582 1887 .

133 1912 280 1953 sumpta
293 1936 301 1951 ‚
321 1909 382 1953 qui
399 1909 599 1955 inscriptus
616 1914 671 1944 est
687 1906 774 1958 περὶ
794 1908 951 1957 τροφῆς.

243 1962 358 1997 XVII.
388 1964 429 1999 Id
446 1976 591 2011 quoque
609 1976 693 2000 esse
719 1977 739 2001 a
768 1965 1003 2012 grauissimis
1024 1965 1114 2000 uisis
1141 1966 1344 2000 memoriae
1371 1963 1526 2011 manda-
1570 1985 1571 1988 =

130 2022 225 2061 tum,
253 2018 354 2064 quod
369 2021 433 2055 tris
453 2021 566 2056 libros
582 2022 682 2057 Plato
700 2021 855 2057 Philolai
872 2020 1112 2067 Pythagorici
1139 2024 1174 2055 et
1189 2020 1410 2056 Aristoteles
1433 2031 1524 2066 pau-

132 2074 236 2108 culos
268 2073 470 2122 Speusippi
498 2076 714 2124 philosophi
745 2078 897 2112 mercati
931 2080 1016 2112 sunt
1043 2077 1193 2122 pretiis,
1223 2076 1336 2112 fidem
1362 2087 1438 2111 non
1464 2086 1521 2112 ca·

130 2129 331 2174 pientibus.

243 2185 374 2220 XVIII.
406 2186 502 2230 Quid
533 2188 605 2222 sint
634 2187 779 2233 pedarii
810 2192 1002 2223 senatores
1022 2192 1057 2222 et
1083 2198 1192 2233 quam
1223 2189 1269 2223 ob
1297 2197 1457 2222 causam.
1475 2187 1524 2222 ita

131 2241 326 2287 appellati,
357 2253 541 2287 quamque
570 2242 729 2279 habeant
757 2245 938 2291 originem
964 2244 1078 2278 uerba
1099 2243 1194 2279 haee
1211 2253 1259 2278 ex
1274 2241 1395 2278 edicto
1414 2243 1525 2279 trala-

1572 1944 1595 1966 ‚2'

1581 2083 1594 2141 “u-n·
1587 2063 1593 2069 -
1571 2008 1595 2054 *Am*
1587 1970 1595 1981 φ

1571 2263 1591 2279 2¹⁴
1582 2235 1590 2252 *a
1570 2178 1592 2226 Jss‘ss
1580 2149 1590 2162 -'
