1635 2492
15 0 21 6 “
53 0 154 30 ’ᾖδυᾈζ
170 0 231 18 eff,
247 0 262 6 '‘'
278 0 294 8 “’

682 33 809 74 XVII.
837 45 878 73 v.
1408 31 1492 75 177

76 146 260 200 sumpsit
283 148 337 187 ad
355 146 684 186 confirmandum
705 145 758 193 id,
785 145 898 195 quod
925 145 975 185 de
993 145 1172 185 amicitia
1193 146 1377 197 dicebat,
1398 157 1492 186 cum

77 204 216 253 ipsum
234 203 336 243 illud
353 207 394 242 et
411 204 545 242 soleat
563 203 705 252 quaeri
730 207 771 242 et
794 202 965 249 debeat,
989 202 1178 252 quisquis
1204 203 1429 242 liberaliter
1450 208 1493 242 et

11 289 16 291 -
77 259 256 309 benigne
274 259 388 306 facit,
419 270 501 309 qua
516 264 654 298 mente
672 270 843 309 quoque
868 258 1042 298 consilio
1061 259 1267 309 benignus
1294 259 1492 299 liberalis-

0 2376 10 2492 nvn*<2<

79 327 162 366 que
178 315 258 356 sit?
288 321 440 363 utrum,
460 316 557 366 quia
572 321 755 355 mutuam
772 315 946 364 gratiam
964 322 1105 364 speret
1121 321 1161 355 et
1181 327 1287 362 eum,
1310 317 1350 355 in
1368 327 1493 366 quem

75 371 282 422 benignus
300 373 364 420 sit,
383 373 436 411 ad
453 383 597 422 parem
615 384 756 411 euram
774 371 837 411 sui
853 378 1072 421 prouocet,
1087 373 1200 421 quod
1218 375 1356 412 facere
1373 373 1494 423 pleri-

77 440 160 479 que
179 440 326 468 omnes
342 428 549 476 uidentur,
572 439 636 476 an,
659 429 917 478 quianatura
935 429 986 468 sit
1002 429 1224 469 beniuolus
1241 429 1493 479 benignitas-

77 497 160 535 que
178 496 272 524 eum
284 497 361 535 per
377 496 474 524 sese
489 484 582 534 ipsa
599 490 638 524 et
655 485 876 525 liberalitas
891 486 1069 524 delectet
1087 485 1176 524 sine
1195 487 1276 525 ulla
1292 486 1492 535 recipien-

76 543 156 581 dae
178 541 336 591 gratiae
364 542 682 592 procuratione,
715 542 829 591 quod
857 546 921 581 est
952 542 1135 581 omnium
1172 544 1300 581 ferme
1331 541 1492 581 rarissi-

76 599 238 638 mum?'
272 599 532 648 Argumenta
557 603 695 637 autem
720 598 920 637 censebat
946 603 1016 637 aut
1040 599 1273 648 probabilia
1298 610 1394 638 esse
1422 599 1489 638 de-
1506 598 1526 629 5

74 656 177 694 bere
194 659 265 694 aut
279 654 504 704 perspicua
521 660 561 694 et
584 655 748 694 minime
768 660 1062 702 controuersa,
1086 655 1212 705 idque
1239 655 1486 705 ‘apodixin'

75 711 220 751 uocari
238 711 422 759 dicebat,
442 723 535 750 eum
554 723 621 759 ea,
643 723 749 761 quae
770 712 894 750 dubia
911 718 980 751 aut
998 712 1178 752 obscura
1197 718 1313 760 sunt,
1332 723 1408 762 per
1426 723 1486 758 ea,

76 778 185 818 quae
206 767 400 817 ambigua
417 780 501 808 non
521 774 629 815 sunt,
648 768 932 808 inlustrantur.
979 771 1138 818 Atque,
1175 775 1222 808 ut
1248 769 1492 809 ostenderet
1508 767 1530 802 6

75 824 292 864 beneficos
314 824 594 874 liberalesque
625 826 677 864 ad
696 825 756 871 id,
785 825 899 874 quod
923 825 974 864 de
1003 825 1180 864 amicitia
1204 830 1488 875 quaereretur,

75 880 197 930 quasi
213 887 503 933 argumentum
523 883 814 932 exemplumue
833 882 940 921 sumi
957 893 1039 921 non
1060 889 1268 932 oportere,
1289 883 1489 927 ‘eodem',

73 937 469 987 inquit,‘simulacro
490 939 721 988 eademque
740 938 910 978 rationis
928 938 1105 988 imagine
1118 939 1294 978 amicitia
1312 938 1491 978 inuicem

75 1005 152 1043 pro
171 998 417 1043 argumento
437 995 545 1034 sumi
565 1000 727 1044 potest,
753 995 788 1034 si
806 995 898 1044 quis
920 996 1129 1042 adfirmet,
1157 995 1347 1035 homines
1366 996 1490 1034 bene-

75 1050 180 1090 ficos
203 1050 482 1100 liberalesque
513 1063 608 1091 esse
642 1053 813 1097 debere,
846 1064 928 1091 non
962 1063 1036 1101 spe
1069 1053 1207 1100 aliqua
1240 1050 1489 1101 compendii,

74 1111 140 1146 set
156 1118 298 1146 amore
320 1112 361 1145 et
380 1107 518 1146 studio
537 1108 785 1147 honestatis.
832 1109 989 1146 Poterit
1016 1108 1123 1147 enim
1143 1108 1412 1148 consimiliter
1432 1108 1488 1146 ita
1505 1111 1524 1146 7

74 1163 228 1201 dicere.
256 1164 457 1212 Namque,
476 1168 521 1202 ut
542 1164 761 1203 amicitiam
785 1176 869 1203 non
888 1175 963 1213 spe
982 1165 1164 1204 utilitatis
1188 1164 1486 1214 amplectimur,

73 1219 136 1259 sic
152 1219 330 1258 benefici
347 1218 624 1269 liberalesque
642 1232 724 1260 non
742 1221 898 1269 gratiae
916 1221 1213 1270 reciperandae
1235 1221 1372 1260 studio
1392 1230 1489 1259 esse

76 1276 293 1315 debemus.
335 1276 494 1315 Poterit
511 1279 644 1324 sane',
666 1276 810 1326 inquit,
832 1278 903 1316 eita
927 1277 1079 1325 dicere,
1100 1278 1174 1316 sed
1194 1289 1332 1327 neque
1355 1276 1492 1323 amici-
1508 1282 1531 1317 8

73 1332 132 1371 tia
154 1331 387 1372 liberalitati
411 1343 548 1382 neque
574 1333 797 1372 liberalitas
819 1333 1019 1373 amicitiae
1043 1334 1247 1383 praebere
1273 1344 1489 1383 argumen-

74 1393 158 1428 tum
178 1393 340 1438 potest,
369 1399 462 1427 cum
481 1389 531 1428 de
551 1394 727 1439 utraque
754 1390 910 1439 pariter
933 1394 1195 1439 quaeratur’.

159 1445 272 1484 Haec
296 1445 363 1484 ille
387 1445 621 1485 rhetoricus
649 1446 798 1485 artifex
824 1446 962 1485 dicere
998 1447 1248 1496 quibusdam
1269 1447 1490 1486 uidebatur
1505 1451 1526 1486 9

74 1500 207 1551 perite
242 1506 282 1540 et
313 1501 512 1550 scienter,
547 1503 623 1542 sed
646 1502 841 1542 uidelicet
872 1514 966 1542 eum
991 1504 1199 1543 uocabula
1222 1514 1361 1542 rerum
1388 1514 1490 1542 uera

73 1557 350 1607 ignorauisse.
378 1559 479 1597 Nam
503 1558 762 1598 ebeneficum
779 1564 819 1598 et
835 1559 1069 1598 liberalem'
1095 1560 1276 1599 Cicero
1296 1560 1490 1609 appellat,
1504 1566 1547 1599 10

73 1614 130 1653 ita
150 1618 195 1653 ut
210 1613 451 1664 philosophi
474 1616 768 1664 appellandum
790 1627 886 1655 esse
911 1622 1096 1664 censent,
1121 1628 1204 1655 non
1230 1627 1325 1655 eum
1343 1615 1425 1664 qui,
1443 1620 1490 1654 ut

72 1670 165 1720 ipse
186 1671 251 1718 ait,
274 1670 480 1710 beneficia
501 1672 759 1718 faeneratur,
779 1672 854 1711 sed
875 1672 944 1721 qui
961 1672 1141 1722 benigne
1165 1671 1273 1719 facit,
1296 1673 1408 1710 nulla
1429 1676 1488 1710 ta-

77 1727 157 1766 cita
187 1726 350 1766 ratione
380 1727 434 1766 ad
465 1726 660 1767 utilitates
691 1739 790 1767 suas
821 1729 1095 1767 redundante.
1167 1730 1255 1767 Non
1290 1739 1390 1777 ergo
1419 1727 1544 1769 ob-ll

74 1794 198 1823 scuro
219 1794 357 1833 neque
383 1784 576 1833 ambiguo
596 1789 841 1833 argumento
867 1796 970 1824 usus
1002 1790 1087 1833 est,
1120 1785 1196 1824 sed
1220 1789 1335 1824 certo
1359 1788 1487 1834 atque

73 1839 320 1890 perspicuo,
356 1839 584 1889 siquidem,
617 1840 686 1889 qui
715 1852 816 1879 uere
851 1841 1067 1880 beneficus
1107 1840 1374 1890 liberalisque
1409 1846 1486 1888 est,

75 1906 158 1945 qua
179 1900 317 1935 mente
337 1896 446 1935 bene
469 1902 539 1936 aut
565 1896 787 1936 liberaliter
810 1897 949 1944 saciat,
982 1909 1066 1937 non
1092 1897 1315 1947 quaeritur.
1385 1898 1489 1937 Aliis
1501 1905 1547 1940 12

75 1951 183 1991 enim
201 1953 326 2002 longe
349 1953 585 1993 nominibus
603 1954 877 2003 appellandus
897 1959 973 2002 est,
1000 1954 1047 2002 si,
1068 1965 1161 1994 cum
1178 1954 1275 1994 talia
1291 1953 1399 2001 facit,
1423 1953 1489 1993 sui

73 2008 214 2059 potius
233 2020 357 2058 quam
375 2010 543 2050 alterius
558 2010 728 2049 iuuandi
747 2020 873 2049 causa
892 2010 1000 2050 facit.
1037 2011 1326 2051 Processisset
1347 2015 1487 2049 autem
1501 2016 1549 2052 13

74 2065 302 2114 argutatori
317 2065 386 2104 isti
406 2067 640 2106 fortassean
658 2066 944 2116 reprehensio,
963 2066 998 2106 si
1015 2067 1195 2107 Cicero
1214 2067 1271 2106 ita
1289 2066 1485 2106 dixisset:

75 2123 144 2160 ‘ut
175 2120 284 2160 enim
305 2121 494 2162 benefice
516 2123 821 2172 liberaliterque
852 2123 1046 2172 facimus,
1080 2136 1164 2164 non
1195 2129 1241 2163 ut
1270 2123 1486 2172 exigamus

74 2176 294 2227 gratiam'3
324 2177 539 2219 uideretur
560 2179 669 2219 enim
685 2179 875 2218 benefice
900 2179 1039 2220 facere
1061 2181 1183 2220 etiam
1202 2180 1242 2218 in
1260 2191 1346 2220 non
1362 2179 1487 2218 bene-

75 2233 200 2328 fiegm
226 2234 376 2329 eadqfe
401 2246 553 2285 posse,
582 2236 616 2274 si
641 2236 682 2274 id
699 2246 775 2285 per
791 2235 969 2286 aliquam
987 2235 1338 2332 circumstarligiam
1354 2235 1489 2282 fieret,

163 2303 285 2328 Etmvs
349 2321 359 2330 .
