1603 2508
646 76 729 115 IIII.
751 88 821 116 xv.
839 87 925 114 ΧΠ.
1397 73 1479 116 153

26 222 31 226 .
82 192 247 238 pereum
277 192 362 236 est,
401 188 515 237 quod
545 188 695 227 habeat
725 199 815 227 eam
848 187 1051 238 speciem,
1091 187 1210 237 quasi
1244 200 1392 238 parum
1423 193 1479 228 at-

83 248 197 285 tente
233 243 400 284 dictum.
460 245 603 285 Verba
643 244 885 284 Sallustii
934 245 1038 284 haec
1087 249 1203 283 sunt:
1258 247 1321 285 Ac
1365 244 1522 284 mihi2

60 300 315 350 quidem,
357 301 572 341 tametsi
617 301 1011 350 hautquaquam
1056 311 1146 350 par
1181 301 1350 350 gloria
1389 313 1478 340 se-

85 356 262 406 quitur
302 357 618 407 scriptorem
660 362 710 396 et
749 362 1022 398 auctorem
1067 367 1265 404 rerum,
1310 362 1479 396 tamen

82 412 318 463 inprimis
358 414 574 453 arduum
610 413 846 461 uidetui,
888 425 970 452 res
1009 418 1186 463 gestas
1218 413 1477 453 scribere:

81 469 307 532 pri-mum
321 471 457 520 quod
479 471 617 511 facta
640 470 797 510 dictis
820 470 1156 519 exaequanda
1172 475 1313 516 sunt
1342 470 1478 517 dein,

80 525 204 574 quia
233 526 494 576 ple1ique,
528 537 660 575 quac
692 525 889 564 delicta
913 526 1354 574 depiehenderis,
1384 537 1479 565 ma-

82 581 371 623 liuolentia
394 587 442 622 ct
468 581 664 621 inuidia
689 581 830 620 dicta
851 587 1050 632 putant.
1098 582 1196 620 Vbi
1218 583 1277 621 de
1302 594 1483 632 magna

81 639 283 678 uirtute
321 644 475 688 atque
512 638 684 688 gloria
729 638 980 677 bonorum
1021 649 1299 686 memores,
1349 650 1483 688 quae

83 694 186 734 sibi
226 694 449 744 quisque
485 695 666 734 facilia
707 696 850 734 sactu
895 700 1061 743 putat,
1109 706 1270 744 aequo
1311 696 1480 735 animo

84 750 306 802 accipit3
351 762 533 800 supra,
579 751 743 790 ueluti
784 751 940 798 ficta,
987 763 1078 801 pro
1125 751 1277 791 falsis
1320 752 1479 791 ducit.

86 807 376 858 ‘Proposuit',
407 808 616 857 inquiunt,
661 807 887 847 ‘dicturum
919 819 1087 854 causas,
1122 809 1392 857 quamobrem
1423 808 1523 847 iii-3

84 865 231 904 deatur
250 875 347 904 esse
377 864 616 912 arduum,
653 875 738 903 res
770 870 950 913 gestas
980 863 1240 911 scribere;
1276 870 1400 914 atque
1428 864 1482 904 ibi

85 932 179 960 cum
215 920 392 971 primum
432 932 600 960 causam
642 924 760 968 [...,
798 932 879 960 non
916 925 1111 968 causaS,]
1159 921 1234 960 sed
1275 922 1481 970 querellas

84 977 195 1017 dicit.
254 978 344 1017 Non
391 977 498 1016 enim
540 988 667 1016 causa
697 976 831 1016 uideri
861 978 1002 1025 debet,
1044 988 1117 1016 cur
1145 977 1341 1016 historiae
1375 979 1522 1028 opus4

85 1034 304 1073 ‘arduum'
345 1034 415 1081 sit,
451 1034 564 1082 quod
603 1032 660 1079 hi,
709 1033 777 1082 qui
810 1035 969 1083 legunt,
1009 1038 1079 1072 aut
1116 1033 1255 1083 inique
1285 1033 1483 1083 interpre-

83 1094 241 1136 tantur,
284 1100 390 1139 quae
430 1089 584 1139 scripta
621 1095 737 1136 sunt,
780 1095 849 1128 aut
885 1101 987 1129 uera
1016 1100 1112 1128 esse
1143 1101 1226 1129 non
1270 1091 1481 1129 credunt'.

86 1145 315 1187 Obnoxiam
346 1145 499 1195 quippe
531 1151 571 1184 et
604 1145 807 1184 obiectam
840 1146 953 1185 falsis
988 1145 1360 1185 existimationibus
1394 1149 1522 1185 eamf»

85 1213 173 1241 rem
190 1201 407 1241 dicendam
430 1201 564 1248 aiunt,
599 1212 721 1250 quam
740 1203 983 1248 ‘arduam'3
1019 1201 1135 1251 quia,
1170 1203 1285 1251 quod
1310 1207 1374 1241 est
1393 1205 1404 1224 ‘
1421 1214 1481 1241 ar-

86 1259 260 1305 duum’,
293 1258 357 1298 sui
381 1258 519 1308 operis
547 1256 788 1297 difficultate
812 1264 875 1297 est
900 1259 1141 1305 <arduum’‚
1165 1270 1248 1297 non
1276 1258 1482 1308 opinionis

85 1314 242 1353 alienae
265 1313 490 1355 erroribus.

168 1371 282 1411 Ilaec
304 1370 359 1410 illi
381 1370 561 1410 maliuoli
586 1371 914 1420 reprehensores
939 1370 1095 1409 dicunt.
1151 1370 1234 1410 Sed
1261 1371 1484 1411 earduum’
1503 1372 1528 1407 6

87 1426 370 1469 Sallustius
402 1439 486 1467 non
515 1438 592 1476 pro
618 1426 773 1465 difficili
801 1431 978 1474 tantum,
1012 1427 1087 1466 sed
1119 1438 1196 1476 pro
1232 1438 1281 1466 eo
1315 1439 1485 1477 quoque

85 1483 222 1534 ponit,
247 1484 365 1533 quod
382 1482 528 1524 Graeci
551 1478 794 1534 (χαλεπὸν
823 1484 1044 1532 appellant,
1072 1484 1186 1532 quod
1209 1488 1274 1522 est
1297 1494 1389 1524 cum
1413 1484 1482 1524 dif-

86 1539 205 1587 ficile,
228 1543 316 1578 tum
333 1541 551 1580 molestum
570 1550 739 1588 quoque
762 1543 801 1578 et
823 1538 1132 1579 incommodum
1154 1543 1194 1578 et
1214 1539 1482 1580 intractabile.

88 1596 270 1645 Quorum
291 1596 516 1637 uerborum
540 1594 786 1644 significatio
818 1606 841 1633 a
864 1596 1067 1634 sententia
1091 1595 1327 1635 Sallustii
1357 1607 1486 1646 supra

87 1651 242 1701 scripta
256 1662 340 1691 non
358 1652 564 1692 abhorret.

733 1752 841 1793 XVI.

28 1850 32 1853 ·
88 1835 139 1871 De
169 1836 364 1873 uocabulis
400 1834 627 1881 quibusdam
650 1845 672 1870 a
693 1835 867 1870 Varrone
899 1839 935 1870 et
965 1835 1116 1882 Nigidio
1149 1840 1278 1870 contra
1308 1834 1486 1871 cotidiani

145 1892 330 1928 sermonis
352 1889 667 1927 consuetudinem
686 1889 908 1935 declinatis;
931 1896 1040 1937 atque
1061 1892 1149 1927 inibi
1171 1891 1211 1928 id
1233 1902 1353 1938 genus
1374 1902 1487 1938 quae-

146 1948 231 1985 dam
254 1959 338 1984 cum
361 1947 545 1994 exemplis
569 1951 740 1982 ueterum
763 1948 895 1983 relata.

173 2047 228 2085 M.
253 2048 541 2086 Varrone-m
566 2052 606 2085 et
627 2047 670 2086 P.
690 2045 943 2094 Nigidium
962 2078 970 2093 ‚
996 2045 1110 2087 uiros
1134 2045 1309 2086 Romani
1325 2045 1489 2095 generis
1508 2051 1528 2086 l

90 2101 376 2150 doctissimos,
401 2102 691 2152 comperimus,
724 2113 806 2141 non
840 2102 955 2141 aliter
988 2103 1176 2141 elocutos
1200 2113 1296 2141 esse
1328 2106 1368 2140 et
1390 2102 1488 2141 scri-

88 2156 238 2206 psisse,
258 2169 381 2208 quam
398 2157 622 2198 ‘senatuis’
647 2163 688 2197 et
709 2158 915 2198 ‘domnis'
934 2163 974 2196 et
999 2157 1226 2205 ‘fluctuis',
1252 2157 1319 2206 qui
1339 2165 1404 2198 est
1418 2169 1488 2207 pa-

27 2227 33 2233 ·
88 2211 190 2252 trius
208 2223 344 2262 casus,
362 2214 412 2253 ab
430 2225 494 2261 eo,
513 2214 626 2263 quod
644 2219 708 2253 est
724 2217 943 2259 ‘senatus',
970 2214 1153 2253 ‘domus'
1186 2217 1242 2261 [et
1259 2213 1487 2261 ‘fluctus’];

90 2265 186 2306 huic
214 2269 437 2317 ‘senatui',
463 2269 700 2317 [‘domui’,]
719 2273 730 2291 ³
744 2269 912 2308 ssuctui'
938 2273 1160 2317 ceteraque
1177 2269 1239 2308 his
1259 2270 1489 2309 consimilia
