1619 2476
96 51 177 93 172
693 51 818 90 XVII.
847 62 893 89 11.

37 172 83 205 lo
178 164 315 210 Sole,
346 164 495 213 inquit,
528 175 738 203 occaso.
776 162 1327 211 Noninsuauiuetustatest‚
1353 164 1498 214 siquis

95 232 235 259 aurem
252 221 400 259 habeat
416 231 499 260 non
518 220 730 260 sordidam
748 230 824 258 nec
843 220 1145 269 proculcatam3
1162 219 1202 259 in
1220 221 1320 260 duo
1333 220 1391 260 de
1403 232 1424 260 c
1436 221 1446 260 i
1458 233 1497 261 m

94 282 230 315 autem
258 275 456 316 tabulis
493 277 667 316 uerbum
697 276 777 314 hoc
795 275 850 315 ita
881 275 1082 325 scriptum
1119 281 1202 315 est:
1235 280 1367 316 Ante
1398 289 1497 317 me-

92 331 276 370 ridiem
322 343 530 372 causam
573 331 868 384 coniciunt,
905 343 1012 371 cum
1053 338 1310 382 perorant
1351 335 1495 374 ambo

91 395 424 438 praesentes.
485 390 613 430 Post
642 388 914 429 meridiem
940 388 1221 439 praesenti
1242 389 1384 428 litem
1412 390 1496 428 ad-

92 444 272 484 dicito.
335 445 393 484 Si
436 446 579 486 ambo
624 451 961 495 praesentes,
1010 446 1088 484 sol
1136 456 1360 486 occasus
1403 458 1496 485 su-

91 512 272 550 prema
300 506 594 552 tempestas
623 507 752 541 esto.

36 565 77 599 11
174 558 301 605 Nos,
348 558 498 607 inquit,
536 559 589 598 in
631 558 861 597 medium
899 558 1272 607 relinquemus.
1333 560 1495 609 Vulgus

92 614 147 652 ‘in
167 613 320 654 medio'
338 615 454 654 dicit:
488 627 583 655 nam
600 615 742 655 uitium
767 626 863 655 esse
884 614 991 654 istuc
1014 619 1132 664 putat
1160 620 1220 662 et,
1252 614 1286 654 si
1305 615 1423 655 dicas·
1439 616 1495 655 ‘in

92 669 272 709 medium
303 675 492 720 ponere’‚
524 672 565 711 id
587 683 755 722 quoque
774 682 870 711 esse
888 672 1088 710 soloecon
1105 676 1274 721 putant3
1308 678 1371 712 set
1400 683 1495 722 pro-

89 726 266 766 babilius
284 728 671 778 significantiusque
692 728 752 767 sic
770 727 849 767 dici
866 726 1093 775 uidebitur,
1125 726 1158 766 si
1183 727 1275 777 quis
1294 739 1343 768 ea
1365 729 1496 767 uerba

91 795 173 823 non
206 783 417 823 incuriose
442 784 700 835 introspiciat
711 799 720 833 3
755 786 913 824 Graece
939 794 1110 833 quoque
1128 785 1303 824 εθεῖναι,
1330 783 1392 832 εἰς
1415 782 1496 836 με’-

90 843 204 886 60v',
235 839 380 879 uitium
403 840 443 878 id
466 852 548 880 non
568 848 644 882 est.

35 905 79 939 12
175 896 457 946 Postquam
489 899 782 937 nuntiatum
813 902 914 950 est,
948 896 1101 946 inquit,
1133 902 1186 937 ut
1209 903 1495 947 pugnatum

91 958 237 992 esset
281 952 329 992 in
375 954 582 1002 Gallos,
634 955 682 994 id
723 954 910 994 ciuitas
951 952 1189 1003 grauiter
1222 953 1358 993 tulit.
1442 954 1494 992 In

93 1010 272 1048 Gallos
297 1010 492 1050 mundius
526 1012 801 1060 subtiliusque
835 1016 918 1058 est,
949 1021 1073 1059 quam
1103 1013 1221 1049 ‘cum
1247 1009 1396 1049 Gallis'
1424 1016 1494 1049 aut

94 1069 258 1104 <eontra
280 1067 452 1106 Gallos!
513 1069 613 1107 Nam
639 1066 858 1118 pinguiora
874 1067 978 1105 haec
996 1066 1336 1116 obsoletioraque
1359 1072 1468 1105 sunt.

39 1129 81 1164 13
179 1121 359 1170 Simul,
391 1123 534 1173 inquit,
568 1126 750 1170 forma,
777 1122 955 1170 factis,
983 1121 1495 1172 eloquentia,digni-

90 1183 218 1225 tate,
268 1179 576 1228 acrimonia,
626 1178 958 1221 confidentia
996 1178 1197 1228 pariter
1231 1179 1495 1229 parcelle-

89 1235 195 1280 bat,
235 1240 289 1273 ut
331 1236 487 1275 facile
525 1239 930 1286 intellegeretur
970 1246 1208 1283 magnum
1251 1234 1495 1273 uiaticum

91 1301 150 1328 ex
187 1301 240 1328 se
283 1296 443 1338 atquc
476 1291 523 1330 in
564 1304 618 1331 se
655 1294 715 1331 ad
744 1290 1121 1339 rempublicam
1153 1290 1495 1329 euertendam

91 1345 298 1384 habere.
359 1346 593 1395 Magnum
627 1346 876 1386 uiaticum
903 1356 980 1393 pro
1026 1355 1177 1393 magna
1218 1346 1413 1384 facultate
1455 1350 1497 1384 et

91 1406 239 1450 paratu
261 1411 412 1450 magno
437 1413 546 1442 noue
568 1403 751 1452 positum
780 1405 862 1447 cst,
890 1400 1140 1448 uideturque
1167 1400 1351 1440 Graecos
1377 1411 1495 1440 sccu-

90 1461 171 1503 tus,
205 1456 273 1505 qui
296 1453 531 1508 ‘gqao'fflov'
558 1471 582 1497 a
602 1463 769 1507 sumptu
786 1456 878 1496 uiae
895 1457 947 1494 ad
972 1456 1143 1494 aliarum
1166 1467 1335 1505 quoque
1356 1467 1495 1496 rerum

91 1517 318 1562 apparatus
353 1514 578 1553 traducunt
602 1526 650 1553 ac
682 1524 810 1563 saepe
834 1509 1126 1563 ‘goeodt‘wov'
1158 1523 1236 1561 pro
1264 1523 1314 1552 eo
1337 1512 1493 1564 dicunt,

91 1568 204 1620 quod
230 1575 294 1609 est
317 1570 518 1610 einstitue'
544 1576 585 1609 et
602 1571 808 1610 ‘instrue’.

35 1637 79 1670 14
175 1626 291 1665 Nam
312 1627 541 1674 Marcus,
572 1627 724 1677 inquit,
746 1624 987 1672 Manlius,
1015 1635 1161 1673 quem
1185 1623 1494 1675 Capitolium

92 1693 340 1722 seruasse
371 1694 394 1721 a
427 1683 587 1723 Gallis
623 1694 788 1732 supra
824 1680 1041 1721 ostendi
1078 1680 1339 1730 cuiusque
1376 1691 1494 1730 ope—

91 1751 195 1778 ram
240 1750 351 1778 cum
379 1741 433 1778 M.
473 1739 628 1779 Furio
662 1740 933 1779 dictatore
969 1737 1106 1786 apud
1147 1737 1322 1776 Gallos
1362 1747 1494 1775 cum-

91 1796 250 1845 prime
299 1797 487 1835 sortem
533 1801 690 1846 atque
738 1793 1137 1843 exuperabilem
1188 1792 1495 1842 respublica

93 1851 285 1899 sensit,
317 1851 358 1892 is
394 1858 443 1891 et
478 1863 670 1902 genere
696 1857 746 1891 et
775 1851 823 1891 ui
860 1855 908 1890 et
945 1849 1144 1888 uirtute
1178 1849 1493 1888 bellica‘ne-

92 1908 211 1948 mini
243 1909 581 1948 concedebat.
631 1908 864 1959 ‘Adprime'
893 1905 1076 1945 crebrius
1100 1910 1184 1953 est,
1214 1904 1494 1955 cumprime

91 1966 225 2005 rarius
250 1966 569 2015 traductumque
586 1977 637 2005 ex
659 1976 708 2005 co
729 1969 812 2012 est,
846 1963 959 2013 quod
982 1960 1245 2011 ‘cumprimis
1261 1964 1275 1982 '
1300 1961 1495 2000 dicebant

94 2034 168 2072 pro
194 2023 307 2071 quod
331 2027 395 2061 est
417 2021 651 2072 <inprimis'.

41 2086 81 2120 15
174 2078 309 2118 Nihil
340 2078 464 2126 sibi,
497 2078 649 2128 inquit,
675 2076 893 2116 diuitias
931 2087 1060 2125 opus
1098 2085 1234 2114 esse.
1301 2074 1387 2114 Nos
1419 2072 1494 2112 ‘di-

95 2134 221 2174 uitiis’
250 2135 439 2175 dicimus.
502 2135 586 2174 Sed
611 2134 756 2173 uitium
779 2134 860 2173 hoc
886 2131 1086 2172 orationis
1116 2131 1273 2170 nullum
1298 2141 1344 2170 es
1367 2140 1415 2169 ac
1442 2140 1494 2168 ne

94 2189 137 2228 id
156 2191 320 2239 quidem
339 2196 421 2239 est,
456 2192 569 2240 quod
593 2191 725 2239 figura
750 2188 829 2228 dici
847 2190 971 2228 solet:
1000 2193 1113 2227 recta
1130 2187 1238 2226 enim
1257 2186 1388 2226 istaec
1404 2196 1494 2225 ora-

95 2245 153 2285 tio
179 2253 242 2285 est
277 2254 316 2286 et
350 2253 517 2286 ueteres
550 2247 821 2296 conpluscule
850 2245 905 2283 ita
935 2244 1146 2291 dixerunt,
1178 2253 1257 2282 nec
1286 2242 1391 2282 ratio
1415 2240 1493 2280 dici
1538 2234 1562 2253 ”
1607 2259 1609 2262 ·
