1603 2508
0 2402 64 2508 {in

67 2495 90 2508 Η.

630 22 632 24 ”
651 47 777 86 V1111.
810 58 915 87 v1111.
946 59 988 88 x.
1437 49 1522 92 243

108 159 292 201 Primum
319 157 506 199 omnium
529 157 574 198 id
596 158 734 199 uisum
753 170 849 199 esse
864 159 1056 200 dicebant
1070 161 1236 202 Probo
1250 194 1259 210 ‚
1287 163 1402 212 quod
1425 169 1524 214 aput
1534 171 1580 206 14

108 217 147 257 H
159 228 183 257 ο
194 228 235 256 m
249 227 272 256 e
283 228 304 255 r
315 228 342 256 u
353 228 394 256 m
420 214 591 266 quidem
606 215 725 265 uirgo
743 216 950 256 Nausicaa
974 218 1201 257 ludibunda
1224 217 1331 258 inter
1355 220 1521 260 familia-

109 273 361 324 respuellas
378 272 419 312 in
436 271 540 312 locis
566 272 670 312 solis
689 277 803 312 recte
819 277 944 323 atque
962 275 1182 314 commode
1199 276 1411 316 confertur
1428 288 1520 317 cum

107 329 243 370 Diana
260 334 441 370 uenante
457 328 499 368 in
515 328 623 379 iugis
645 329 846 369 montium
872 330 978 369 inter
1001 336 1189 381 agrestes
1214 332 1334 380 deas,
1367 344 1520 382 nequa-

111 398 237 437 quam
256 391 395 426 autem
413 385 670 426 conueniens
692 386 984 436 Vergilium
1011 389 1174 436 fecisse,
1204 389 1398 438 quoniam
1414 389 1518 430 Dido

108 443 150 483 in
174 443 281 483 urbe
303 442 440 483 media
463 442 703 493 ingrediens
728 442 834 482 inter
851 443 1000 494 Tyrios
1024 444 1234 494 principes
1261 447 1371 485 cultu
1395 451 1519 496 atque

107 499 284 540 incessu
301 500 435 548 serio,
463 499 673 539 instans
700 499 866 549 operi,
900 500 1007 539 sicut
1022 500 1113 551 ipse
1131 501 1204 549 ait,
1235 502 1518 552 regnisque

111 556 302 596 suturis
316 588 325 605 ,
358 556 456 596 nihil
473 555 563 597 eius
580 555 856 596 similitudinis
876 567 1025 606 capere
1040 557 1195 607 possit,
1230 569 1337 608 quae
1359 559 1517 599 lusibus

110 618 238 663 atque
254 613 476 654 uenatibus
493 612 649 653 Dianae
668 618 870 663 congruat
882 626 891 661 ;
923 619 1009 653 tum
1029 618 1192 663 postea,
1212 616 1325 664 quod
1341 616 1519 656 Home·
1533 628 1575 662 15

112 681 199 710 rus
231 669 370 710 studia
392 675 519 720 atque
543 670 848 711 oblectamenta
871 669 910 709 in
935 670 1129 711 uenando
1156 670 1311 711 Dianae
1341 672 1517 712 honeste

110 730 342 777 aperteque
360 726 722 777 dicit,Vergiliu
735 738 754 766 s
774 730 923 774 autem,
948 737 1040 766 cum
1062 728 1112 766 de
1127 733 1282 768 uenatu
1300 729 1404 768 deae
1421 729 1517 768 nihil

110 782 308 832 dixisset,
338 784 577 834 pharetram
598 787 757 823 tantum
779 782 874 822 facit
892 794 982 822 earn
1005 785 1113 823 ferre
1129 783 1169 822 in
1190 785 1386 834 humero,
1417 791 1517 825 tam-

111 851 236 890 quam
254 839 308 880 sit
326 852 432 881 onus
450 846 491 880 et
508 839 693 887 sarcina;
721 845 844 889 atque
861 839 960 879 illud
976 840 1165 891 impense
1181 842 1240 880 Pr
1252 853 1274 881 o
1287 842 1312 882 b
1325 854 1351 881 u
1363 854 1402 881 m
1420 853 1515 882 esse

110 896 358 938 demiratum
382 896 422 936 in
438 896 670 947 Vergilio
690 896 900 944 dicebant,
927 898 1039 946 quod
1055 898 1125 938 Ho
1137 909 1208 937 me
1220 897 1261 937 ri
1276 909 1325 938 ca
1348 898 1515 948 quidem

108 947 263 1006 Λητώ
304 953 502 1004 gaudium
531 954 712 1004 gaudeat
748 953 972 1003 genuinum
1012 958 1052 993 et
1091 953 1276 994 intimum
1312 960 1437 1005 atque
1476 957 1516 994 in

107 1010 202 1060 ipso
226 1010 432 1060 penetrali
459 1010 596 1051 cordis
615 1015 655 1050 et
675 1009 836 1050 animae
853 1010 1021 1059 uigens,
1055 1010 1260 1060 siquidem
1291 1023 1375 1051 non
1407 1012 1517 1052 aliud

110 1071 196 1106 est:
219 1065 430 1119 γέγηθε
457 1064 518 1107 δέ
537 1080 590 1107 τε
614 1064 788 1118 φρένα
805 1062 983 1119 Λητώ,
1015 1067 1105 1118 ipse
1124 1074 1273 1116 autem,
1304 1068 1450 1109 imitari
1468 1080 1517 1108 ea

108 1124 281 1171 uolens,
310 1123 463 1173 gaudia
485 1122 629 1164 fecerit
653 1122 771 1173 pigra
791 1128 832 1162 et
847 1123 955 1162 leuia
973 1128 1013 1162 et
1028 1124 1263 1163 cunctantia
1280 1130 1321 1164 et
1337 1125 1456 1175 quasi
1475 1125 1515 1164 in

111 1191 275 1221 summo
306 1185 480 1230 pectore
510 1179 881 1231 supereminentia:
928 1180 1092 1220 nescire
1121 1181 1228 1220 enini
1262 1192 1358 1221 sese
1370 1213 1379 1230 ,
1418 1182 1515 1233 quid

110 1235 367 1286 significaret
389 1236 501 1277 aliud
517 1249 544 1288 p
555 1249 576 1276 e
587 1241 716 1276 rtem
728 1249 753 1286 p
765 1241 780 1274 t
791 1241 872 1275 ant
882 1250 891 1283 ;
924 1242 1093 1287 praeter
1113 1237 1193 1277 ista
1215 1237 1352 1278 onmia
1369 1238 1515 1280 florem
1531 1248 1571 1284 16

108 1292 242 1343 ipsius
266 1292 394 1334 totius
420 1293 502 1335 loci
528 1292 825 1343 Vergilium
857 1292 990 1334 uideri
1024 1294 1236 1343 omisisse,
1268 1296 1382 1345 quod
1404 1296 1513 1335 hunc

106 1349 178 1390 Ho
191 1349 315 1390 meri
334 1361 506 1391 uersum
524 1349 673 1400 exigue
692 1354 862 1389 secutus
882 1349 952 1390 sit:

156 1427 290 1474 Ῥεϊα
317 1429 360 1474 δ’
389 1428 665 1488 ἀριγνώτη
692 1431 936 1486 πέλεται,
966 1432 1126 1475 καλαὶ
1151 1434 1209 1476 δέ
1231 1449 1283 1476 τε
1307 1437 1496 1489 πᾶσαι,

107 1519 274 1568 quando
300 1520 412 1558 nulla
428 1519 559 1560 maior
581 1519 909 1569 cumulatiorque
931 1520 1220 1570 pulcritudinis
1239 1523 1329 1562 laus
1349 1522 1428 1562 dici
1440 1526 1568 1573 p0-17

105 1574 248 1623 tuerit,
283 1587 407 1625 quam
432 1577 546 1626 quod
567 1588 650 1616 una
672 1576 779 1615 inter
804 1576 937 1616 omnis
961 1578 1128 1626 pulcras
1155 1580 1397 1627 excelleret,
1426 1591 1510 1619 una

105 1630 224 1671 facile
243 1636 283 1671 et
304 1643 356 1672 ex
374 1632 565 1674 omnibus
583 1636 841 1672 nosceretur.

775 1780 825 1820 Χ.

105 1872 216 1917 Quod
237 1873 418 1910 Annaeus
442 1872 628 1910 Cornutus
649 1885 782 1911 uersus
807 1874 989 1922 Vergilii,
1020 1875 1152 1921 quibus
1173 1873 1333 1909 Veneris
1359 1879 1395 1911 et
1417 1875 1509 1910 Vul-

160 1930 245 1966 cani
281 1931 520 1967 concubitum
560 1930 698 1977 pudice
740 1936 999 1979 oportuneque
1047 1931 1158 1975 dixit,
1208 1930 1506 1978 reprehensione

161 1997 300 2034 spurca
322 1991 358 2023 et
377 1986 514 2023 odiosa
531 1987 752 2034 inquinauit.

188 2089 463 2130 Annianus
504 2095 630 2140 poeta
663 2095 703 2130 et
730 2090 919 2141 plerique
953 2101 1045 2129 cum
1069 2101 1119 2130 eo
1155 2088 1342 2129 eiusdem
1364 2090 1508 2130 Musae
1530 2094 1547 2128 l

104 2143 183 2184 uiri
200 2145 371 2186 summis
397 2146 669 2196 adsiduisque
685 2147 875 2187 laudibus
894 2148 971 2188 hos
987 2146 1204 2196 Vergilii
1226 2157 1376 2186 uersus
1402 2148 1502 2186 fere-

104 2199 193 2249 bat,
228 2202 378 2252 quibus
401 2204 635 2244 Volcanum
667 2209 707 2243 et
728 2205 938 2243 Venerem
962 2202 1126 2244 iunctos
1149 2202 1386 2254 mixtosque
1416 2203 1504 2243 iure

107 2257 305 2309 coniugii,
333 2270 420 2299 rem
441 2261 533 2310 lege
556 2264 727 2300 naturae
752 2259 1040 2310 operiendam,
1071 2261 1310 2300 uerecunda
1328 2261 1505 2311 quadam

1218 2316 1301 2357 16*
