1635 2492
649 38 776 78 XVII.
802 49 889 78 xm.
1401 39 1482 82 197

69 164 234 195 ueneno
264 156 452 193 necatus.
516 151 590 192 Set
613 163 663 192 ea
691 152 779 191 sere
800 156 1047 202 tempestate
1070 154 1230 194 Romae
1254 155 1309 193 M.
1336 153 1485 195 Furius
1497 162 1544 197 20

71 209 265 252 Camillus
297 209 477 250 dictator
506 208 600 257 suit,
633 213 675 248 et
696 208 828 248 Veios
861 209 993 259 cepit,
1025 221 1074 250 ac
1107 215 1208 261 post
1238 222 1322 251 non
1355 212 1482 262 longo
1496 219 1541 253 21

72 271 260 318 tempore
282 267 439 307 bellum
461 265 716 307 Senonicum
743 266 833 314 fuit,
869 277 963 306 cum
990 267 1093 306 Galli
1118 268 1294 308 Romam
1319 273 1544 318 praetera-2

70 323 317 375 Capitolium
340 328 555 374 ceperunt.

0 374 13 394 '''
153 382 298 432 Neque
315 382 444 421 multo
464 386 615 431 postea
630 381 662 419 E
675 381 738 420 ud
752 392 849 421 oxu
862 393 881 421 s
907 383 1148 432 astrologus
1165 382 1205 421 in
1233 388 1344 422 terra
1361 383 1484 422 Grae·
1497 389 1544 425 23

69 438 132 478 cia
157 438 397 479 nobilitatus
421 443 487 478 est
509 438 913 488 Lacedaemoniique
939 440 990 478 ab
1019 439 1346 480 Atheniensibus
1371 441 1485 489 apud

70 495 310 536 Corinthum
341 495 548 545 superati,
579 495 684 535 duce
700 495 976 544 Phormione,
1012 501 1052 535 et
1068 497 1122 535 M.
1147 497 1376 545 Man(i)lius
1405 497 1543 538 R0-24

0 569 1 596 1
69 563 180 601 mae,
212 552 283 603 qui
300 552 440 592 Gallos
465 552 505 591 in
531 551 751 592 obsidione
771 553 958 603 Capitolii
981 554 1235 603 obrepentes
1253 565 1330 604 per
1353 554 1486 593 ardua

69 610 306 660 depulerat,
349 609 567 649 conuictus
608 614 692 657 est,
732 610 950 649 consilium
976 611 1028 650 de
1058 621 1189 660 regno
1233 611 1483 661 occupando

68 666 218 715 inisse,
247 667 583 717 dampnatusque
613 666 758 716 capitis
785 678 807 705 e
832 678 935 707 saxo
954 667 1147 718 Tarpeio,
1180 672 1225 707 ut
1246 669 1298 707 M.
1315 669 1484 709 Varro

70 723 136 772 ait,
170 735 374 774 praeceps
393 724 528 772 datus,
561 729 606 763 ut
635 724 878 763 Corneliu
892 736 910 763 s
931 729 1069 764 autem
1089 725 1191 775 Nep
1205 736 1228 765 o
1245 737 1264 765 s
1283 725 1483 775 seriptum

69 781 255 831 reliquit,
280 781 543 821 uerberando
569 785 742 820 necatus
762 787 845 828 est;
880 793 1017 831 eoque
1035 782 1127 832 ipso
1148 793 1282 830 anno,
1310 783 1379 832 qui
1398 788 1542 824 erat25

68 843 169 890 post
187 838 463 890 reciperatam
488 839 634 878 urbem
666 838 889 888 septimus,
923 839 1275 878 Aristotelem
1299 839 1484 888 philoso-

68 896 197 948 phum
214 900 354 936 natum
371 906 480 943 esse,
508 895 731 935 memoriae
749 896 987 935 mandatum
1010 903 1086 936 est.

148 953 324 1003 Aliquot
345 952 497 993 deinde
514 952 633 992 annis
651 957 749 1002 post
767 953 919 992 bellum
939 953 1193 993 Senonicum
1211 954 1396 993 Thebani
1412 955 1541 997 La-26

70 1010 385 1058 cedaemonios,
410 1011 516 1049 duce
533 1009 834 1060 Epaminonda,
854 1011 964 1060 apud
982 1012 1157 1050 Leuctra
1177 1016 1485 1061 superauerunt

72 1077 118 1106 ac
135 1067 251 1107 breui
268 1071 367 1118 post
388 1071 573 1117 tempore
592 1067 631 1105 in
649 1067 752 1106 urbe
769 1068 902 1107 Roma
921 1069 1012 1117 lege
1028 1067 1169 1107 Licinii
1185 1067 1369 1108 Stolonis
1390 1079 1485 1107 con·
1498 1072 1542 1109 2⁷

70 1125 184 1164 sules
208 1124 340 1163 creari
361 1124 482 1163 etiam
509 1135 561 1163 ex
589 1124 710 1173 plebe
730 1125 888 1173 coepti,
923 1136 1015 1163 cum
1039 1130 1161 1163 antea
1181 1124 1245 1164 ius
1262 1137 1346 1164 non
1370 1130 1485 1164 esset

70 1180 149 1221 nisi
170 1191 223 1220 ex
245 1180 426 1231 patriciis
447 1180 639 1230 gentibus
659 1180 747 1219 fieri
765 1182 993 1221 consulein.

159 1237 275 1278 Circa
299 1249 450 1277 annum
477 1237 629 1276 deinde
660 1237 774 1277 urbis
807 1238 999 1277 conditae
1027 1238 1542 1289 quadringentesimum28

67 1293 303 1345 Philippus,
334 1297 543 1345 Amyntae
569 1294 696 1340 filius,
730 1296 959 1334 Alexandri
986 1301 1121 1344 pater,
1153 1307 1326 1346 regnum
1348 1296 1484 1336 Mace-

0 1364 5 1374 ’
70 1351 221 1392 doniae
248 1351 426 1402 adeptus
455 1356 520 1391 est
546 1351 672 1401 inque
704 1363 752 1391 eo
779 1357 967 1402 tempore
995 1353 1236 1392 Alexander
1262 1357 1384 1392 natus
1420 1357 1485 1392 est

69 1408 301 1459 paucisque
317 1408 414 1448 inde
437 1408 555 1448 annis
572 1413 671 1459 post
686 1410 835 1449 Plato
863 1410 1141 1460 philosophus
1165 1410 1218 1449 ad
1234 1409 1483 1461 Dionysium
1496 1416 1541 1451 29

71 1465 234 1507 Siciliae
264 1471 488 1516 tyrannum
516 1466 794 1516 posteriorem
827 1468 1044 1516 profectus
1082 1472 1166 1515 est;
1199 1471 1299 1516 post
1332 1467 1483 1506 deinde
1495 1473 1542 1507 30

69 1523 281 1572 aliquanto
299 1527 489 1573 tempore
499 1523 712 1573 Philippus
732 1524 842 1573 apud
857 1524 1139 1563 Chaeroneam
1150 1524 1311 1574 proelio
1330 1535 1481 1573 magno

69 1579 351 1620 Athenienses
361 1579 499 1620 uincit.
526 1581 628 1619 Tum
640 1581 671 1619 D
684 1591 705 1618 e
717 1592 755 1618 in
769 1592 791 1619 ο
805 1581 884 1619 sth
898 1593 953 1619 en
966 1592 987 1620 e
999 1593 1018 1620 s
1038 1586 1180 1620 orator
1192 1592 1243 1619 ex
1263 1592 1312 1620 eo
1322 1581 1484 1630 proelio
1495 1586 1538 1621 31

70 1638 247 1678 salutem
269 1638 365 1686 fuga
389 1635 605 1686 quaesiuit,
626 1648 803 1686 cumque
820 1637 860 1675 id
881 1637 929 1685 ei,
950 1638 1062 1687 quod
1081 1638 1252 1687 fugerat,
1276 1637 1484 1686 probrose

71 1693 341 1742 obiiceretur,
367 1705 495 1733 uersu
519 1693 587 1733 illo
609 1693 828 1734 notissimo
849 1694 990 1734 elusit:

128 1768 328 1827 ‘'Amffp',
359 1773 510 1824 inquit,
543 1766 591 1813 εὁ
617 1768 804 1826 φεύγων
829 1771 900 1814 καὶ
928 1770 1063 1814 πάλιν
1083 1770 1364 1827 μαχήσεται’.

69 1865 223 1906 Postea
237 1864 450 1916 Philippus
474 1877 526 1905 ex
546 1865 705 1905 insidiis
724 1866 937 1906 occiditur.
980 1869 1034 1906 At
1051 1867 1292 1906 Alexander
1309 1877 1482 1916 regnum
1493 1870 1539 1906 32

71 1921 249 1972 adeptus
280 1922 333 1962 ad
358 1923 615 1972 subigendos
639 1923 789 1962 Persas
813 1923 852 1962 in
879 1923 1024 1963 Asiam
1055 1927 1180 1973 atque
1208 1923 1248 1962 in
1274 1922 1481 1962 Orientem

69 1983 364 2028 transgressus
382 1984 459 2020 est.
491 1981 611 2019 Alter
635 1984 772 2018 autem
790 1981 1051 2028 Alexander,
1074 1981 1138 2019 cui
1157 1983 1538 2030 cognomentum&

70 2036 261 2075 Molosso
285 2035 372 2084 suit,
401 2036 440 2075 in
459 2036 614 2076 Italiam
631 2036 758 2084 uenit,
788 2037 941 2076 bellum
958 2038 1117 2087 populo
1142 2037 1333 2077 Romano
1353 2037 1481 2075 factu-

71 2102 165 2140 rus,
187 2115 245 2120 —
268 2091 349 2132 iam
375 2093 480 2133 enim
505 2095 613 2132 fama
630 2093 793 2133 uirtutis
822 2093 1112 2144 felicitatisque
1128 2095 1341 2134 Romanae
1367 2093 1481 2142 apud

73 2152 238 2189 exteras
256 2154 402 2199 gentes
420 2150 653 2190 enitescere
669 2150 927 2199 inceptabat,
944 2174 1002 2179 —
1029 2151 1103 2190 sed
1127 2150 1371 2200 priusquam
1396 2150 1480 2188 bel-

72 2205 156 2244 lum
180 2205 355 2254 faceret,
381 2207 466 2246 uita
490 2207 685 2246 decessit.
746 2208 849 2245 Eum
866 2207 1119 2253 Molossum,
1150 2218 1242 2246 cum
1262 2207 1302 2245 in
1323 2206 1479 2246 Italiam

71 2261 286 2311 transiret,
320 2264 476 2304 dixisse
510 2263 767 2314 accepimus,
799 2275 846 2303 se
879 2264 1047 2313 quidem
1078 2264 1131 2302 ad
1155 2265 1369 2304 Romanos
1406 2263 1478 2311 ire,
