1619 2476
111 43 192 84 168
678 42 787 81 XVI.
804 52 941 81 xvim.

54 161 96 194 15
111 158 224 204 quod
243 154 456 195 ‘orthium'
481 154 643 201 dieitur,
674 165 783 193 uoce
804 152 1087 193 sublatissima
1108 154 1302 194 cantauit.
1350 155 1419 193 Ad
1441 166 1497 204 po

111 216 266 251 strenia
288 217 434 251 cantus
450 222 543 250 cum
565 209 717 249 fidibus
736 214 970 259 ornatuque
993 210 1124 260 omni,
1157 211 1266 251 sieut
1285 211 1422 251 stabat
1449 221 1514 250 ea-

111 268 342 316 nebatque‚
375 267 471 306 iecit
495 277 592 306 sese
613 268 762 316 procul
786 266 826 305 in
854 267 1120 315 profundum.
1179 267 1514 314 Nauitaefhaut-

111 334 318 372 quaquam
350 323 606 369 dubitantes,
639 321 736 371 quin
770 322 969 372 perisset,
1009 333 1196 371 cursum,
1226 334 1350 373 quem
1378 324 1515 362 facere

56 386 97 421 16
110 386 349 429 coeperant,
384 383 618 419 tenuerunt.
657 378 741 417 Sed
759 389 914 418 nouum
936 383 977 417 et
992 378 1139 418 mirum
1162 384 1203 419 et
1223 379 1336 430 pium
1354 379 1514 419 facinus

115 435 325 485 contigit’.
362 435 608 486 Delphinum
631 439 804 484 repente
828 434 934 473 inter
954 435 1089 474 undas
1109 435 1334 475 adnauisse
1353 435 1514 475 fluitan-

108 492 222 542 tique
238 503 334 532 sese
351 491 506 532 homini
523 491 764 530 subdidisse
786 496 827 530 et
849 491 977 530 dorso
996 502 1125 541 super
1141 491 1293 531 fluctus
1311 490 1422 531 edito
1445 502 1515 530 ue-

110 549 292 589 ctauisse
308 548 588 597 incolumique
604 559 697 586 eum
716 558 894 596 corpore
916 552 957 586 et
973 552 1122 587 ornatu
1131 548 1363 587 Taenarum
1380 547 1420 586 in
1437 552 1516 586 ter-

54 611 95 646 17
108 617 196 644 ram
223 606 469 645 Laconicam
494 603 730 643 deuexisse.
792 604 894 642 Tum
921 602 1121 643 Arionem
1156 615 1333 654 prorsus
1374 615 1425 642 ex
1465 614 1515 642 eo

111 663 206 701 loco
226 662 464 701 Corinthum
484 660 685 711 petiuisse
703 661 910 709 talemque
924 659 1148 700 Periandro
1166 660 1266 709 regi,
1284 659 1416 710 qualis
1434 659 1517 698 del-

111 718 236 768 phino
256 724 403 758 uectus
422 720 556 757 fuerat
572 715 815 766 ,inopinanti
838 727 935 756 sese
956 715 1159 766 optulisse
1182 716 1303 766 eique
1317 727 1417 764 rem,
1440 715 1517 755 sic-

56 774 166 816 18uti
187 774 416 822 acciderat,
450 772 703 813 narrauisse.
763 773 921 822 Regem
944 771 1075 812 istaec
1097 784 1244 823 parum
1270 772 1515 819 credidisse,

54 830 321 879 19Arionem,
355 831 474 881 quasi
498 832 680 880 falleret,
713 828 914 869 custodiri
935 829 1134 878 iussisse,
1163 829 1326 869 nauitas
1347 828 1516 878 inquisi-

110 893 188 935 tos,
214 888 405 938 ablegato
423 887 596 936 Arione,
629 885 1250 936 dissimulanterinterrogasse,
1275 885 1427 935 ecquid
1447 897 1517 924 au-

53 950 99 984 20
113 943 330 984 dissentiri
349 944 412 984 his
441 944 564 991 locis,
595 943 707 983 unde
736 942 964 991 uenissent,
996 954 1125 993 super
1144 942 1331 982 Arione?
1363 953 1438 981 eos
1460 941 1517 980 di-

108 1000 245 1048 xisse,
276 1001 508 1048 hominem,
543 1011 636 1039 eum
658 999 754 1038 inde
776 1001 901 1046 irent,
933 998 973 1038 in
996 1004 1106 1039 terra
1120 999 1234 1039 Italia
1250 998 1381 1038 fuisse
1406 1009 1516 1037 eum-

111 1068 191 1106 que
207 1057 288 1097 illic
305 1058 412 1097 bene
430 1057 586 1107 agitare
604 1061 645 1095 et
661 1055 808 1095 studiis
821 1055 1252 1105 delectationibusque
1268 1055 1429 1094 urbium
1443 1054 1516 1093 sso-

110 1124 202 1153 rere
220 1121 344 1164 atque
366 1114 406 1153 in
439 1113 571 1164 gratia
602 1112 864 1163 pecuniaque
885 1123 1036 1162 magna
1066 1114 1307 1163 opulentum
1335 1113 1517 1151 fortuna-

52 1175 90 1208 ·21
111 1174 282 1220 tumque
304 1182 414 1210 esse.
477 1171 579 1209 Tum
601 1169 707 1208 inter
734 1170 837 1209 haec
870 1180 1014 1209 eorum
1046 1169 1177 1209 uerba
1195 1168 1395 1208 Arionem
1424 1178 1517 1206 cum

112 1225 264 1265 fidibus
284 1232 325 1265 et
350 1226 622 1273 indumentis,
656 1237 749 1264 eum
772 1225 922 1275 quibus
948 1237 994 1265 se
1016 1225 1057 1265 in
1075 1227 1208 1265 salum
1225 1224 1515 1270 eiaculauerat‚

51 1287 96 1319 22
111 1282 319 1330 extitisse,
352 1282 513 1322 nauitas
548 1283 807 1332 stupefactos
832 1281 1136 1331 conuictosque
1163 1281 1222 1320 ire
1252 1279 1402 1319 infitias
1431 1291 1515 1318 non

51 1342 98 1376 23
111 1339 267 1386 quisse.
328 1340 430 1377 Eam
461 1338 641 1377 fabulam
673 1337 813 1376 dleere
842 1337 1018 1376 Lesbios
1052 1342 1093 1377 et
1122 1335 1356 1377 Corinthios
1391 1341 1516 1385 atque

111 1404 208 1433 esse
234 1395 396 1433 fabulae
431 1398 741 1442 argumentum,
781 1394 895 1442 quod
926 1393 1147 1432 simulacra
1177 1393 1260 1432 duo
1298 1402 1429 1431 aenea
1463 1391 1517 1429 ad

110 1450 340 1490 Taenarum
357 1449 616 1497 uiserentur,
649 1449 869 1499 delphinus
895 1450 1054 1489 uehens
1085 1455 1125 1488 et
1142 1450 1266 1489 homo
1291 1447 1493 1487 insidens.
