1635 2492
648 31 718 71 XI.
749 41 872 70 xvm.
1414 29 1471 73 47

134 144 370 187 Deeemuiri
391 149 530 185 autem
562 143 716 192 nostri,
748 145 818 195 qui
844 150 943 196 post
974 156 1098 195 reges
1130 149 1304 185 exactos
1337 145 1466 196 leges,
1487 151 1510 188 6

49 204 200 255 quibus
220 204 406 254 populus
417 203 632 243 Romanus
649 207 849 250 uteretur,
868 202 907 242 in
921 203 1008 242 XII.
1025 203 1177 243 tabulis
1196 201 1469 245 scribserunt.

0 273 8 294 ‚-
49 272 186 312 neque
203 261 293 312 pari
310 259 536 300 seueritate
552 260 592 299 in
609 259 860 310 poeniendis
873 259 1051 310 (itaque)
1064 260 1247 301 omnium
1264 271 1466 310 generum

47 318 228 367 furibus,
263 328 402 368 neque
418 316 596 357 remissa
615 315 736 356 nimis
753 316 921 357 lenitate
939 317 1003 357 usi
1022 322 1132 357 sunt.
1194 318 1296 357 Nam
1320 318 1466 364 furem,
1486 322 1507 358 7

49 375 119 426 qui
140 375 363 416 manifesto
394 375 502 414 furto
529 385 711 425 prensus
735 380 870 422 esset,
901 380 985 414 tum
1008 375 1174 415 demum
1209 374 1344 415 occidi
1376 386 1468 425 per-

47 432 264 482 miserunt,
291 432 327 473 si
349 437 432 480 aut,
458 442 551 472 cum
570 431 727 471 faceret
748 432 916 480 furtum,
943 443 1028 472 nox
1046 438 1179 479 esset,
1203 437 1274 472 aut
1289 431 1469 472 interdiu

45 491 128 531 telo
172 502 239 538 se,
278 501 371 530 cum
405 489 701 540 prenderetur,
738 489 997 529 defenderet.
1052 490 1115 529 Ex
1147 489 1298 529 ceteris
1332 495 1509 531 autem&

47 545 277 588 manifestis
310 546 469 588 furibus
495 546 651 586 liberos
683 546 896 586 uerberari
920 546 1143 597 addicique
1170 547 1386 586 iusserunt
1417 547 1468 594 ei,

46 604 112 644 cui
143 605 294 645 furtum
321 605 473 644 factum
492 608 625 651 esset,
659 603 693 643 si
723 604 848 644 modo
870 604 911 643 id
934 604 1011 643 luci
1034 604 1235 644 fecissent
1256 615 1395 655 neque
1423 615 1471 644 se

46 662 129 702 telo
147 661 460 709 defendissent;
488 672 639 701 seruos
661 659 759 700 item
778 661 873 701 furti
890 661 1098 702 manifesti
1119 672 1301 713 prensos
1319 661 1468 701 uerbe-

45 718 161 760 ribus
194 719 319 760 adfici
351 725 392 758 et
430 730 453 759 e
484 729 587 758 saxo
619 717 907 769 praecipitari,
948 720 1025 759 sed
1053 730 1210 770 pueros
1240 718 1467 770 inpuberes

45 776 251 827 praetoris
289 775 490 816 arbitratu
530 775 743 816 uerberari
779 777 1006 816 uoluerunt
1044 787 1284 826 noxamque
1317 777 1367 815 ab
1404 775 1468 816 his

44 835 195 873 factam
215 833 374 875 sarciri.
421 834 481 872 Ea
499 844 671 883 quoque
689 833 811 880 furta,
837 845 944 884 quac
962 844 1038 884 per
1059 835 1220 873 lancem
1242 833 1466 883 liciumque
1484 839 1506 873 9

44 896 252 942 concepta
279 896 443 937 essent,
482 889 660 941 proinde
695 901 743 929 ac
773 891 807 930 si
837 891 1057 930 manifesta
1084 892 1245 938 forent,
1283 890 1466 931 uindica-

43 953 206 988 uerunt.

131 1005 216 1046 Sed
234 1016 343 1045 nunc
363 1016 387 1044 a
410 1007 501 1055 lege
522 1004 589 1043 illa
608 1005 875 1045 decemuirali
899 1005 1137 1046 discessum
1161 1012 1238 1045 est.
1298 1007 1400 1045 Nam
1431 1005 1465 1046 si
1483 1012 1522 1046 10

44 1063 114 1112 qui
131 1074 260 1113 super
277 1062 497 1102 manifesto
519 1062 627 1102 furto
646 1061 735 1102 iure
753 1068 793 1101 et
809 1063 954 1102 ordine
973 1062 1153 1113 experiri
1170 1063 1279 1110 uelit,
1300 1063 1407 1103 actio
1426 1063 1464 1102 in

45 1121 325 1170 quadruplum
343 1119 478 1158 datur.
518 1123 529 1141 <
545 1118 836 1158 Manifestum’
856 1126 994 1160 antem
1012 1124 1023 1142 ‘
1039 1121 1191 1159 furtum
1204 1123 1216 1141 ’
1238 1125 1323 1167 est,
1346 1125 1391 1160 ut
1411 1120 1466 1159 ait
1485 1127 1524 1161 ιι

43 1176 325 1224 Masurius,
352 1177 486 1226 quod
511 1176 948 1226 deprehenditur,
972 1178 1084 1216 dum
1109 1177 1181 1216 fit.
1217 1177 1465 1216 Faciendi

44 1233 168 1273 finis
198 1239 304 1281 est,
342 1245 450 1273 cum
480 1234 742 1283 perlatum
774 1240 870 1281 est,
908 1246 1006 1284 qno
1042 1234 1163 1274 ferri
1195 1241 1462 1284 coeperat.

42 1290 155 1330 Furti
174 1291 388 1341 concepti,
415 1290 511 1330 item
531 1289 677 1337 oblati,
702 1291 810 1340 tripli
830 1303 968 1341 poena
986 1297 1063 1331 cst.
1479 1297 1522 1332 12

128 1347 213 1388 Sed
239 1348 355 1398 quod
379 1347 432 1388 sit
460 1348 695 1395 ‘oblatum’,
724 1349 839 1398 quod
865 1352 1165 1399 ‘conceptum’‚
1192 1355 1231 1389 et
1263 1351 1464 1400 pleraque

43 1406 121 1446 alia
138 1406 190 1444 ad
207 1416 298 1445 eam
324 1416 411 1445 rem
428 1416 481 1444 ex
503 1404 682 1455 egregiis
700 1411 891 1445 ueterum
916 1406 1102 1447 moribus
1121 1412 1296 1457 accepta
1326 1419 1464 1458 neque

0 1460 14 1495 ’ἰ-
41 1462 199 1503 inutilia
225 1462 394 1513 cognitu
419 1473 557 1512 neque
584 1461 812 1502 iniucunda
835 1463 904 1512 qui
936 1465 1076 1513 legere
1110 1466 1242 1511 uolet,
1280 1463 1465 1504 inueniet

43 1519 225 1561 Sabini
246 1520 408 1567 librum,
432 1520 498 1559 eui
515 1518 657 1574 titulus
679 1525 743 1559 est
767 1521 791 1558 d
806 1532 827 1559 e
854 1522 901 1559 sn
914 1521 1023 1560 rtis.
1067 1523 1108 1560 In
1130 1533 1212 1571 quo
1232 1522 1273 1561 id
1292 1532 1462 1572 quoque
1481 1527 1523 1561 13

42 1577 242 1618 scribtum
260 1583 346 1625 est,
371 1577 485 1627 quod
502 1577 628 1626 uolgo
650 1577 908 1626 inopinatum
928 1584 1011 1625 est,
1035 1590 1118 1618 non
1142 1578 1354 1619 hominum
1377 1585 1463 1618 tan-

8 1656 17 1676 :
42 1638 126 1675 tum
145 1645 281 1684 neque
299 1645 437 1674 rerum
461 1633 729 1681 mouentium,
760 1645 867 1683 quae
891 1635 1043 1674 auferri
1062 1637 1226 1675 occulte
1245 1641 1285 1674 et
1303 1635 1463 1685 subripi

42 1696 242 1742 possunt,
283 1691 358 1731 sed
399 1691 513 1731 fundi
547 1702 717 1740 qnoque
752 1696 793 1730 et
827 1691 990 1731 aedium
1029 1693 1117 1731 lieri
1154 1694 1326 1740 surtum;
1366 1704 1463 1733 con-

36 1749 311 1798 dempnatum
341 1760 512 1799 quoque
546 1747 641 1787 surti
674 1749 891 1795 colonum,
927 1749 996 1798 qui
1029 1750 1179 1797 fundo,
1215 1761 1339 1800 quem
1366 1761 1461 1789 con-

2 1813 19 1862 j
42 1806 232 1854 duxerat,
254 1805 447 1854 uendite,
473 1805 750 1856 possessione
777 1805 867 1845 eius
894 1806 1108 1845 dominum
1140 1806 1459 1847 interuertisset.

2 1861 14 1883 ‘²'
31 1861 180 1913 'Atque
200 1862 242 1902 id
262 1862 397 1911 etiam,
422 1863 536 1913 quod
556 1863 687 1912 magis
710 1862 963 1914 inopinabile
986 1869 1070 1911 est,
1097 1864 1324 1904 Sabinus
1349 1863 1458 1911 dicit,
1479 1870 1519 1904 14

5 1936 7 1941 ·
42 1919 175 1960 furem
208 1931 306 1960 esse
340 1920 518 1961 hominis
552 1919 802 1971 iudicatum,
839 1920 907 1970 qui
941 1932 1033 1960 cum
1069 1921 1265 1971 fugitiuus
1293 1927 1460 1972 praeter

8 2028 11 2029 ⁷
43 1978 190 2019 oculos
209 1978 317 2018 forte
327 1977 482 2017 domini
500 1978 589 2024 iret,
611 1978 783 2017 obtentu
802 1983 939 2027 togae,
959 1983 1170 2028 tamquam
1185 1991 1230 2018 se
1244 1978 1457 2026 amiciens,

12 2041 25 2076 ἶ
42 2045 94 2074 ne
111 2034 322 2074 uideretur
341 2046 365 2075 a
383 2035 569 2081 domino,
589 2034 831 2074 obstitisset.

128 2091 231 2132 Aliis
255 2091 407 2131 deinde
436 2092 553 2131 furtis
571 2092 784 2138 omnibus,
815 2104 921 2141 quae
940 2096 1034 2131 enec
1058 2092 1292 2132 manifesta’
1315 2093 1454 2143 appei-
1474 2098 1514 2131 15

6 2152 12 2188 .'
43 2147 196 2197 lantur,
225 2159 404 2198 poenam
421 2148 711 2198 imposuerunt
732 2149 858 2198 dupli.
922 2150 965 2188 I‹l
989 2149 1110 2188 etiam
1136 2149 1301 2189 memini
1318 2151 1455 2199 legere
1471 2154 1514 2189 16

8 2224 11 2248 ;
46 2214 109 2244 ine
134 2205 174 2244 in
206 2205 309 2245 libro
342 2205 612 2245 Aristonis
645 2206 937 2253 iureconsulti,
970 2207 1454 2256 hautquaquamindocti

1 2252 20 2315 ζ
45 2260 132 2308 uiri,
151 2271 250 2312 aput
267 2266 434 2302 ueteres
445 2263 695 2313 Aegyptios,
721 2263 832 2312 quod
851 2274 982 2312 genus
1003 2263 1213 2303 hominum
1234 2270 1399 2304 constat
1416 2269 1455 2304 et

0 2357 6 2492 l

10 2351 25 2372 'r

10 2376 44 2492 i

8 2339 26 2352 ,ι
