1635 2492
0 0 102 115 ξ
161 20 164 21 ⁷
205 6 210 11 “
319 3 322 6 ’
726 52 813 91 Xil.
848 65 884 92 v.
1461 56 1515 99 57

0 117 27 218 ἓ
90 162 313 212 uehiculis,
338 162 474 214 pergit
495 175 588 203 eum
607 175 785 215 propere
806 165 969 215 uidere,
991 178 1156 218 nosque
1174 169 1225 208 de
1242 181 1371 218 more,
1393 183 1515 220 quem

0 224 22 276 {v
91 219 132 259 in
154 221 293 259 locum
317 231 496 270 cumque
520 220 619 269 iret,
655 221 788 261 secuti
813 234 972 263 sumus.
1035 225 1086 264 Et
1112 225 1183 264 ubi
1209 226 1262 265 ad
1291 228 1441 275 aedes,
1473 228 1515 267 in

93 276 187 327 quis
208 276 276 317 ille
297 281 497 327 aegrotus
520 283 630 326 erat,
659 279 950 328 peruenimus,
984 281 1176 322 uidemus
1210 282 1419 323 hominem
1441 285 1513 324 do-

90 333 250 374 loribus
274 333 613 385 cruciatibusque
634 335 735 383 alui,
760 337 874 386 quod
898 337 1043 377 Graeci
1070 335 1257 378 (κόλων
1287 340 1450 388 dicunt,
1473 346 1514 381 et

91 390 194 431 sebm·
228 390 351 431 simul
384 391 531 441 rapida
566 391 768 432 adflictari
803 393 1068 444 gemitusque
1105 407 1157 435 ex
1178 406 1228 436 eo
1255 408 1512 446 conpressos

92 459 312 499 erumpere
344 448 601 499 spiritusque
636 454 677 488 et
709 449 913 490 anhelitus
945 462 967 490 e
998 457 1173 502 pectore
1202 452 1291 493 eius
1316 455 1510 501 euadere,

89 517 175 547 non
200 506 390 546 dolorem
413 505 544 555 magis
565 505 820 555 indicantes,
844 518 968 557 quam
990 520 1174 558 pugnam
1196 510 1421 550 aduersum
1441 512 1512 550 do-

89 564 235 604 iorem.

173 621 276 660 Post
297 618 467 667 deinde,
506 631 599 660 cum
631 622 832 661 Taurus
864 627 904 661 et
928 621 1116 662 medicos
1139 624 1391 664 accersisset
1415 636 1510 665 con·
1526 638 1549 674 3

87 679 341 726 locutusque
369 677 422 716 de
450 677 639 716 facienda
667 678 844 718 medella
872 684 987 718 esset
1019 685 1060 718 et
1089 691 1185 719 eum
1207 680 1345 731 ipsum
1375 682 1426 720 ad
1449 693 1510 722 re-

87 734 299 774 tinendam
329 733 569 784 patientiam
597 735 833 775 testimonio
872 736 1136 785 tolerantiae,
1174 749 1297 787 quam
1327 738 1508 787 uidebat,

87 790 293 842 perhibito
325 791 572 839 stabilisset,
611 792 857 842 egressique
888 793 985 832 inde
1016 794 1069 832 ad
1091 794 1283 834 uehicula
1304 800 1344 834 et
1364 797 1416 834 ad
1442 807 1509 836 co-

87 848 208 889 mites
225 848 480 888 rediremus:
522 848 750 898 ‘uidistis'‚
776 850 908 900 inquit
933 851 1164 899 Taurus,
1192 856 1300 891 ‘non
1325 864 1426 891 sane
1452 854 1507 892 iu·

87 906 269 946 cundum
289 907 597 956 spectaculum,
630 908 707 946 sed
738 907 906 957 cognitu
927 913 1065 947 tamen
1087 908 1207 955 utile,
1237 910 1508 958 congredien-

85 969 150 1003 tes
173 967 590 1013 compugnantesque
609 964 905 1014 philosophum
930 970 971 1004 et
992 965 1194 1005 dolorem.
1226 965 1422 1006 Faciebat
1442 966 1506 1006 uis

87 1020 154 1059 illa
172 1025 214 1060 et
234 1024 383 1059 natura
409 1020 561 1068 morbi,
587 1022 701 1071 quod
726 1027 815 1060 erat
845 1033 986 1071 suum,
1011 1022 1324 1064 distractionem
1351 1024 1506 1063 crucia-

87 1082 259 1127 tumque
288 1077 570 1117 membrorum
585 1110 594 1125 ,
631 1078 809 1117 faciebat
833 1085 979 1119 contra
1003 1080 1106 1120 ratio
1131 1086 1172 1120 et
1199 1086 1345 1120 natura
1368 1081 1504 1128 animi,

87 1134 202 1183 quod
232 1138 321 1173 erat
348 1144 484 1184 aeque
513 1145 655 1182 suum,
695 1135 1004 1185 perpetiebatur
1034 1142 1074 1175 et
1096 1137 1317 1177 cohibebat
1340 1149 1506 1178 coerce-

85 1191 240 1240 batque
263 1189 371 1230 infra
399 1201 496 1230 sese
518 1190 736 1231 uiolentias
764 1192 954 1232 effrenati
975 1193 1146 1233 doloris.
1207 1194 1351 1234 Nullos
1382 1194 1506 1234 eiula-

84 1252 164 1295 tus,
188 1247 322 1287 nullas
346 1248 719 1297 complorationes,
742 1260 794 1288 ne
815 1251 919 1289 ullas
940 1248 1106 1299 quidem
1133 1261 1260 1290 uoces
1282 1251 1504 1291 indecoras

84 1303 253 1352 edebat,
282 1303 402 1354 signa
420 1308 558 1344 tamen
581 1306 807 1355 quaedam,
837 1306 944 1346 sicut
963 1306 1147 1355 uidistis,
1172 1307 1407 1348 existebant
1426 1308 1505 1347 uir-

82 1359 182 1400 tutis
200 1365 241 1400 et
263 1360 474 1411 corporis,
499 1362 551 1401 de
574 1363 850 1411 possessione
871 1363 1048 1403 hominis
1072 1365 1386 1414 pugnantium'.

12 1450 15 1451 γ
169 1418 272 1457 Tum
297 1429 320 1457 e
341 1418 620 1458 sectatoribus
646 1420 798 1459 Tauri
820 1420 1002 1468 iuuenis,
1039 1421 1078 1460 in
1111 1421 1341 1471 disciplinis
1372 1423 1504 1472 philo·
1521 1430 1544 1464 4

28 1472 29 1481 ³
83 1473 258 1525 sophiae
279 1486 364 1514 non
383 1475 582 1525 ignauus:
628 1476 689 1516 ‘si
711 1480 864 1526 tanta',
903 1477 1056 1527 inquit,
1098 1478 1273 1518 ‘doloris
1297 1479 1502 1519 acerbitas

11 1536 23 1583 j
83 1537 168 1579 est,
207 1536 254 1571 ut
283 1536 428 1572 contra
454 1533 709 1572 uoluntatem
738 1540 967 1584 contraque
990 1534 1185 1574 iudicium
1207 1535 1330 1574 animi
1351 1536 1503 1576 nitatur

15 1632 18 1634 ,
82 1588 339 1638 inuitumque
351 1588 562 1628 hominem
579 1595 703 1639 cogat
720 1591 772 1629 ad
792 1592 1042 1640 gemendum
1061 1592 1431 1642 confitendumque
1450 1594 1502 1632 de

15 1647 26 1671 -’
82 1646 189 1685 malo
211 1644 346 1685 morbi
373 1645 618 1693 saeuientis,
653 1657 727 1685 cur
747 1648 868 1687 dolor
890 1653 990 1698 aput
1016 1648 1230 1688 Stoicos
1255 1649 1499 1689 indifferens

87 1713 183 1742 esse
204 1701 373 1749 dicitur,
399 1713 484 1742 non
511 1703 690 1742 malum?
713 1714 786 1742 cur
809 1704 960 1743 deinde
986 1710 1056 1743 aut
1078 1705 1237 1745 stoicus
1256 1705 1381 1745 homo
1408 1705 1501 1755 cogi

19 1756 45 1796 {2
81 1757 236 1809 aliquid
258 1763 399 1808 potest
419 1764 490 1798 aut
513 1759 635 1799 dolor
653 1771 817 1809 cogere,
838 1771 930 1800 cum
945 1766 985 1800 et
998 1761 1186 1800 dolorem
1208 1761 1381 1802 Stoici
1403 1762 1500 1801 nihil

82 1825 236 1865 cogere
257 1820 299 1854 et
315 1815 546 1865 sapientem
562 1816 659 1854 nihil
681 1817 774 1866 cogi
800 1829 931 1867 posse
957 1818 1147 1857 dicant?’

0 1866 30 1931 ᾖ
161 1871 231 1911 Ad
252 1882 301 1911 ea
323 1872 516 1912 Taurus
541 1874 660 1912 uultu
682 1873 761 1912 iam
783 1874 1090 1924 propemodum
1112 1875 1296 1924 laetiore,
1321 1877 1498 1918 delecta·
1513 1892 1535 1925 5

0 1939 33 1976 ij,
82 1933 148 1968 tus
170 1927 278 1968 enim
299 1928 520 1968 uidebatur
540 1929 750 1969 inlecebra
781 1930 1060 1980 quaestionis:
1108 1936 1120 1954 <
1135 1932 1170 1971 si
1191 1932 1271 1971 iam
1297 1933 1454 1974 amicus
1467 1938 1496 1983 ',

0 1986 1 2019 l
23 1994 29 1995 ⁷
79 1983 234 2035 inquit,
261 1984 352 2024 ‘hic
374 1990 519 2025 noster
539 1986 685 2027 melius
707 1989 885 2035 ualeret,
918 1987 1096 2038 gemitus
1120 1988 1326 2030 eiusmodi
1354 2001 1496 2031 neces-

0 2036 3 2126 .
82 2040 217 2081 sarios
237 2052 263 2080 a
289 2042 523 2092 calumpnia
551 2043 809 2084 defendisset
836 2050 876 2083 et
896 2045 1023 2092 hanc,
1065 2046 1234 2095 opinor,
1277 2047 1348 2086 tibi
1373 2059 1495 2097 quae-

83 2096 260 2137 stionem
281 2097 570 2147 dissoluisset;
606 2112 672 2140 me
702 2108 838 2140 autem
874 2101 958 2141 scis
991 2113 1085 2141 cum
1107 2102 1258 2142 Stoicis
1282 2115 1364 2143 non
1388 2105 1495 2144 bene

83 2153 326 2203 conuenire,
348 2156 416 2194 uel
439 2167 533 2195 cum
561 2156 702 2197 Stoica
726 2158 880 2207 potius.
913 2159 987 2198 Est
1004 2158 1111 2198 enim
1133 2161 1335 2209 pleraque
1356 2166 1396 2200 et
1417 2161 1495 2201 sibi

11 2244 12 2249 ,
82 2214 124 2248 et
141 2210 263 2251 nobis
287 2210 591 2261 incongruens,
624 2213 731 2253 sicut
759 2215 882 2262 libro,
922 2227 1045 2265 quem
1071 2227 1198 2265 supra
1225 2216 1293 2255 illa
1314 2229 1360 2257 re
1384 2229 1493 2258 com-

18 2268 42 2306 :il
80 2265 318 2315 posuimus,
352 2268 600 2308 declaratur.
663 2270 747 2310 Sed
810 2276 854 2310 ut
877 2271 949 2310 tibi
972 2284 994 2311 a
1017 2283 1081 2311 me
1104 2284 1195 2312 mos
1218 2280 1404 2323 geratur,
1438 2275 1529 2317 di·6

42 2467 58 2492 μ
