1619 2476
103 350 124 384 3

102 463 125 496 4

139 59 223 101 200
684 58 753 95 VI.
777 56 901 104 (VII.)
917 66 975 94 xl.

140 172 335 213 uilitatem
354 175 394 209 et
415 170 641 217 ‘nequam'
664 167 873 207 hominem
894 165 1016 214 nihili,
1040 169 1206 215 [neque]
1226 163 1286 204 rei
1303 175 1440 214 neque
1459 166 1532 204 fru-

141 228 204 279 gis
221 228 370 273 bonae,
395 225 509 274 quod
525 231 657 274 genus
678 223 822 263 Graeci
839 224 924 262 sere
942 215 1150 262 (ἄσωτον
1167 221 1234 261 1161
1252 213 1533 274 (ἀκόλαστοψ

142 285 293 324 dicunt.

221 338 296 388 Qui
326 338 516 387 exempla
544 336 692 376 horum
722 336 947 375 uerborum
975 333 1164 383 requirit,
1196 344 1248 372 ne
1276 332 1316 372 in
1346 331 1459 371 libris
1481 331 1538 371 ni-

143 396 266 435 mium
296 392 466 433 remotis
496 397 686 442 quaerat,
716 390 898 431 inueniet
925 401 975 430 ea
993 390 1034 429 in
1054 391 1108 429 Μ.
1131 388 1287 429 Tullii
1309 388 1539 428 secunda

139 456 268 493 Anto
283 450 398 489 nian
410 460 562 488 arum.
599 449 699 487 Nam
717 459 810 487 curn
830 458 961 496 genus
980 446 1191 496 quoddam
1208 443 1539 485 sordidissimum

141 509 250 547 uitae
272 512 397 556 atque
417 504 552 544 uictus
574 505 627 543 M.
651 503 806 543 Antoni
831 504 1190 542 demonstraturus
1211 506 1336 549 esset,
1362 500 1476 550 quod
1497 498 1538 538 in

144 574 333 614 caupona
362 560 631 607 delitisceret,
670 560 782 609 quod
804 560 856 598 ad
878 569 1103 608 uesperum
1124 561 1384 608 perpotaret‚
1425 556 1539 605 quod

143 632 215 660 ore
240 619 425 658 inuoluto
454 617 530 657 iter
553 618 706 656 faceret
733 627 784 655 ne
808 619 1151 665 cognosceretur,
1174 614 1277 652 haec
1308 617 1348 652 et
1376 611 1538 661 aliaque

143 673 444 716 eiusdemmodi
474 685 566 712 cum
594 673 633 711 in
663 684 757 712 eum
786 671 970 711 dicturus
1001 675 1131 710 esset:
1167 669 1361 716 uidete,
1393 667 1536 717 inquit,

142 731 359 772 hominis
383 729 667 776 leuitatem,
699 733 910 778 tamquam
931 738 1106 777 prorsus
1128 725 1208 766 ista
1230 725 1439 764 dedecora
1459 725 1539 764 hoc

105 802 125 835 5
141 788 240 828 uitio
262 787 301 826 in
323 786 489 826 homine
509 790 763 825 notarentur.
824 786 879 822 At
899 788 1059 832 postea,
1083 794 1176 822 cum
1196 781 1237 821 in
1262 781 1439 821 eundem
1456 782 1539 819 An-

105 1025 126 1060 6

107 2088 127 2123 7

142 844 300 884 tonium
317 843 472 892 probra
498 842 702 891 quaedam
724 840 801 880 alia
822 839 1048 879 ludibriosa
1068 844 1108 878 et
1127 837 1263 889 turpia
1279 835 1539 886 ingessisset,

144 902 196 940 ad
220 904 448 939 extremum
477 899 558 937 hoc
586 897 761 937 addidit:
800 897 830 936 O
854 895 1103 935 hominem
1131 894 1371 944 nequam!
1411 891 1538 931 nihil

144 957 271 996 enim
291 954 450 1004 magis
471 954 683 1004 proprie
709 964 921 1003 possum
943 951 1126 990 dicere.

226 1012 309 1051 Sed
339 1022 390 1050 ex
421 1022 470 1050 eo
501 1012 593 1050 loco
616 1011 669 1049 Μ.
692 1008 842 1048 Τ111111
869 1008 998 1047 uerba
1020 1007 1304 1057 compluscula
1333 1004 1446 1044 libuit
1467 1015 1539 1054 po-

144 1079 262 1108 nere:
294 1070 356 1107 At
377 1067 550 1106 uidete
572 1065 841 1105 leuitatem
871 1063 1116 1104 hominis!
1159 1064 1272 1103 Cum
1290 1062 1420 1101 hora
1441 1059 1541 1099 diei

145 1125 343 1164 decima
370 1124 475 1162 sere
511 1123 569 1161 ad
601 1122 730 1162 Saxa
756 1122 928 1160 Rubra
960 1119 1211 1167 uenisset,
1250 1116 1458 1157 delituit
1492 1116 1539 1156 in

147 1182 359 1231 quadam
391 1179 680 1229 cauponula
707 1182 859 1226 atque
887 1176 956 1215 ibi
978 1188 1031 1216 se
1062 1177 1331 1215 occultans
1354 1183 1539 1223 perpo-

144 1237 273 1276 tauit
300 1237 361 1275 ad
390 1246 685 1285 uesperum;
716 1234 833 1273 inde
865 1232 992 1272 cisio
1017 1231 1258 1271 celeriter
1282 1231 1343 1269 ad
1364 1229 1539 1269 urbem

146 1295 417 1339 aduectus,
448 1292 644 1331 domum
665 1290 804 1329 uenit
825 1300 908 1329 ore
935 1289 1184 1327 inuoluto.
1245 1285 1441 1325 Ianitor
1462 1296 1539 1324 ro-

146 1355 245 1399 gat:
272 1348 419 1397 <Quis
445 1349 541 1386 tu?'
588 1349 647 1385 eA
668 1347 834 1384 Marco
868 1343 1213 1383 tabellarius’.
1262 1341 1539 1381 Confestim

147 1405 205 1444 ad
229 1415 350 1451 eam,
376 1403 519 1442 cuius
543 1412 698 1441 causa
714 1405 946 1447 uenerat,
970 1398 1246 1438 deducitur
1265 1397 1411 1446 eique
1435 1397 1539 1447 epi-

147 1462 332 1501 stulam
366 1458 540 1499 tradit.
604 1458 753 1507 Quam
787 1457 877 1495 illa
916 1467 1022 1494 cum
1058 1457 1259 1504 legeret
1293 1455 1447 1501 flens,
1483 1475 1541 1481 —-

146 1522 256 1556 erat
277 1516 404 1555 enim
423 1515 616 1564 scripta
638 1512 903 1559 amatorie,
927 1516 1255 1561 caputautem
1273 1509 1539 1549 literarum

145 1575 242 1613 hoc
282 1577 406 1611 erat:
455 1571 552 1611 sibi
589 1582 693 1610 cum
725 1570 816 1608 illa
845 1568 989 1607 mima
1016 1568 1234 1618 posthac
1259 1565 1384 1606 nihil
1406 1566 1539 1604 sutu-

145 1641 266 1677 rum,
292 1639 481 1668 omnem
503 1639 556 1667 se
573 1637 793 1666 amorem
809 1624 1063 1664 abiecisse
1085 1623 1161 1662 illi
1182 1621 1397 1673 atquein
1414 1622 1540 1660 hanc

144 1684 496 1725 transfudisse
516 1708 573 1712 —
602 1695 708 1723 cum
731 1681 911 1721 mulier
933 1682 1092 1719 fleret
1112 1679 1349 1726 uberius,
1387 1678 1538 1717 homo

145 1742 446 1781 misericors
485 1742 620 1780 ferre
657 1751 756 1779 non
792 1736 981 1788 potuit:
1031 1740 1184 1785 caput
1218 1733 1442 1785 aperuit,
1490 1733 1539 1772 in

146 1799 337 1838 collum
358 1797 566 1837 inuasit.
611 1797 640 1836 Ο
664 1794 914 1834 hominem
935 1792 1173 1842 nequam!
1193 1814 1250 1818 ——
1268 1790 1393 1829 nihil
1411 1788 1539 1829 e-nim

145 1855 298 1904 magis
327 1853 546 1904 proprie
572 1862 785 1902 possum
816 1850 1007 1889 dicere:
1041 1860 1161 1898 ergo
1191 1852 1311 1886 utte
1335 1845 1538 1885 catami-

143 1917 243 1950 tum
273 1921 368 1949 nec
397 1909 611 1959 opinato
641 1919 751 1947 cum
775 1905 1133 1952 ostendisses,
1165 1908 1375 1954 praeter
1400 1913 1539 1952 spem

144 1967 327 2006 mulier
357 1965 641 2015 aspiceret,
674 1963 872 2002 idcirco
900 1962 1069 2001 urbem
1090 1965 1301 1999 terrore
1332 1963 1539 1998 noctur-

145 2035 225 2070 no,
249 2022 449 2062 ltaliam
470 2023 746 2062 multorum
769 2019 960 2058 dierum
980 2022 1112 2056 metu
1130 2014 1483 2066 perturbasti?

228 2078 500 2119 Consimiliter
517 2079 562 2127 Q.
583 2087 751 2127 quoque
770 2073 1013 2115 Claudius
1033 2073 1073 2112 in
1092 2072 1254 2122 primo
1277 2070 1539 2110 annalium

147 2135 414 2184 ‘nequitiam'
439 2133 661 2184 appellauit
684 2134 823 2171 luxum
845 2130 952 2170 uitae
975 2128 1193 2179 prodigum
1217 2127 1479 2176 effusumque
1498 2125 1538 2163 in

144 2191 260 2231 hisce
295 2191 455 2230 uerbis:
487 2187 834 2229 persuadenti
868 2185 1064 2225 cuidam
1090 2183 1423 2223 adulescenti
1447 2183 1539 2220 Lu-

147 2257 295 2293 cano,
346 2246 427 2295 qui
463 2245 691 2295 adprime
731 2253 919 2282 summo
956 2251 1146 2290 genere
1179 2244 1366 2289 gnatus
1406 2241 1538 2284 erat,
