1619 2476
152 54 208 95 50
389 81 393 87 «
774 53 803 91 1.
822 63 931 92 v1111.

154 180 232 208 nus
259 166 478 218 quisquam
507 166 651 214 tacuit,
685 175 808 216 quam
831 165 1054 205 biennium.
1102 164 1152 205 Hi
1156 176 1355 231 prorsus
1376 168 1557 218 appella-

121 224 607 273 5bantulint1atempus
625 221 790 262 tacendi
806 221 1129 271 audiendlque
1142 215 1442 263 ἀκουστικοί’.
1476 226 1556 263 Ast

151 281 221 321 ubi
239 292 307 321 res
327 279 483 319 didicei
486 284 555 319 ant
571 291 637 318 rei
642 291 709 318 um
727 278 908 319 omnium
927 277 1211 327 difficillimas,
1237 283 1378 320 tacere
1396 279 1556 320 audire-

153 350 255 388 que,
284 342 408 386 atque
436 347 532 376 esse
557 336 636 375 iam
655 339 881 386 coeperant
897 335 1059 375 silentio
1088 335 1258 383 eruditi,
1288 336 1353 376 cui
1380 341 1468 376 erat
1485 347 1556 376 no-

152 406 245 434 men
273 398 284 416 ‘
300 391 515 445 ἐχεμυθία
529 396 556 441 ’,
587 398 673 432 tum
699 392 830 432 uerba
848 392 985 432 facere
1002 396 1041 431 et
1060 403 1262 442 quaerere
1279 404 1471 442 quaeque
1488 404 1557 432 au-

153 452 313 491 dissent
329 450 512 490 scribere
529 454 569 488 et
586 461 692 499 quae
709 449 789 499 ipsi
815 448 1087 498 opinarentur
1102 459 1351 499 expromere
1367 453 1556 500 potestas
1616 459 1618 462 ·

120 512 253 548 serat.
309 507 359 546 Hi
386 506 630 546 dicebantur
656 506 695 544 in
724 517 774 545 eo
802 510 991 555 tempore
1020 505 1385 557 (μαθηματικοίζ
1419 507 1470 545 ab
1493 505 1557 545 his

152 564 308 605 scilicet
335 563 510 610 artibus,
544 574 647 612 quas
673 563 752 601 iam
780 562 941 601 discere
969 567 1093 612 atque
1118 561 1306 602 meditari
1321 562 1558 613 inceptaue-

149 626 259 661 rant:
283 620 476 670 quoniam
492 619 761 668 geometriam
780 623 820 658 et
835 619 1139 668 gnomonicam,
1162 618 1363 659 musicam
1380 623 1558 659 ceteras·
1602 634 1605 635 ⁷

152 689 232 729 que
249 677 345 716 item
363 676 601 726 disciplinas
621 676 787 715 altiores
816 679 826 696 ‘
841 671 1083 727 μαθήματα
1096 677 1109 696 ’
1139 680 1306 716 ueteres
1326 675 1472 715 Graeci
1488 686 1557 725 ap—

149 734 379 786 pellabant;
426 734 576 782 uulgus
609 737 767 779 autem,
802 743 908 782 quos
940 731 1150 781 gentilicio
1174 732 1382 772 uocabulo
1415 732 1557 772 ‘Chal-

116 793 304 833 7daeos'
342 790 480 829 dicere
512 794 697 839 oportet,
733 788 1098 829 ‘mathematicos’
1132 787 1241 828 dicit.
1299 788 1462 828 Exinde
1493 787 1557 828 his

150 847 347 888 scientiae
373 845 520 886 studiis
547 845 680 885 ornati
703 846 754 884 ad
772 845 1065 895 perspicienda
1083 845 1224 885 mundi
1245 856 1375 896 opera
1391 849 1432 885 et
1448 845 1557 896 prin-

151 904 257 955 cipia
286 908 457 943 naturae
493 903 801 953 procedebant,
835 913 883 941 ac
907 907 1005 941 tunc
1034 902 1213 951 denique
1239 902 1559 942 nominabantur

151 964 162 984 ³
179 960 368 1013 φυσικοί
376 963 403 998 ’.

114 1026 138 1062 8
231 1018 344 1056 Haec
376 1017 520 1055 cadem
553 1027 681 1066 super
711 1016 1022 1065 Pythagora
1052 1020 1197 1055 noster
1227 1016 1429 1056 Taurus
1463 1026 1556 1056 cum

151 1074 345 1114 dixisset:
366 1076 500 1112 nunc
518 1076 690 1120 autem'‚
709 1071 857 1121 inquit,
891 1074 902 1093 ‘
917 1071 984 1111 isti
1001 1071 1100 1122 ,qui
1116 1076 1289 1122 repente
1304 1072 1509 1123 pedibus
1499 1084 1557 1112 ln-

149 1131 243 1171 lotis
261 1131 313 1170 ad
329 1129 605 1180 philosophos
625 1129 865 1177 deuer-tunt‚
893 1140 976 1168 non
995 1133 1059 1168 est
1078 1129 1158 1168 hoc
1178 1128 1300 1177 satis,
1329 1129 1444 1179 quod
1460 1133 1558 1169 sunt

153 1187 318 1228 omnino
352 1181 629 1237 ἀθεώρητοι,
669 1179 885 1237 ἄμουσοι,
918 1179 1273 1237 ἀγεωμεᾙτρητοι
1305 1186 1383 1225 sed
1417 1187 1553 1236 legem

114 1245 268 1287 setiam
286 1244 406 1290 dant,
426 1254 507 1292 qua
524 1242 811 1292 philosophari
825 1242 1000 1281 discant.
1032 1241 1151 1282 Alius
1169 1242 1243 1282 ait:
1264 1245 1276 1264 θ
1289 1242 1372 1282 hoc
1388 1253 1454 1282 me
1471 1242 1552 1293 pri-

150 1313 260 1340 mum
277 1301 421 1347 doce’,
446 1300 543 1338 item
570 1298 694 1338 alius:
730 1299 834 1338 ‘hoc
856 1299 953 1338 uolo
968 1302 994 1346 ⁹,
1027 1298 1178 1348 inquit,
1214 1297 1426 1348 ‘discere‚
1443 1298 1554 1338 istud
1595 1298 1600 1303 '

149 1359 296 1404 nolo';
314 1357 379 1395 hic
400 1367 422 1394 a
446 1367 553 1405 sym
566 1367 590 1405 p
606 1355 719 1395 osio
746 1356 929 1394 Platon
945 1355 987 1394 is
1017 1355 1202 1405 incipere
1233 1354 1358 1405 gestit
1383 1360 1558 1406 propter

148 1413 388 1453 Alcibiadae
419 1412 751 1459 comisationem,
786 1412 908 1452 illesa
931 1412 1172 1451 Phaedro
1200 1415 1375 1462 propte-r
1404 1411 1556 1463 Lysiae

93 1480 138 1514 10
150 1471 392 1510 orationem.
420 1470 494 1508 Est
514 1468 666 1516 etiam'‚
686 1468 836 1518 inquit,
860 1471 953 1518 ‘pro
972 1468 1176 1519 Iuppiter!
1197 1467 1266 1518 qui
1281 1468 1330 1508 Pl
1344 1473 1467 1508 aton
1482 1479 1556 1507 em

149 1529 288 1577 legere
322 1527 505 1576 postulet
541 1536 624 1564 non
648 1525 757 1564 uitae
784 1525 1016 1572 ornandae,
1045 1525 1121 1565 sed
1145 1524 1311 1574 linguae
1339 1524 1555 1565 orationis-

151 1595 230 1633 que
253 1583 482 1622 comendae
498 1582 648 1631 graffia,
678 1593 755 1621 nec
772 1586 816 1621 ut
834 1582 1065 1621 modestior
1082 1581 1171 1629 siat,
1192 1582 1268 1621 sed
1285 1585 1330 1620 ut
1345 1580 1553 1631 lepidior.’

94 1649 135 1683 11
147 1641 261 1679 Haec
278 1640 477 1678 Taurus
497 1638 636 1677 dicere
656 1639 818 1686 solitus,
838 1638 1029 1678 nouicios
1056 1637 1404 1688 philosophorum
1423 1642 1554 1677 secta·
1592 1644 1593 1648 ’
1615 1646 1619 1653 ’

147 1702 262 1736 tores
282 1707 374 1736 cum
399 1695 611 1735 ueteribus
628 1695 657 1733 P
671 1696 762 1745 yth
773 1706 864 1744 ago
878 1694 1006 1734 ricis
1031 1694 1260 1745 pensitans.

95 1762 137 1796 12
234 1752 318 1792 Sed
333 1752 374 1791 id
392 1763 561 1801 quoque
579 1763 662 1791 non
679 1753 1030 1801 praetereundum
1047 1756 1132 1798 est,
1166 1751 1280 1800 quod
1301 1761 1470 1798 omnes,
1503 1751 1555 1790 si-

149 1811 232 1849 mul
257 1813 381 1859 atque
411 1820 434 1847 a
463 1809 765 1859 Pythagora
796 1809 835 1847 in
863 1809 1078 1848 cohortem
1108 1807 1218 1846 illam
1242 1805 1554 1856 disciplinarum

149 1865 306 1915 recepti
333 1869 469 1912 erant,
497 1865 611 1914 quod
640 1864 817 1914 quisque
845 1864 1020 1904 familiae
1050 1863 1337 1915 pecuniaeque
1361 1863 1552 1911 habebat,
1606 1892 1612 1903 ,

147 1922 188 1960 in
206 1921 386 1961 medium
408 1921 532 1960 dabat
548 1926 588 1960 et
605 1922 793 1961 coibatur
812 1921 992 1961 societas
1011 1919 1321 1970 inseparabilis,
1339 1922 1553 1970 tamquam
1613 1940 1619 1977 Ι

148 1977 234 2018 illut
251 1977 324 2017 fuit
341 1977 521 2017 anticum
539 1978 814 2026 consoitium,
840 1977 978 2027 quod
970 1988 1057 2017 1u1e
1073 1981 1198 2027 atque
1213 1976 1345 2017 uerbo
1362 1976 1574 2047 Romano?
1599 1988 1617 2027 ι

148 2035 474 2084 appellabatur
488 2039 602 2074 ercto
627 2046 710 2075 non
740 2034 860 2074 cito'.
