<?xml version="1.0" encoding="UTF-8"?>
<!DOCTYPE html PUBLIC "-//W3C//DTD XHTML 1.0 Transitional//EN"
    "http://www.w3.org/TR/xhtml1/DTD/xhtml1-transitional.dtd">
<html xmlns="http://www.w3.org/1999/xhtml" xml:lang="en" lang="en">
 <head>
  <title>
</title>
<meta http-equiv="Content-Type" content="text/html;charset=utf-8" />
  <meta name='ocr-system' content='tesseract 3.04.00' />
  <meta name='ocr-capabilities' content='ocr_page ocr_carea ocr_par ocr_line ocrx_word'/>
</head>
<body>
  <div class='ocr_page' id='page_1' title='image "./agelliinoctivmat00gelluoft_0212.png"; bbox 0 0 1619 2476; ppageno 0'>
   <div class='ocr_carea' id='block_1_1' title="bbox 146 35 997 118">
    <p class='ocr_par' dir='ltr' id='par_1_1' title="bbox 146 35 997 118">
     <span class='ocr_line' id='line_1_1' title="bbox 146 35 997 118; baseline -0.004 -5"><span class='ocrx_word' id='word_1_1' title='bbox 146 72 228 113; x_wconf 86' lang='lat'>190</span> <span class='ocrx_word' id='word_1_2' title='bbox 671 35 754 109; x_wconf 59' lang='lat' dir='ltr'>¹VI.</span> <span class='ocrx_word' id='word_1_3' title='bbox 782 72 906 118; x_wconf 86' lang='lat' dir='ltr'>(VII.)</span> <span class='ocrx_word' id='word_1_4' title='bbox 937 81 997 110; x_wconf 88' lang='lat'>111.</span> 
     </span>
    </p>
   </div>
   <div class='ocr_carea' id='block_1_2' title="bbox 82 182 1589 2199">
    <p class='ocr_par' dir='ltr' id='par_1_2' title="bbox 86 182 1545 289">
     <span class='ocr_line' id='line_1_2' title="bbox 86 182 1544 233; baseline -0.002 -6"><span class='ocrx_word' id='word_1_5' title='bbox 86 188 205 228; x_wconf 79' lang='lat' dir='ltr'>29At</span> <span class='ocrx_word' id='word_1_6' title='bbox 239 184 334 224; x_wconf 92' lang='lat' dir='ltr'>hoc</span> <span class='ocrx_word' id='word_1_7' title='bbox 363 183 512 230; x_wconf 87' lang='lat' dir='ltr'>enim,</span> <span class='ocrx_word' id='word_1_8' title='bbox 543 182 695 233; x_wconf 86' lang='lat' dir='ltr'>inquit,</span> <span class='ocrx_word' id='word_1_9' title='bbox 726 184 885 231; x_wconf 83' lang='lat' dir='ltr'>plane</span> <span class='ocrx_word' id='word_1_10' title='bbox 914 183 1182 223; x_wconf 82' lang='lat' dir='ltr'>stultitiae</span> <span class='ocrx_word' id='word_1_11' title='bbox 1211 184 1413 232; x_wconf 91' lang='lat' dir='ltr'>plenum</span> <span class='ocrx_word' id='word_1_12' title='bbox 1446 190 1544 232; x_wconf 90' lang='lat' dir='ltr'>est,</span> 
     </span>
     <span class='ocr_line' id='line_1_3' title="bbox 145 238 1545 289; baseline 0 -9"><span class='ocrx_word' id='word_1_13' title='bbox 145 253 201 281; x_wconf 86' lang='lat' dir='ltr'>eo</span> <span class='ocrx_word' id='word_1_14' title='bbox 226 239 446 280; x_wconf 83' lang='lat' dir='ltr'>consilio</span> <span class='ocrx_word' id='word_1_15' title='bbox 472 244 624 289; x_wconf 88' lang='lat' dir='ltr'>atque</span> <span class='ocrx_word' id='word_1_16' title='bbox 649 250 706 278; x_wconf 89' lang='lat' dir='ltr'>ea</span> <span class='ocrx_word' id='word_1_17' title='bbox 732 238 823 278; x_wconf 84' lang='lat' dir='ltr'>fini</span> <span class='ocrx_word' id='word_1_18' title='bbox 852 240 1024 278; x_wconf 90' lang='lat' dir='ltr'>facere</span> <span class='ocrx_word' id='word_1_19' title='bbox 1048 240 1187 279; x_wconf 86' lang='lat' dir='ltr'>uelle</span> <span class='ocrx_word' id='word_1_20' title='bbox 1219 239 1436 289; x_wconf 87' lang='lat' dir='ltr'>aliquid,</span> <span class='ocrx_word' id='word_1_21' title='bbox 1470 241 1545 280; x_wconf 88' lang='lat' dir='ltr'>uti</span> 
     </span>
    </p>

    <p class='ocr_par' dir='ltr' id='par_1_3' title="bbox 86 295 1546 514">
     <span class='ocr_line' id='line_1_4' title="bbox 86 295 1544 345; baseline -0.001 -8"><span class='ocrx_word' id='word_1_22' title='bbox 86 305 412 345; x_wconf 86' lang='lat' dir='ltr'>30numquam</span> <span class='ocrx_word' id='word_1_23' title='bbox 433 295 484 334; x_wconf 93' lang='lat' dir='ltr'>id</span> <span class='ocrx_word' id='word_1_24' title='bbox 507 296 692 343; x_wconf 86' lang='lat' dir='ltr'>facias,</span> <span class='ocrx_word' id='word_1_25' title='bbox 726 296 868 345; x_wconf 90' lang='lat' dir='ltr'>quod</span> <span class='ocrx_word' id='word_1_26' title='bbox 899 295 1045 335; x_wconf 90' lang='lat' dir='ltr'>uelis.</span> <span class='ocrx_word' id='word_1_27' title='bbox 1108 295 1192 335; x_wconf 88' lang='lat' dir='ltr'>Sed</span> <span class='ocrx_word' id='word_1_28' title='bbox 1213 296 1406 336; x_wconf 88' lang='lat' dir='ltr'>uidelicet</span> <span class='ocrx_word' id='word_1_29' title='bbox 1428 297 1544 336; x_wconf 88' lang='lat' dir='ltr'>Tiro</span> 
     </span>
     <span class='ocr_line' id='line_1_5' title="bbox 143 351 1546 399; baseline 0.001 -8"><span class='ocrx_word' id='word_1_30' title='bbox 143 353 320 391; x_wconf 89' lang='lat' dir='ltr'>animum</span> <span class='ocrx_word' id='word_1_31' title='bbox 350 364 433 392; x_wconf 90' lang='lat' dir='ltr'>non</span> <span class='ocrx_word' id='word_1_32' title='bbox 467 352 662 399; x_wconf 86' lang='lat' dir='ltr'>aduertit,</span> <span class='ocrx_word' id='word_1_33' title='bbox 693 363 776 391; x_wconf 91' lang='lat' dir='ltr'>non</span> <span class='ocrx_word' id='word_1_34' title='bbox 803 363 898 392; x_wconf 90' lang='lat' dir='ltr'>esse</span> <span class='ocrx_word' id='word_1_35' title='bbox 918 351 957 391; x_wconf 91' lang='lat' dir='ltr'>in</span> <span class='ocrx_word' id='word_1_36' title='bbox 982 352 1173 392; x_wconf 87' lang='lat' dir='ltr'>omnibus</span> <span class='ocrx_word' id='word_1_37' title='bbox 1198 353 1322 392; x_wconf 86' lang='lat' dir='ltr'>rebus</span> <span class='ocrx_word' id='word_1_38' title='bbox 1347 353 1546 392; x_wconf 87' lang='lat' dir='ltr'>cauendis</span> 
     </span>
     <span class='ocr_line' id='line_1_6' title="bbox 143 407 1546 458; baseline 0 -10"><span class='ocrx_word' id='word_1_39' title='bbox 143 409 316 448; x_wconf 86' lang='lat' dir='ltr'>eandem</span> <span class='ocrx_word' id='word_1_40' title='bbox 336 419 515 455; x_wconf 89' lang='lat' dir='ltr'>causam,</span> <span class='ocrx_word' id='word_1_41' title='bbox 548 419 684 458; x_wconf 86' lang='lat' dir='ltr'>neque</span> <span class='ocrx_word' id='word_1_42' title='bbox 700 408 904 447; x_wconf 77' lang='lat' dir='ltr'>humanae</span> <span class='ocrx_word' id='word_1_43' title='bbox 925 407 1035 447; x_wconf 91' lang='lat' dir='ltr'>uitae</span> <span class='ocrx_word' id='word_1_44' title='bbox 1059 407 1225 458; x_wconf 85' lang='lat' dir='ltr'>negotia</span> <span class='ocrx_word' id='word_1_45' title='bbox 1242 414 1282 448; x_wconf 86' lang='lat' dir='ltr'>et</span> <span class='ocrx_word' id='word_1_46' title='bbox 1303 409 1488 449; x_wconf 83' lang='lat' dir='ltr'>actiones</span> <span class='ocrx_word' id='word_1_47' title='bbox 1506 414 1546 448; x_wconf 86' lang='lat' dir='ltr'>et</span> 
     </span>
     <span class='ocr_line' id='line_1_7' title="bbox 143 464 1546 514; baseline 0 -10"><span class='ocrx_word' id='word_1_48' title='bbox 143 465 279 505; x_wconf 83' lang='lat' dir='ltr'>officia</span> <span class='ocrx_word' id='word_1_49' title='bbox 299 466 366 504; x_wconf 88' lang='lat' dir='ltr'>uel</span> <span class='ocrx_word' id='word_1_50' title='bbox 389 464 620 514; x_wconf 84' lang='lat' dir='ltr'>occupandi</span> <span class='ocrx_word' id='word_1_51' title='bbox 641 466 708 504; x_wconf 88' lang='lat' dir='ltr'>uel</span> <span class='ocrx_word' id='word_1_52' title='bbox 732 470 756 512; x_wconf 55' lang='grc' dir='ltr'>ἢ·</span> <span class='ocrx_word' id='word_1_53' title='bbox 785 464 998 504; x_wconf 83' lang='lat' dir='ltr'>deferendi</span> <span class='ocrx_word' id='word_1_54' title='bbox 1030 466 1097 504; x_wconf 89' lang='lat' dir='ltr'>uel</span> <span class='ocrx_word' id='word_1_55' title='bbox 1125 465 1355 504; x_wconf 89' lang='lat' dir='ltr'>ulciscendi</span> <span class='ocrx_word' id='word_1_56' title='bbox 1384 467 1451 505; x_wconf 91' lang='lat' dir='ltr'>uel</span> <span class='ocrx_word' id='word_1_57' title='bbox 1483 476 1546 504; x_wconf 89' lang='lat' dir='ltr'>ca-</span> 
     </span>
    </p>

    <p class='ocr_par' dir='ltr' id='par_1_4' title="bbox 84 520 1544 683">
     <span class='ocr_line' id='line_1_8' title="bbox 84 520 1544 571; baseline -0.003 -8"><span class='ocrx_word' id='word_1_58' title='bbox 84 530 127 564; x_wconf 78' lang='grc'>31</span> <span class='ocrx_word' id='word_1_59' title='bbox 140 520 265 560; x_wconf 86' lang='lat' dir='ltr'>uendi</span> <span class='ocrx_word' id='word_1_60' title='bbox 290 521 435 560; x_wconf 78' lang='lat' dir='ltr'>similia</span> <span class='ocrx_word' id='word_1_61' title='bbox 456 532 551 560; x_wconf 87' lang='lat' dir='ltr'>esse</span> <span class='ocrx_word' id='word_1_62' title='bbox 573 532 758 570; x_wconf 89' lang='lat' dir='ltr'>pugnae,</span> <span class='ocrx_word' id='word_1_63' title='bbox 789 526 830 560; x_wconf 88' lang='lat' dir='ltr'>et</span> <span class='ocrx_word' id='word_1_64' title='bbox 849 521 1130 570; x_wconf 85' lang='lat' dir='ltr'>gladiatoriae.</span> <span class='ocrx_word' id='word_1_65' title='bbox 1190 522 1290 560; x_wconf 82' lang='lat' dir='ltr'>Nam</span> <span class='ocrx_word' id='word_1_66' title='bbox 1315 521 1544 571; x_wconf 80' lang='lat' dir='ltr'>gladiatori,</span> 
     </span>
     <span class='ocr_line' id='line_1_9' title="bbox 143 577 1542 627; baseline -0.001 -10"><span class='ocrx_word' id='word_1_67' title='bbox 143 577 376 627; x_wconf 88' lang='lat' dir='ltr'>composito</span> <span class='ocrx_word' id='word_1_68' title='bbox 398 580 450 618; x_wconf 86' lang='lat' dir='ltr'>ad</span> <span class='ocrx_word' id='word_1_69' title='bbox 472 578 761 627; x_wconf 86' lang='lat' dir='ltr'>pugnandum,</span> <span class='ocrx_word' id='word_1_70' title='bbox 795 588 961 626; x_wconf 82' lang='lat' dir='ltr'>pugnae</span> <span class='ocrx_word' id='word_1_71' title='bbox 978 577 1080 617; x_wconf 89' lang='lat' dir='ltr'>haec</span> <span class='ocrx_word' id='word_1_72' title='bbox 1104 577 1322 627; x_wconf 86' lang='lat' dir='ltr'>proposita</span> <span class='ocrx_word' id='word_1_73' title='bbox 1343 589 1437 618; x_wconf 90' lang='lat' dir='ltr'>sors</span> <span class='ocrx_word' id='word_1_74' title='bbox 1466 585 1542 625; x_wconf 91' lang='lat' dir='ltr'>est,</span> 
     </span>
     <span class='ocr_line' id='line_1_10' title="bbox 142 632 1543 683; baseline 0 -11"><span class='ocrx_word' id='word_1_75' title='bbox 142 640 212 673; x_wconf 86' lang='lat' dir='ltr'>aut</span> <span class='ocrx_word' id='word_1_76' title='bbox 234 633 447 681; x_wconf 88' lang='lat' dir='ltr'>occidere,</span> <span class='ocrx_word' id='word_1_77' title='bbox 475 632 510 672; x_wconf 88' lang='lat' dir='ltr'>si</span> <span class='ocrx_word' id='word_1_78' title='bbox 539 634 827 683; x_wconf 86' lang='lat' dir='ltr'>occupauerit,</span> <span class='ocrx_word' id='word_1_79' title='bbox 855 639 923 672; x_wconf 86' lang='lat' dir='ltr'>aut</span> <span class='ocrx_word' id='word_1_80' title='bbox 947 634 1216 681; x_wconf 90' lang='lat' dir='ltr'>occumbere,</span> <span class='ocrx_word' id='word_1_81' title='bbox 1240 634 1274 673; x_wconf 93' lang='lat' dir='ltr'>si</span> <span class='ocrx_word' id='word_1_82' title='bbox 1301 633 1543 673; x_wconf 87' lang='lat' dir='ltr'>cessauerit.</span> 
     </span>
    </p>

    <p class='ocr_par' dir='ltr' id='par_1_5' title="bbox 84 689 1543 795">
     <span class='ocr_line' id='line_1_11' title="bbox 84 689 1542 739; baseline 0 -10"><span class='ocrx_word' id='word_1_83' title='bbox 84 698 128 733; x_wconf 79' lang='lat'>32</span> <span class='ocrx_word' id='word_1_84' title='bbox 141 690 362 730; x_wconf 86' lang='lat' dir='ltr'>Hominum</span> <span class='ocrx_word' id='word_1_85' title='bbox 381 695 517 729; x_wconf 88' lang='lat' dir='ltr'>autem</span> <span class='ocrx_word' id='word_1_86' title='bbox 540 689 623 728; x_wconf 87' lang='lat' dir='ltr'>uita</span> <span class='ocrx_word' id='word_1_87' title='bbox 653 702 734 729; x_wconf 89' lang='lat' dir='ltr'>non</span> <span class='ocrx_word' id='word_1_88' title='bbox 759 694 843 729; x_wconf 90' lang='lat' dir='ltr'>tam</span> <span class='ocrx_word' id='word_1_89' title='bbox 866 689 1037 739; x_wconf 87' lang='lat' dir='ltr'>iniquis,</span> <span class='ocrx_word' id='word_1_90' title='bbox 1070 701 1207 739; x_wconf 90' lang='lat' dir='ltr'>neque</span> <span class='ocrx_word' id='word_1_91' title='bbox 1229 695 1312 729; x_wconf 89' lang='lat' dir='ltr'>tam</span> <span class='ocrx_word' id='word_1_92' title='bbox 1333 689 1542 730; x_wconf 85' lang='lat' dir='ltr'>indomitis</span> 
     </span>
     <span class='ocr_line' id='line_1_12' title="bbox 142 746 1543 795; baseline -0.001 -9"><span class='ocrx_word' id='word_1_93' title='bbox 142 746 461 786; x_wconf 87' lang='lat' dir='ltr'>necessitatibus</span> <span class='ocrx_word' id='word_1_94' title='bbox 489 746 727 795; x_wconf 85' lang='lat' dir='ltr'>conscripta</span> <span class='ocrx_word' id='word_1_95' title='bbox 756 751 839 793; x_wconf 89' lang='lat' dir='ltr'>est,</span> <span class='ocrx_word' id='word_1_96' title='bbox 870 751 914 785; x_wconf 89' lang='lat' dir='ltr'>ut</span> <span class='ocrx_word' id='word_1_97' title='bbox 946 746 1102 786; x_wconf 87' lang='lat' dir='ltr'>idcirco</span> <span class='ocrx_word' id='word_1_98' title='bbox 1126 747 1242 795; x_wconf 89' lang='lat' dir='ltr'>prior</span> <span class='ocrx_word' id='word_1_99' title='bbox 1270 746 1457 786; x_wconf 88' lang='lat' dir='ltr'>iniuriam</span> <span class='ocrx_word' id='word_1_100' title='bbox 1488 747 1543 785; x_wconf 85' lang='lat' dir='ltr'>fa-</span> 
     </span>
    </p>

    <p class='ocr_par' dir='ltr' id='par_1_6' title="bbox 85 801 1544 964">
     <span class='ocr_line' id='line_1_13' title="bbox 85 801 1544 853; baseline -0.002 -9"><span class='ocrx_word' id='word_1_101' title='bbox 85 809 128 844; x_wconf 77' lang='lat'>33</span> <span class='ocrx_word' id='word_1_102' title='bbox 141 814 235 842; x_wconf 82' lang='lat' dir='ltr'>cere</span> <span class='ocrx_word' id='word_1_103' title='bbox 254 803 429 849; x_wconf 84' lang='lat' dir='ltr'>debeas,</span> <span class='ocrx_word' id='word_1_104' title='bbox 460 813 602 851; x_wconf 87' lang='lat' dir='ltr'>quam,</span> <span class='ocrx_word' id='word_1_105' title='bbox 629 802 706 841; x_wconf 87' lang='lat' dir='ltr'>nisi</span> <span class='ocrx_word' id='word_1_106' title='bbox 728 801 899 850; x_wconf 86' lang='lat' dir='ltr'>feceris,</span> <span class='ocrx_word' id='word_1_107' title='bbox 925 802 1009 852; x_wconf 87' lang='lat' dir='ltr'>pati</span> <span class='ocrx_word' id='word_1_108' title='bbox 1031 802 1186 853; x_wconf 91' lang='lat' dir='ltr'>possis.</span> <span class='ocrx_word' id='word_1_109' title='bbox 1250 803 1370 852; x_wconf 82' lang='lat' dir='ltr'>Quod</span> <span class='ocrx_word' id='word_1_110' title='bbox 1385 807 1544 842; x_wconf 88' lang='lat' dir='ltr'>tantum</span> 
     </span>
     <span class='ocr_line' id='line_1_14' title="bbox 141 858 1544 909; baseline 0.001 -12"><span class='ocrx_word' id='word_1_111' title='bbox 141 859 282 898; x_wconf 86' lang='lat' dir='ltr'>aberat</span> <span class='ocrx_word' id='word_1_112' title='bbox 307 870 331 898; x_wconf 93' lang='lat' dir='ltr'>a</span> <span class='ocrx_word' id='word_1_113' title='bbox 353 858 496 908; x_wconf 90' lang='lat' dir='ltr'>populi</span> <span class='ocrx_word' id='word_1_114' title='bbox 512 858 687 898; x_wconf 89' lang='lat' dir='ltr'>Romani</span> <span class='ocrx_word' id='word_1_115' title='bbox 705 859 1042 906; x_wconf 85' lang='lat' dir='ltr'>mansuetudine,</span> <span class='ocrx_word' id='word_1_116' title='bbox 1063 864 1107 898; x_wconf 93' lang='lat' dir='ltr'>ut</span> <span class='ocrx_word' id='word_1_117' title='bbox 1128 870 1256 909; x_wconf 84' lang='lat' dir='ltr'>saepe</span> <span class='ocrx_word' id='word_1_118' title='bbox 1278 859 1359 898; x_wconf 86' lang='lat' dir='ltr'>iam</span> <span class='ocrx_word' id='word_1_119' title='bbox 1382 859 1423 898; x_wconf 91' lang='lat' dir='ltr'>in</span> <span class='ocrx_word' id='word_1_120' title='bbox 1447 869 1544 898; x_wconf 90' lang='lat' dir='ltr'>sese</span> 
     </span>
     <span class='ocr_line' id='line_1_15' title="bbox 140 914 889 964; baseline -0.003 -10"><span class='ocrx_word' id='word_1_121' title='bbox 140 916 271 954; x_wconf 80' lang='lat' dir='ltr'>factas</span> <span class='ocrx_word' id='word_1_122' title='bbox 294 915 462 954; x_wconf 88' lang='lat' dir='ltr'>iniurias</span> <span class='ocrx_word' id='word_1_123' title='bbox 487 914 631 954; x_wconf 86' lang='lat' dir='ltr'>ulcisci</span> <span class='ocrx_word' id='word_1_124' title='bbox 649 915 889 964; x_wconf 82' lang='lat' dir='ltr'>neglexerit.</span> 
     </span>
    </p>

    <p class='ocr_par' dir='ltr' id='par_1_7' title="bbox 82 970 1544 1134">
     <span class='ocr_line' id='line_1_16' title="bbox 82 970 1544 1013; baseline -0.001 -1"><span class='ocrx_word' id='word_1_125' title='bbox 82 979 127 1013; x_wconf 70' lang='lat'>34</span> <span class='ocrx_word' id='word_1_126' title='bbox 219 973 320 1011; x_wconf 89' lang='lat' dir='ltr'>Post</span> <span class='ocrx_word' id='word_1_127' title='bbox 364 971 514 1010; x_wconf 89' lang='lat' dir='ltr'>deinde</span> <span class='ocrx_word' id='word_1_128' title='bbox 551 982 673 1010; x_wconf 89' lang='lat' dir='ltr'>usum</span> <span class='ocrx_word' id='word_1_129' title='bbox 714 981 810 1010; x_wconf 88' lang='lat' dir='ltr'>esse</span> <span class='ocrx_word' id='word_1_130' title='bbox 853 972 1097 1010; x_wconf 84' lang='lat' dir='ltr'>Catonem</span> <span class='ocrx_word' id='word_1_131' title='bbox 1136 970 1233 1010; x_wconf 91' lang='lat' dir='ltr'>dicit</span> <span class='ocrx_word' id='word_1_132' title='bbox 1274 972 1323 1010; x_wconf 92' lang='lat' dir='ltr'>in</span> <span class='ocrx_word' id='word_1_133' title='bbox 1369 972 1544 1010; x_wconf 87' lang='lat' dir='ltr'>eadem</span> 
     </span>
     <span class='ocr_line' id='line_1_17' title="bbox 142 1025 1544 1076; baseline -0.001 -9"><span class='ocrx_word' id='word_1_134' title='bbox 142 1027 382 1068; x_wconf 87' lang='lat' dir='ltr'>oratione</span> <span class='ocrx_word' id='word_1_135' title='bbox 428 1025 679 1076; x_wconf 84' lang='lat' dir='ltr'>argumentis</span> <span class='ocrx_word' id='word_1_136' title='bbox 729 1038 871 1076; x_wconf 86' lang='lat' dir='ltr'>parum</span> <span class='ocrx_word' id='word_1_137' title='bbox 917 1027 1104 1067; x_wconf 89' lang='lat' dir='ltr'>honestis</span> <span class='ocrx_word' id='word_1_138' title='bbox 1144 1032 1184 1066; x_wconf 91' lang='lat' dir='ltr'>et</span> <span class='ocrx_word' id='word_1_139' title='bbox 1225 1027 1344 1066; x_wconf 91' lang='lat' dir='ltr'>nimis</span> <span class='ocrx_word' id='word_1_140' title='bbox 1381 1027 1544 1066; x_wconf 89' lang='lat' dir='ltr'>audaci-</span> 
     </span>
     <span class='ocr_line' id='line_1_18' title="bbox 139 1083 1544 1134; baseline 0.001 -13"><span class='ocrx_word' id='word_1_141' title='bbox 139 1085 216 1123; x_wconf 86' lang='lat' dir='ltr'>bus</span> <span class='ocrx_word' id='word_1_142' title='bbox 254 1095 302 1122; x_wconf 91' lang='lat' dir='ltr'>ac</span> <span class='ocrx_word' id='word_1_143' title='bbox 341 1095 424 1123; x_wconf 91' lang='lat' dir='ltr'>non</span> <span class='ocrx_word' id='word_1_144' title='bbox 464 1083 539 1123; x_wconf 86' lang='lat' dir='ltr'>uiri</span> <span class='ocrx_word' id='word_1_145' title='bbox 577 1084 688 1134; x_wconf 85' lang='lat' dir='ltr'>eius,</span> <span class='ocrx_word' id='word_1_146' title='bbox 730 1083 798 1133; x_wconf 89' lang='lat' dir='ltr'>qui</span> <span class='ocrx_word' id='word_1_147' title='bbox 853 1084 1039 1134; x_wconf 88' lang='lat' dir='ltr'>alio[qui]</span> <span class='ocrx_word' id='word_1_148' title='bbox 1087 1083 1180 1131; x_wconf 81' lang='lat' dir='ltr'>fuit,</span> <span class='ocrx_word' id='word_1_149' title='bbox 1226 1084 1303 1123; x_wconf 90' lang='lat' dir='ltr'>sed</span> <span class='ocrx_word' id='word_1_150' title='bbox 1340 1083 1467 1123; x_wconf 86' lang='lat' dir='ltr'>uafris</span> <span class='ocrx_word' id='word_1_151' title='bbox 1496 1094 1544 1122; x_wconf 90' lang='lat' dir='ltr'>ac</span> 
     </span>
    </p>

    <p class='ocr_par' dir='ltr' id='par_1_8' title="bbox 83 1139 1544 1752">
     <span class='ocr_line' id='line_1_19' title="bbox 83 1139 1542 1190; baseline -0.003 -8"><span class='ocrx_word' id='word_1_152' title='bbox 83 1147 126 1182; x_wconf 81' lang='lat'>35</span> <span class='ocrx_word' id='word_1_153' title='bbox 138 1139 360 1180; x_wconf 82' lang='lat' dir='ltr'>fallaciosis</span> <span class='ocrx_word' id='word_1_154' title='bbox 384 1145 423 1178; x_wconf 92' lang='lat' dir='ltr'>et</span> <span class='ocrx_word' id='word_1_155' title='bbox 442 1139 561 1189; x_wconf 86' lang='lat' dir='ltr'>quasi</span> <span class='ocrx_word' id='word_1_156' title='bbox 583 1141 835 1179; x_wconf 88' lang='lat' dir='ltr'>Graecorum</span> <span class='ocrx_word' id='word_1_157' title='bbox 853 1139 1134 1190; x_wconf 85' lang='lat' dir='ltr'>sophistarum</span> <span class='ocrx_word' id='word_1_158' title='bbox 1152 1139 1360 1180; x_wconf 87' lang='lat' dir='ltr'>sollertiis.</span> <span class='ocrx_word' id='word_1_159' title='bbox 1421 1140 1542 1180; x_wconf 84' lang='lat' dir='ltr'>Nam:</span> 
     </span>
     <span class='ocr_line' id='line_1_20' title="bbox 142 1195 1541 1245; baseline -0.001 -10"><span class='ocrx_word' id='word_1_160' title='bbox 142 1208 247 1236; x_wconf 88' lang='lat' dir='ltr'>cum</span> <span class='ocrx_word' id='word_1_161' title='bbox 283 1195 625 1243; x_wconf 83' lang='lat' dir='ltr'>obiiceretur,</span> <span class='ocrx_word' id='word_1_162' title='bbox 647 1195 797 1245; x_wconf 89' lang='lat' dir='ltr'>inquit,</span> <span class='ocrx_word' id='word_1_163' title='bbox 825 1195 1245 1244; x_wconf 83' lang='lat' dir='ltr'>Rhodiensibus,</span> <span class='ocrx_word' id='word_1_164' title='bbox 1274 1196 1411 1245; x_wconf 86' lang='lat' dir='ltr'>quod</span> <span class='ocrx_word' id='word_1_165' title='bbox 1436 1196 1541 1235; x_wconf 88' lang='lat' dir='ltr'>bel:</span> 
     </span>
     <span class='ocr_line' id='line_1_21' title="bbox 139 1252 1543 1303; baseline -0.002 -11"><span class='ocrx_word' id='word_1_166' title='bbox 139 1256 236 1292; x_wconf 90' lang='lat' dir='ltr'>lum</span> <span class='ocrx_word' id='word_1_167' title='bbox 284 1254 482 1302; x_wconf 89' lang='lat' dir='ltr'>populo</span> <span class='ocrx_word' id='word_1_168' title='bbox 528 1254 752 1291; x_wconf 89' lang='lat' dir='ltr'>Romano</span> <span class='ocrx_word' id='word_1_169' title='bbox 791 1253 971 1291; x_wconf 85' lang='lat' dir='ltr'>facere</span> <span class='ocrx_word' id='word_1_170' title='bbox 1010 1252 1346 1303; x_wconf 90' lang='lat' dir='ltr'>uoluissent,</span> <span class='ocrx_word' id='word_1_171' title='bbox 1388 1262 1543 1300; x_wconf 86' lang='lat' dir='ltr'>nega—</span> 
     </span>
     <span class='ocr_line' id='line_1_22' title="bbox 139 1307 1542 1358; baseline -0.001 -11"><span class='ocrx_word' id='word_1_172' title='bbox 139 1310 217 1348; x_wconf 90' lang='lat' dir='ltr'>uit</span> <span class='ocrx_word' id='word_1_173' title='bbox 249 1319 434 1358; x_wconf 88' lang='lat' dir='ltr'>paene,</span> <span class='ocrx_word' id='word_1_174' title='bbox 470 1309 566 1347; x_wconf 91' lang='lat' dir='ltr'>sed</span> <span class='ocrx_word' id='word_1_175' title='bbox 593 1308 801 1357; x_wconf 83' lang='lat' dir='ltr'>ignosci</span> <span class='ocrx_word' id='word_1_176' title='bbox 843 1307 1168 1357; x_wconf 87' lang='lat' dir='ltr'>[poposcit],</span> <span class='ocrx_word' id='word_1_177' title='bbox 1210 1308 1328 1357; x_wconf 87' lang='lat' dir='ltr'>quia</span> <span class='ocrx_word' id='word_1_178' title='bbox 1359 1307 1409 1346; x_wconf 90' lang='lat' dir='ltr'>id</span> <span class='ocrx_word' id='word_1_179' title='bbox 1440 1319 1542 1346; x_wconf 91' lang='lat' dir='ltr'>non</span> 
     </span>
     <span class='ocr_line' id='line_1_23' title="bbox 139 1363 1544 1412; baseline -0.002 -8"><span class='ocrx_word' id='word_1_180' title='bbox 139 1364 421 1410; x_wconf 85' lang='lat' dir='ltr'>fecissent,</span> <span class='ocrx_word' id='word_1_181' title='bbox 468 1364 565 1403; x_wconf 85' lang='lat' dir='ltr'>etsi</span> <span class='ocrx_word' id='word_1_182' title='bbox 612 1364 821 1402; x_wconf 80' lang='lat' dir='ltr'>maxime</span> <span class='ocrx_word' id='word_1_183' title='bbox 865 1363 1190 1411; x_wconf 81' lang='lat' dir='ltr'>uoluissent3</span> <span class='ocrx_word' id='word_1_184' title='bbox 1235 1363 1544 1412; x_wconf 86' lang='lat' dir='ltr'>induxisseque</span> 
     </span>
     <span class='ocr_line' id='line_1_24' title="bbox 140 1414 1541 1471; baseline -0.001 -11"><span class='ocrx_word' id='word_1_185' title='bbox 140 1433 233 1460; x_wconf 84' lang='lat' dir='ltr'>eum</span> <span class='ocrx_word' id='word_1_186' title='bbox 267 1420 382 1467; x_wconf 90' lang='lat' dir='ltr'>dicit,</span> <span class='ocrx_word' id='word_1_187' title='bbox 430 1431 553 1469; x_wconf 89' lang='lat' dir='ltr'>quam</span> <span class='ocrx_word' id='word_1_188' title='bbox 593 1420 793 1459; x_wconf 87' lang='lat' dir='ltr'>dialectici</span> <span class='ocrx_word' id='word_1_189' title='bbox 837 1414 1124 1471; x_wconf 54' lang='grc' dir='ltr'><em>(ἐπαγωγὴν</em></span> <span class='ocrx_word' id='word_1_190' title='bbox 1177 1421 1406 1470; x_wconf 87' lang='lat' dir='ltr'>appellant,</span> <span class='ocrx_word' id='word_1_191' title='bbox 1454 1430 1541 1458; x_wconf 85' lang='lat' dir='ltr'>rem</span> 
     </span>
     <span class='ocr_line' id='line_1_25' title="bbox 140 1475 1542 1526; baseline -0.001 -10"><span class='ocrx_word' id='word_1_192' title='bbox 140 1477 365 1517; x_wconf 86' lang='lat' dir='ltr'>admodum</span> <span class='ocrx_word' id='word_1_193' title='bbox 406 1476 649 1516; x_wconf 89' lang='lat' dir='ltr'>insidiosam</span> <span class='ocrx_word' id='word_1_194' title='bbox 694 1481 734 1514; x_wconf 92' lang='lat' dir='ltr'>et</span> <span class='ocrx_word' id='word_1_195' title='bbox 782 1476 1052 1526; x_wconf 87' lang='lat' dir='ltr'>sophisticam</span> <span class='ocrx_word' id='word_1_196' title='bbox 1099 1488 1237 1526; x_wconf 88' lang='lat' dir='ltr'>neque</span> <span class='ocrx_word' id='word_1_197' title='bbox 1286 1477 1338 1515; x_wconf 91' lang='lat' dir='ltr'>ad</span> <span class='ocrx_word' id='word_1_198' title='bbox 1383 1475 1542 1515; x_wconf 85' lang='lat' dir='ltr'>uerita-</span> 
     </span>
     <span class='ocr_line' id='line_1_26' title="bbox 138 1532 1541 1582; baseline -0.001 -10"><span class='ocrx_word' id='word_1_199' title='bbox 138 1539 201 1573; x_wconf 85' lang='lat' dir='ltr'>tes</span> <span class='ocrx_word' id='word_1_200' title='bbox 249 1532 379 1581; x_wconf 86' lang='lat' dir='ltr'>magis</span> <span class='ocrx_word' id='word_1_201' title='bbox 427 1544 549 1582; x_wconf 90' lang='lat' dir='ltr'>quam</span> <span class='ocrx_word' id='word_1_202' title='bbox 595 1533 647 1570; x_wconf 90' lang='lat' dir='ltr'>ad</span> <span class='ocrx_word' id='word_1_203' title='bbox 695 1532 908 1582; x_wconf 88' lang='lat' dir='ltr'>captiones</span> <span class='ocrx_word' id='word_1_204' title='bbox 956 1537 1182 1582; x_wconf 86' lang='lat' dir='ltr'>repertam,</span> <span class='ocrx_word' id='word_1_205' title='bbox 1232 1543 1325 1572; x_wconf 91' lang='lat' dir='ltr'>cum</span> <span class='ocrx_word' id='word_1_206' title='bbox 1366 1536 1541 1572; x_wconf 88' lang='lat' dir='ltr'>conatus</span> 
     </span>
     <span class='ocr_line' id='line_1_27' title="bbox 140 1587 1542 1638; baseline -0.002 -10"><span class='ocrx_word' id='word_1_207' title='bbox 140 1590 192 1629; x_wconf 83' lang='lat' dir='ltr'>sit</span> <span class='ocrx_word' id='word_1_208' title='bbox 229 1589 429 1638; x_wconf 87' lang='lat' dir='ltr'>exemplis</span> <span class='ocrx_word' id='word_1_209' title='bbox 461 1588 760 1638; x_wconf 84' lang='lat' dir='ltr'>decipientibus</span> <span class='ocrx_word' id='word_1_210' title='bbox 798 1588 992 1638; x_wconf 84' lang='lat' dir='ltr'>colligere</span> <span class='ocrx_word' id='word_1_211' title='bbox 1026 1589 1380 1638; x_wconf 86' lang='lat' dir='ltr'>confirmareque,</span> <span class='ocrx_word' id='word_1_212' title='bbox 1416 1587 1542 1627; x_wconf 87' lang='lat' dir='ltr'>nemi-</span> 
     </span>
     <span class='ocr_line' id='line_1_28' title="bbox 139 1643 1541 1695; baseline -0.001 -10"><span class='ocrx_word' id='word_1_213' title='bbox 139 1657 253 1692; x_wconf 88' lang='lat' dir='ltr'>nem,</span> <span class='ocrx_word' id='word_1_214' title='bbox 297 1645 366 1695; x_wconf 87' lang='lat' dir='ltr'>qui</span> <span class='ocrx_word' id='word_1_215' title='bbox 405 1646 510 1684; x_wconf 88' lang='lat' dir='ltr'>male</span> <span class='ocrx_word' id='word_1_216' title='bbox 549 1647 686 1684; x_wconf 79' lang='lat' dir='ltr'>facere</span> <span class='ocrx_word' id='word_1_217' title='bbox 725 1645 876 1692; x_wconf 86' lang='lat' dir='ltr'>uoluit,</span> <span class='ocrx_word' id='word_1_218' title='bbox 913 1644 1037 1695; x_wconf 90' lang='lat' dir='ltr'>plecti</span> <span class='ocrx_word' id='word_1_219' title='bbox 1069 1656 1247 1694; x_wconf 88' lang='lat' dir='ltr'>aequum</span> <span class='ocrx_word' id='word_1_220' title='bbox 1287 1656 1402 1692; x_wconf 90' lang='lat' dir='ltr'>esse,</span> <span class='ocrx_word' id='word_1_221' title='bbox 1450 1643 1541 1691; x_wconf 85' lang='lat' dir='ltr'>nisi,</span> 
     </span>
     <span class='ocr_line' id='line_1_29' title="bbox 142 1701 1544 1752; baseline -0.002 -11"><span class='ocrx_word' id='word_1_222' title='bbox 142 1702 255 1752; x_wconf 88' lang='lat' dir='ltr'>quod</span> <span class='ocrx_word' id='word_1_223' title='bbox 296 1703 447 1741; x_wconf 85' lang='lat' dir='ltr'>factum</span> <span class='ocrx_word' id='word_1_224' title='bbox 476 1702 627 1748; x_wconf 89' lang='lat' dir='ltr'>uoluit,</span> <span class='ocrx_word' id='word_1_225' title='bbox 677 1701 798 1741; x_wconf 89' lang='lat' dir='ltr'>etiam</span> <span class='ocrx_word' id='word_1_226' title='bbox 832 1701 987 1741; x_wconf 88' lang='lat' dir='ltr'>fecerit.</span> <span class='ocrx_word' id='word_1_227' title='bbox 1048 1702 1190 1739; x_wconf 86' lang='lat' dir='ltr'>Verba</span> <span class='ocrx_word' id='word_1_228' title='bbox 1221 1705 1358 1740; x_wconf 89' lang='lat' dir='ltr'>autem</span> <span class='ocrx_word' id='word_1_229' title='bbox 1392 1711 1451 1739; x_wconf 87' lang='lat' dir='ltr'>ex</span> <span class='ocrx_word' id='word_1_230' title='bbox 1486 1710 1544 1738; x_wconf 81' lang='lat' dir='ltr'>ea</span> 
     </span>
    </p>

    <p class='ocr_par' dir='ltr' id='par_1_9' title="bbox 82 1755 1589 2088">
     <span class='ocr_line' id='line_1_30' title="bbox 82 1755 1542 1806; baseline -0.003 -8"><span class='ocrx_word' id='word_1_231' title='bbox 82 1758 374 1799; x_wconf 82' lang='lat' dir='ltr'>360ratione</span> <span class='ocrx_word' id='word_1_232' title='bbox 420 1759 473 1797; x_wconf 89' lang='lat' dir='ltr'>M.</span> <span class='ocrx_word' id='word_1_233' title='bbox 528 1757 735 1797; x_wconf 87' lang='lat' dir='ltr'>Catonis</span> <span class='ocrx_word' id='word_1_234' title='bbox 792 1759 893 1797; x_wconf 87' lang='lat' dir='ltr'>haec</span> <span class='ocrx_word' id='word_1_235' title='bbox 939 1762 1060 1796; x_wconf 90' lang='lat' dir='ltr'>sunt:</span> <span class='ocrx_word' id='word_1_236' title='bbox 1114 1756 1235 1806; x_wconf 78' lang='lat' dir='ltr'>‘Qui</span> <span class='ocrx_word' id='word_1_237' title='bbox 1291 1755 1542 1795; x_wconf 86' lang='lat' dir='ltr'>acerrime</span> 
     </span>
     <span class='ocr_line' id='line_1_31' title="bbox 139 1811 1541 1867; baseline -0.002 -14"><span class='ocrx_word' id='word_1_238' title='bbox 139 1815 398 1854; x_wconf 88' lang='lat' dir='ltr'>aduorsus</span> <span class='ocrx_word' id='word_1_239' title='bbox 448 1826 535 1854; x_wconf 90' lang='lat' dir='ltr'>eos</span> <span class='ocrx_word' id='word_1_240' title='bbox 585 1814 726 1862; x_wconf 89' lang='lat' dir='ltr'>dicit,</span> <span class='ocrx_word' id='word_1_241' title='bbox 772 1814 841 1853; x_wconf 83' lang='lat' dir='ltr'>ita</span> <span class='ocrx_word' id='word_1_242' title='bbox 888 1813 1030 1853; x_wconf 85' lang='lat' dir='ltr'>dicit:</span> <span class='ocrx_word' id='word_1_243' title='bbox 1078 1814 1258 1852; x_wconf 87' lang='lat' dir='ltr'>hostes</span> <span class='ocrx_word' id='word_1_244' title='bbox 1306 1811 1541 1867; x_wconf 82' lang='lat' dir='ltr'>uoluisse</span> 
     </span>
     <span class='ocr_line' id='line_1_32' title="bbox 139 1868 1541 1920; baseline -0.001 -11"><span class='ocrx_word' id='word_1_245' title='bbox 139 1870 268 1912; x_wconf 85' lang='lat' dir='ltr'>fieri.</span> <span class='ocrx_word' id='word_1_246' title='bbox 331 1870 518 1920; x_wconf 85' lang='lat' dir='ltr'>Ecquis</span> <span class='ocrx_word' id='word_1_247' title='bbox 556 1877 633 1910; x_wconf 87' lang='lat' dir='ltr'>est</span> <span class='ocrx_word' id='word_1_248' title='bbox 663 1871 884 1918; x_wconf 89' lang='lat' dir='ltr'>tandem,</span> <span class='ocrx_word' id='word_1_249' title='bbox 925 1870 1008 1919; x_wconf 91' lang='lat' dir='ltr'>qui</span> <span class='ocrx_word' id='word_1_250' title='bbox 1047 1874 1367 1916; x_wconf 82' lang='lat' dir='ltr'>uestrorum,</span> <span class='ocrx_word' id='word_1_251' title='bbox 1402 1868 1541 1917; x_wconf 87' lang='lat' dir='ltr'>quod</span> 
     </span>
     <span class='ocr_line' id='line_1_33' title="bbox 140 1924 1589 1976; baseline -0.002 -11"><span class='ocrx_word' id='word_1_252' title='bbox 140 1928 200 1965; x_wconf 84' lang='lat' dir='ltr'>ad</span> <span class='ocrx_word' id='word_1_253' title='bbox 235 1938 353 1966; x_wconf 89' lang='lat' dir='ltr'>sese</span> <span class='ocrx_word' id='word_1_254' title='bbox 386 1927 627 1973; x_wconf 86' lang='lat' dir='ltr'>attineat,</span> <span class='ocrx_word' id='word_1_255' title='bbox 661 1938 879 1976; x_wconf 86' lang='lat' dir='ltr'>aequum</span> <span class='ocrx_word' id='word_1_256' title='bbox 911 1930 1147 1972; x_wconf 84' lang='lat' dir='ltr'>censeat,</span> <span class='ocrx_word' id='word_1_257' title='bbox 1189 1936 1386 1974; x_wconf 87' lang='lat' dir='ltr'>poenas</span> <span class='ocrx_word' id='word_1_258' title='bbox 1420 1924 1540 1962; x_wconf 84' lang='lat' dir='ltr'>dare</span> <span class='ocrx_word' id='word_1_259' title='bbox 1583 1934 1589 1937; x_wconf 56' lang='lat'>*</span> 
     </span>
     <span class='ocr_line' id='line_1_34' title="bbox 141 1982 1540 2032; baseline -0.002 -10"><span class='ocrx_word' id='word_1_260' title='bbox 141 1984 202 2022; x_wconf 91' lang='lat' dir='ltr'>ob</span> <span class='ocrx_word' id='word_1_261' title='bbox 259 1994 368 2022; x_wconf 85' lang='lat' dir='ltr'>eam</span> <span class='ocrx_word' id='word_1_262' title='bbox 413 1995 537 2030; x_wconf 91' lang='lat' dir='ltr'>rem,</span> <span class='ocrx_word' id='word_1_263' title='bbox 588 1983 728 2032; x_wconf 88' lang='lat' dir='ltr'>quod</span> <span class='ocrx_word' id='word_1_264' title='bbox 774 1987 1022 2032; x_wconf 89' lang='lat' dir='ltr'>arguatur</span> <span class='ocrx_word' id='word_1_265' title='bbox 1060 1982 1185 2020; x_wconf 89' lang='lat' dir='ltr'>male</span> <span class='ocrx_word' id='word_1_266' title='bbox 1224 1983 1399 2020; x_wconf 88' lang='lat' dir='ltr'>facere</span> <span class='ocrx_word' id='word_1_267' title='bbox 1442 1991 1540 2019; x_wconf 91' lang='lat' dir='ltr'>uo-</span> 
     </span>
     <span class='ocr_line' id='line_1_35' title="bbox 141 2037 1539 2088; baseline -0.002 -11"><span class='ocrx_word' id='word_1_268' title='bbox 141 2039 345 2079; x_wconf 84' lang='lat' dir='ltr'>lu&#39;isse?</span> <span class='ocrx_word' id='word_1_269' title='bbox 403 2040 577 2086; x_wconf 89' lang='lat' dir='ltr'>Nemo,</span> <span class='ocrx_word' id='word_1_270' title='bbox 622 2039 837 2088; x_wconf 87' lang='lat' dir='ltr'>opinor;</span> <span class='ocrx_word' id='word_1_271' title='bbox 875 2050 983 2078; x_wconf 90' lang='lat' dir='ltr'>nam</span> <span class='ocrx_word' id='word_1_272' title='bbox 1022 2049 1145 2086; x_wconf 84' lang='lat' dir='ltr'>ch,</span> <span class='ocrx_word' id='word_1_273' title='bbox 1194 2037 1331 2086; x_wconf 88' lang='lat' dir='ltr'>quod</span> <span class='ocrx_word' id='word_1_274' title='bbox 1361 2037 1424 2075; x_wconf 92' lang='lat' dir='ltr'>ad</span> <span class='ocrx_word' id='word_1_275' title='bbox 1466 2046 1539 2074; x_wconf 89' lang='lat' dir='ltr'>me</span> 
     </span>
    </p>

    <p class='ocr_par' dir='ltr' id='par_1_10' title="bbox 84 2091 1539 2199">
     <span class='ocr_line' id='line_1_36' title="bbox 84 2091 1539 2145; baseline -0.004 -10"><span class='ocrx_word' id='word_1_276' title='bbox 84 2095 339 2140; x_wconf 77' lang='lat' dir='ltr'>37attinet‚</span> <span class='ocrx_word' id='word_1_277' title='bbox 372 2095 567 2135; x_wconf 90' lang='lat' dir='ltr'>nolim&#39;.</span> <span class='ocrx_word' id='word_1_278' title='bbox 607 2095 764 2134; x_wconf 89' lang='lat' dir='ltr'>Deinde</span> <span class='ocrx_word' id='word_1_279' title='bbox 782 2096 906 2145; x_wconf 92' lang='lat' dir='ltr'>paulo</span> <span class='ocrx_word' id='word_1_280' title='bbox 923 2095 1028 2133; x_wconf 86' lang='lat' dir='ltr'>infra</span> <span class='ocrx_word' id='word_1_281' title='bbox 1045 2093 1160 2132; x_wconf 89' lang='lat' dir='ltr'>dicit:</span> <span class='ocrx_word' id='word_1_282' title='bbox 1199 2093 1353 2142; x_wconf 67' lang='lat' dir='ltr'>‘Quid</span> <span class='ocrx_word' id='word_1_283' title='bbox 1376 2091 1539 2132; x_wconf 88' lang='lat' dir='ltr'>nunc?</span> 
     </span>
     <span class='ocr_line' id='line_1_37' title="bbox 143 2146 1537 2199; baseline -0.003 -9"><span class='ocrx_word' id='word_1_284' title='bbox 143 2161 307 2199; x_wconf 85' lang='lat' dir='ltr'>ecqua</span> <span class='ocrx_word' id='word_1_285' title='bbox 335 2152 538 2190; x_wconf 84' lang='lat' dir='ltr'>tandem</span> <span class='ocrx_word' id='word_1_286' title='bbox 569 2152 652 2190; x_wconf 84' lang='lat' dir='ltr'>lex</span> <span class='ocrx_word' id='word_1_287' title='bbox 675 2156 878 2194; x_wconf 80' lang='lat' dir='ltr'>esttam</span> <span class='ocrx_word' id='word_1_288' title='bbox 909 2150 1116 2196; x_wconf 88' lang='lat' dir='ltr'>acerba,</span> <span class='ocrx_word' id='word_1_289' title='bbox 1150 2161 1280 2198; x_wconf 85' lang='lat' dir='ltr'>quae</span> <span class='ocrx_word' id='word_1_290' title='bbox 1305 2149 1463 2188; x_wconf 89' lang='lat' dir='ltr'>dicat:</span> <span class='ocrx_word' id='word_1_291' title='bbox 1494 2146 1537 2187; x_wconf 87' lang='lat' dir='ltr'>si</span> 
     </span>
    </p>
   </div>
   <div class='ocr_carea' id='block_1_3' title="bbox 145 2204 1600 2257">
    <p class='ocr_par' dir='ltr' id='par_1_11' title="bbox 145 2204 1600 2257">
     <span class='ocr_line' id='line_1_38' title="bbox 145 2204 1600 2257; baseline -0.001 -13"><span class='ocrx_word' id='word_1_292' title='bbox 145 2207 259 2254; x_wconf 91' lang='lat' dir='ltr'>quis</span> <span class='ocrx_word' id='word_1_293' title='bbox 282 2206 414 2246; x_wconf 86' lang='lat' dir='ltr'>illud</span> <span class='ocrx_word' id='word_1_294' title='bbox 436 2209 612 2246; x_wconf 89' lang='lat' dir='ltr'>facere</span> <span class='ocrx_word' id='word_1_295' title='bbox 634 2208 886 2254; x_wconf 83' lang='lat' dir='ltr'>uoluerit,</span> <span class='ocrx_word' id='word_1_296' title='bbox 906 2206 1065 2257; x_wconf 81' lang='lat' dir='ltr'>mille,</span> <span class='ocrx_word' id='word_1_297' title='bbox 1087 2205 1248 2245; x_wconf 87' lang='lat' dir='ltr'>minus</span> <span class='ocrx_word' id='word_1_298' title='bbox 1268 2204 1537 2244; x_wconf 90' lang='lat' dir='ltr'>dimidium</span> <span class='ocrx_word' id='word_1_299' title='bbox 1595 2249 1600 2256; x_wconf 32' lang='lat'>¹</span> 
     </span>
    </p>
   </div>
   <div class='ocr_carea' id='block_1_4' title="bbox 146 2261 1534 2312">
    <p class='ocr_par' dir='ltr' id='par_1_12' title="bbox 146 2261 1534 2312">
     <span class='ocr_line' id='line_1_39' title="bbox 146 2261 1534 2312; baseline -0.001 -12"><span class='ocrx_word' id='word_1_300' title='bbox 146 2262 370 2301; x_wconf 78' lang='lat' dir='ltr'>familiae</span> <span class='ocrx_word' id='word_1_301' title='bbox 416 2265 573 2302; x_wconf 89' lang='lat' dir='ltr'>multa</span> <span class='ocrx_word' id='word_1_302' title='bbox 619 2268 761 2310; x_wconf 88' lang='lat' dir='ltr'>esto;</span> <span class='ocrx_word' id='word_1_303' title='bbox 818 2263 862 2302; x_wconf 90' lang='lat' dir='ltr'>si</span> <span class='ocrx_word' id='word_1_304' title='bbox 909 2261 1031 2312; x_wconf 87' lang='lat' dir='ltr'>quis</span> <span class='ocrx_word' id='word_1_305' title='bbox 1076 2263 1198 2312; x_wconf 82' lang='lat' dir='ltr'>plus</span> <span class='ocrx_word' id='word_1_306' title='bbox 1245 2261 1534 2311; x_wconf 83' lang='lat' dir='ltr'>quingenta</span> 
     </span>
    </p>
   </div>
  </div>
 </body>
</html>
