1603 2508
659 50 707 87 ΙΙ.
740 60 841 88 XXX.
1381 49 1462 91 111

51 166 149 213 que]
181 162 340 204 faciunt
369 161 411 202 in
441 161 543 202 mari
568 161 699 202 austri
724 166 851 211 atque
872 162 999 202 africi.
1061 164 1162 202 Nam
1187 163 1363 212 fluctus,
1396 165 1505 215 qui2

50 220 179 260 ssante
210 219 408 270 aquilone
448 218 617 258 maximi
648 224 689 258 et
713 219 954 258 creberrimi
985 219 1238 269 excitantur,
1269 221 1390 261 simul
1415 233 1467 261 ac

48 280 202 316 uentus
233 275 396 327 posuit,
426 280 669 315 sternuntur
691 281 732 315 et
757 275 1100 316 conflaccescunt
1123 282 1163 316 et
1186 289 1285 318 mox
1309 279 1463 319 fluctus

49 343 148 373 esse
180 333 391 373 desinunt.
461 335 518 372 At
549 344 633 372 non
666 332 777 372 idem
799 333 845 372 fit
875 333 1002 373 flante
1032 339 1176 374 austro
1209 336 1277 374 uel
1309 335 1500 384 africo;3

50 389 202 440 quibus
243 390 325 429 iam
365 388 464 429 nihil
502 389 758 440 spirantibus
797 390 937 429 undae
966 396 1105 430 tamen
1140 392 1273 431 factae
1309 393 1463 433 diutius

50 451 210 486 tument
247 452 287 487 et
317 457 342 485 a
378 451 506 486 uento
550 445 718 496 quidem
753 446 996 486 iamdudum
1032 448 1313 498 tranquilla[e]
1353 455 1462 498 sunt,

48 503 126 543 sed
165 514 279 543 mare
312 508 378 543 est
408 503 531 542 etiarn
565 507 690 553 atque
727 503 850 542 etiam
886 504 1202 544 undabundum.
1264 506 1365 547 Eius
1403 506 1465 547 rei

49 571 179 600 causa
201 571 297 600 esse
329 560 433 599 haec
467 559 743 607 coniectatur,
779 561 893 610 quod
918 561 1031 600 uenti
1057 573 1081 600 a
1107 562 1462 612 septentrionibus

48 628 102 656 ex
131 616 277 657 altiore
300 616 403 656 caeli
431 621 551 666 parte
581 616 621 656 in
652 627 766 656 mare
796 617 1028 658 incidentes
1048 619 1247 658 deorsum
1265 619 1306 658 in
1338 631 1463 671 aqua-

47 685 140 713 rum
179 673 392 724 profunda
420 672 540 723 quasi
577 672 830 724 praecipites
870 675 1114 715 deferuntur
1152 676 1376 728 undasque
1407 678 1462 716 sa-

51 730 163 770 ciunt
198 741 282 770 non
315 741 493 780 prorsus
524 730 735 780 inpulsas,
775 732 852 771 sed
883 731 1021 771 imitus
1066 738 1320 782 commotas,
1353 745 1462 784 quae

46 786 253 838 tantisper
283 792 427 827 erutae
459 789 707 835 uoluuntur,
742 788 839 827 dum
862 788 969 828 illius
1004 789 1130 829 infusi
1164 791 1349 841 desuper
1380 791 1462 842 spi-

48 843 150 884 ritus
182 843 246 883 uis
278 848 431 883 manet.
492 844 637 884 Austri
661 855 764 884 uero
784 850 824 884 et
848 845 982 893 africi,
1014 847 1067 885 ad
1092 846 1365 888 meridianum
1398 859 1499 898 σι’-5

45 900 110 940 bis
140 899 339 940 circulum
367 905 409 940 et
438 900 490 940 ad
521 906 683 951 partem
715 901 806 941 axis
839 902 1022 941 infimam
1054 903 1265 953 depressi,
1296 904 1462 945 inferio-

45 968 115 997 res
156 962 198 997 et
237 956 435 1005 humiles,
473 968 550 1008 per
582 969 779 1008 suprema
812 959 1008 1009 aequoris
1042 960 1177 1000 euntis
1209 961 1463 1012 protrudunt

45 1013 180 1064 magis
207 1014 383 1062 fluctus,
415 1025 539 1064 quam
559 1021 728 1062 eruunt,
761 1021 801 1055 et
824 1016 980 1056 idcirco
998 1028 1081 1056 non
1101 1018 1286 1068 desuper
1306 1020 1461 1066 laesae,

45 1070 124 1111 sed
154 1071 384 1121 propulsae
416 1071 456 1110 in
489 1071 715 1111 aduersum
748 1083 902 1122 aquae,
934 1073 1056 1112 etiam
1082 1074 1312 1114 desistente
1345 1076 1460 1123 flatu,

43 1126 227 1167 retinent
257 1126 558 1178 aliquantisper
591 1128 642 1167 de
677 1128 854 1178 pristino
888 1131 1013 1179 pulsu
1041 1130 1255 1180 impetum.
1316 1133 1363 1171 Id
1397 1137 1505 1175 au·6

42 1189 130 1224 tem
159 1184 319 1234 ipsum,
366 1184 481 1234 quod
521 1184 717 1233 dicimus,
757 1197 808 1225 ex
843 1186 921 1225 illis
963 1198 1133 1237 quoque
1163 1188 1460 1230 Homericis

42 1241 311 1289 uersibus,
337 1240 372 1280 si
388 1241 480 1291 quis
499 1252 583 1282 non
601 1241 812 1283 incuriose
836 1244 966 1293 legat,
993 1243 1278 1284 adminiculari
1303 1251 1460 1296 potest.

41 1299 146 1338 Nam
162 1298 215 1338 de
231 1296 363 1338 austri
386 1297 553 1338 flatibus
569 1298 626 1338 ita
647 1299 834 1349 scripsit:
1476 1308 1496 1344 7

113 1348 285 1396 ’Ἐνθα
321 1350 490 1403 νότος
531 1354 671 1408 μέγα
710 1356 889 1409 xiima]
932 1354 1060 1397 ποτὶ
1106 1353 1308 1398 σκαιὸν
1339 1357 1460 1411 ῥίον

988 1407 1127 1454 ὠθεῖ
1139 1445 1151 1467 ,

46 1474 193 1511 contra
217 1474 355 1510 autem
373 1469 425 1509 de
451 1470 601 1517 borea,
631 1481 755 1520 quem
774 1470 1062 1521 ‘aquilonem'
1079 1483 1158 1512 nos
1185 1474 1458 1523 appellamus,
1475 1480 1500 1516 8

0 1526 1 1543 ³
45 1526 125 1567 alio
152 1527 252 1566 dicit
271 1527 422 1567 modo:

125 1580 230 1624 Καὶ
275 1580 476 1636 βορέης
523 1581 934 1636 αἰθρηγενέτης
980 1582 1115 1637 μέγα
1165 1586 1311 1638 κῦμα
1354 1599 1461 1626 κν·-

993 1641 1213 1682 λίνὸων.

44 1699 111 1738 Ab
135 1697 400 1748 aquilonibus
429 1697 556 1744 enim,
587 1697 657 1747 qui
681 1697 751 1736 alti
775 1697 1030 1748 supernique
1059 1704 1177 1747 sunt,
1209 1700 1363 1740 fluctus
1389 1711 1457 1740 ex·
1474 1708 1497 1743 9

46 1755 198 1795 citatos
233 1754 354 1805 quasi
376 1765 454 1805 per
475 1765 611 1804 prona
640 1755 755 1794 uolui
785 1755 903 1802 dicit,
937 1755 988 1794 ab
1020 1756 1174 1796 austris
1203 1756 1349 1804 (enim)
1379 1757 1459 1809 his,

47 1811 117 1862 qui
134 1811 375 1853 humiliores
394 1815 504 1859 sunt,
522 1811 679 1852 maiore
695 1811 738 1851 ui
760 1812 938 1862 quadam
956 1812 1134 1863 propelli
1148 1824 1316 1853 sursum
1334 1819 1460 1864 atque

46 1868 208 1910 subiici.
269 1869 316 1908 ld
333 1868 441 1908 enim
459 1867 665 1918 significat
680 1869 856 1909 uerbum
881 1863 913 1908 ὤ
926 1871 960 1909 θ
972 1882 991 1908 ε
1003 1874 1037 1921 Z,
1056 1869 1165 1910 sicut
1182 1869 1260 1911 alio
1278 1870 1318 1909 in
1336 1871 1453 1910 loco:
1473 1877 1520 1912 10

412 1925 561 1965 Λᾶαν
604 1920 715 1965 ἅνω
748 1920 965 1966 ὤθεσκε
999 1923 1122 1966 ποτὶ
1152 1922 1342 1978 λόφον.

25 1992 47 2005 ⁴
130 1983 176 2023 ld
203 1993 372 2033 quoque
397 1994 422 2023 a
443 1981 705 2033 peritissimis
730 1995 868 2024 rerum
898 1983 1161 2035 philosophis
1187 1983 1457 2024 obseruatum
1472 1993 1516 2028 11

47 2043 132 2087 cst,
166 2039 319 2080 austris
354 2039 608 2090 spirantibus
637 2051 750 2080 mare
781 2040 871 2080 fieri
900 2042 1094 2091 glaucum
1137 2045 1176 2080 et
1208 2043 1457 2088 caeruleum,

47 2095 313 2146 aquilonibus
345 2097 567 2137 obscurius
601 2097 829 2148 atriusque.
893 2098 1016 2138 Cuius
1048 2097 1109 2136 rei
1141 2108 1331 2146 causam,
1365 2109 1459 2137 cum

46 2151 367 2194 Aristotelis
398 2153 563 2194 libros
593 2155 1043 2204 problematorum
1069 2165 1460 2206 praecerperemus,

48 2209 203 2249 notaui.
