<?xml version="1.0" encoding="UTF-8"?>
<!DOCTYPE html PUBLIC "-//W3C//DTD XHTML 1.0 Transitional//EN"
    "http://www.w3.org/TR/xhtml1/DTD/xhtml1-transitional.dtd">
<html xmlns="http://www.w3.org/1999/xhtml" xml:lang="en" lang="en">
 <head>
  <title>
</title>
<meta http-equiv="Content-Type" content="text/html;charset=utf-8" />
  <meta name='ocr-system' content='tesseract 3.04.00' />
  <meta name='ocr-capabilities' content='ocr_page ocr_carea ocr_par ocr_line ocrx_word'/>
</head>
<body>
  <div class='ocr_page' id='page_1' title='image "./agelliinoctivmat00gelluoft_0392.png"; bbox 0 0 1619 2476; ppageno 0'>
   <div class='ocr_carea' id='block_1_1' title="bbox 609 492 1014 558">
    <p class='ocr_par' dir='ltr' id='par_1_1' title="bbox 609 492 1014 558">
     <span class='ocr_line' id='line_1_1' title="bbox 609 492 1014 558; baseline 0.015 -5"><span class='ocrx_word' id='word_1_1' title='bbox 609 492 669 553; x_wconf 87' lang='lat' dir='ltr'>A.</span> <span class='ocrx_word' id='word_1_2' title='bbox 715 493 1014 558; x_wconf 85' lang='lat' dir='ltr'>GELLII</span> 
     </span>
    </p>
   </div>
   <div class='ocr_carea' id='block_1_2' title="bbox 148 637 1471 825">
    <p class='ocr_par' dir='ltr' id='par_1_2' title="bbox 148 637 1471 825">
     <span class='ocr_line' id='line_1_2' title="bbox 148 637 1471 825; baseline 0.005 -112"><span class='ocrx_word' id='word_1_3' title='bbox 148 637 439 714; x_wconf 67' lang='lat' dir='ltr'>Nocrlvll</span> <span class='ocrx_word' id='word_1_4' title='bbox 486 638 1123 825; x_wconf 47' lang='lat' dir='ltr'>ATTlffilgfflvSLlBER</span> <span class='ocrx_word' id='word_1_5' title='bbox 1173 641 1471 727; x_wconf 67' lang='lat' dir='ltr'><strong>QVARTVS</strong></span> 
     </span>
    </p>
   </div>
   <div class='ocr_carea' id='block_1_3' title="bbox 792 1014 825 1058">
    <p class='ocr_par' dir='ltr' id='par_1_3' title="bbox 792 1014 825 1058">
     <span class='ocr_line' id='line_1_3' title="bbox 792 1014 825 1058; baseline 0 0"><span class='ocrx_word' id='word_1_6' title='bbox 792 1014 825 1058; x_wconf 91' lang='lat'>1.</span> 
     </span>
    </p>
   </div>
   <div class='ocr_carea' id='block_1_4' title="bbox 106 1113 1511 1165">
    <p class='ocr_par' dir='ltr' id='par_1_4' title="bbox 106 1113 1511 1165">
     <span class='ocr_line' id='line_1_4' title="bbox 106 1113 1511 1165; baseline 0.005 -17"><span class='ocrx_word' id='word_1_7' title='bbox 106 1113 324 1149; x_wconf 81' lang='lat' dir='ltr'>Dissertatio</span> <span class='ocrx_word' id='word_1_8' title='bbox 346 1114 521 1149; x_wconf 85' lang='lat' dir='ltr'>Fauormi</span> <span class='ocrx_word' id='word_1_9' title='bbox 543 1114 760 1163; x_wconf 83' lang='lat' dir='ltr'>philosophi</span> <span class='ocrx_word' id='word_1_10' title='bbox 778 1117 964 1153; x_wconf 85' lang='lat' dir='ltr'>aduersus</span> <span class='ocrx_word' id='word_1_11' title='bbox 989 1128 1067 1162; x_wconf 87' lang='lat' dir='ltr'>eos,</span> <span class='ocrx_word' id='word_1_12' title='bbox 1096 1118 1157 1164; x_wconf 91' lang='lat' dir='ltr'>qui</span> <span class='ocrx_word' id='word_1_13' title='bbox 1181 1116 1360 1154; x_wconf 83' lang='lat' dir='ltr'>Chaldaei</span> <span class='ocrx_word' id='word_1_14' title='bbox 1383 1120 1511 1165; x_wconf 87' lang='lat' dir='ltr'>appel-</span> 
     </span>
    </p>
   </div>
   <div class='ocr_carea' id='block_1_5' title="bbox 162 1171 1510 1274">
    <p class='ocr_par' dir='ltr' id='par_1_5' title="bbox 162 1171 1510 1274">
     <span class='ocr_line' id='line_1_5' title="bbox 163 1171 1510 1220; baseline 0.004 -15"><span class='ocrx_word' id='word_1_15' title='bbox 163 1171 282 1206; x_wconf 77' lang='lat' dir='ltr'>lanlur</span> <span class='ocrx_word' id='word_1_16' title='bbox 305 1175 340 1205; x_wconf 81' lang='lat' dir='ltr'>et</span> <span class='ocrx_word' id='word_1_17' title='bbox 361 1181 407 1206; x_wconf 85' lang='lat' dir='ltr'>ex</span> <span class='ocrx_word' id='word_1_18' title='bbox 428 1176 537 1207; x_wconf 85' lang='lat' dir='ltr'>coetu</span> <span class='ocrx_word' id='word_1_19' title='bbox 559 1173 795 1220; x_wconf 78' lang='lat' dir='ltr'>motibusque</span> <span class='ocrx_word' id='word_1_20' title='bbox 821 1173 986 1210; x_wconf 83' lang='lat' dir='ltr'>siderum</span> <span class='ocrx_word' id='word_1_21' title='bbox 1009 1179 1045 1210; x_wconf 83' lang='lat' dir='ltr'>et</span> <span class='ocrx_word' id='word_1_22' title='bbox 1078 1175 1269 1211; x_wconf 84' lang='lat' dir='ltr'>stellarum</span> <span class='ocrx_word' id='word_1_23' title='bbox 1292 1175 1366 1211; x_wconf 76' lang='lat' dir='ltr'>fata</span> <span class='ocrx_word' id='word_1_24' title='bbox 1389 1174 1510 1211; x_wconf 89' lang='lat' dir='ltr'>homi-</span> 
     </span>
     <span class='ocr_line' id='line_1_6' title="bbox 162 1226 700 1274; baseline 0.006 -13"><span class='ocrx_word' id='word_1_25' title='bbox 162 1237 250 1262; x_wconf 87' lang='lat' dir='ltr'>num</span> <span class='ocrx_word' id='word_1_26' title='bbox 273 1226 438 1263; x_wconf 82' lang='lat' dir='ltr'>dicturos</span> <span class='ocrx_word' id='word_1_27' title='bbox 465 1228 700 1274; x_wconf 81' lang='lat' dir='ltr'>pollicentur.</span> 
     </span>
    </p>
   </div>
   <div class='ocr_carea' id='block_1_6' title="bbox 67 1306 1561 2271">
    <p class='ocr_par' dir='ltr' id='par_1_6' title="bbox 70 1306 1508 1543">
     <span class='ocr_line' id='line_1_7' title="bbox 70 1306 1506 1375; baseline 0.001 -10"><span class='ocrx_word' id='word_1_28' title='bbox 70 1332 88 1365; x_wconf 97' lang='lat'>1</span> <span class='ocrx_word' id='word_1_29' title='bbox 175 1306 417 1364; x_wconf 80' lang='lat' dir='ltr'>Aduersum</span> <span class='ocrx_word' id='word_1_30' title='bbox 446 1326 573 1372; x_wconf 82' lang='lat' dir='ltr'>istos,</span> <span class='ocrx_word' id='word_1_31' title='bbox 600 1326 668 1374; x_wconf 87' lang='lat' dir='ltr'>qui</span> <span class='ocrx_word' id='word_1_32' title='bbox 691 1338 786 1365; x_wconf 85' lang='lat' dir='ltr'>sese</span> <span class='ocrx_word' id='word_1_33' title='bbox 813 1327 1079 1366; x_wconf 71' lang='lat' dir='ltr'>‘Chaldaeos’</span> <span class='ocrx_word' id='word_1_34' title='bbox 1098 1337 1173 1365; x_wconf 89' lang='lat' dir='ltr'>seu</span> <span class='ocrx_word' id='word_1_35' title='bbox 1191 1326 1506 1375; x_wconf 76' lang='lat' dir='ltr'>‘genethliacos&#39;</span> 
     </span>
     <span class='ocr_line' id='line_1_8' title="bbox 107 1381 1507 1432; baseline 0.001 -12"><span class='ocrx_word' id='word_1_36' title='bbox 107 1382 316 1432; x_wconf 84' lang='lat' dir='ltr'>appellant</span> <span class='ocrx_word' id='word_1_37' title='bbox 337 1391 384 1419; x_wconf 85' lang='lat' dir='ltr'>ac</span> <span class='ocrx_word' id='word_1_38' title='bbox 418 1381 468 1420; x_wconf 91' lang='lat' dir='ltr'>de</span> <span class='ocrx_word' id='word_1_39' title='bbox 500 1386 615 1420; x_wconf 86' lang='lat' dir='ltr'>motu</span> <span class='ocrx_word' id='word_1_40' title='bbox 642 1382 777 1430; x_wconf 80' lang='lat' dir='ltr'>deque</span> <span class='ocrx_word' id='word_1_41' title='bbox 799 1382 939 1431; x_wconf 89' lang='lat' dir='ltr'>positu</span> <span class='ocrx_word' id='word_1_42' title='bbox 971 1382 1181 1421; x_wconf 85' lang='lat' dir='ltr'>stellarum</span> <span class='ocrx_word' id='word_1_43' title='bbox 1204 1381 1343 1421; x_wconf 83' lang='lat' dir='ltr'>dicere</span> <span class='ocrx_word' id='word_1_44' title='bbox 1365 1393 1507 1432; x_wconf 86' lang='lat' dir='ltr'>posse,</span> 
     </span>
     <span class='ocr_line' id='line_1_9' title="bbox 108 1437 1508 1488; baseline 0 -10"><span class='ocrx_word' id='word_1_45' title='bbox 108 1449 214 1487; x_wconf 88' lang='lat' dir='ltr'>quae</span> <span class='ocrx_word' id='word_1_46' title='bbox 247 1437 382 1475; x_wconf 83' lang='lat' dir='ltr'>futura</span> <span class='ocrx_word' id='word_1_47' title='bbox 410 1442 516 1484; x_wconf 83' lang='lat' dir='ltr'>sunt,</span> <span class='ocrx_word' id='word_1_48' title='bbox 550 1437 809 1486; x_wconf 85' lang='lat' dir='ltr'>profitentur,</span> <span class='ocrx_word' id='word_1_49' title='bbox 842 1437 1075 1477; x_wconf 90' lang='lat' dir='ltr'>audiuimus</span> <span class='ocrx_word' id='word_1_50' title='bbox 1108 1438 1318 1488; x_wconf 87' lang='lat' dir='ltr'>quondam</span> <span class='ocrx_word' id='word_1_51' title='bbox 1342 1438 1508 1478; x_wconf 86' lang='lat' dir='ltr'>Fauo-</span> 
     </span>
     <span class='ocr_line' id='line_1_10' title="bbox 106 1493 1508 1543; baseline 0.001 -11"><span class='ocrx_word' id='word_1_52' title='bbox 106 1495 274 1533; x_wconf 89' lang='lat' dir='ltr'>rinum</span> <span class='ocrx_word' id='word_1_53' title='bbox 296 1493 590 1542; x_wconf 79' lang='lat' dir='ltr'>philosophum</span> <span class='ocrx_word' id='word_1_54' title='bbox 607 1493 764 1532; x_wconf 86' lang='lat' dir='ltr'>Romae</span> <span class='ocrx_word' id='word_1_55' title='bbox 786 1494 941 1532; x_wconf 78' lang='lat' dir='ltr'>Graece</span> <span class='ocrx_word' id='word_1_56' title='bbox 963 1494 1237 1534; x_wconf 83' lang='lat' dir='ltr'>disserentem</span> <span class='ocrx_word' id='word_1_57' title='bbox 1256 1493 1423 1543; x_wconf 79' lang='lat' dir='ltr'>egregia</span> <span class='ocrx_word' id='word_1_58' title='bbox 1453 1499 1508 1533; x_wconf 90' lang='lat' dir='ltr'>at-</span> 
     </span>
    </p>

    <p class='ocr_par' dir='ltr' id='par_1_7' title="bbox 67 1549 1510 2048">
     <span class='ocr_line' id='line_1_11' title="bbox 67 1549 1508 1600; baseline 0 -10"><span class='ocrx_word' id='word_1_59' title='bbox 67 1555 89 1589; x_wconf 84' lang='lat'><strong>2</strong></span> <span class='ocrx_word' id='word_1_60' title='bbox 108 1561 188 1600; x_wconf 90' lang='lat' dir='ltr'>que</span> <span class='ocrx_word' id='word_1_61' title='bbox 205 1549 366 1589; x_wconf 86' lang='lat' dir='ltr'>inlustri</span> <span class='ocrx_word' id='word_1_62' title='bbox 384 1549 593 1596; x_wconf 87' lang='lat' dir='ltr'>oratione;</span> <span class='ocrx_word' id='word_1_63' title='bbox 628 1550 850 1588; x_wconf 83' lang='lat' dir='ltr'>exercendi</span> <span class='ocrx_word' id='word_1_64' title='bbox 867 1554 1016 1597; x_wconf 88' lang='lat' dir='ltr'>autem,</span> <span class='ocrx_word' id='word_1_65' title='bbox 1047 1561 1130 1590; x_wconf 91' lang='lat' dir='ltr'>non</span> <span class='ocrx_word' id='word_1_66' title='bbox 1153 1550 1402 1598; x_wconf 85' lang='lat' dir='ltr'>ostentandi,</span> <span class='ocrx_word' id='word_1_67' title='bbox 1419 1561 1508 1600; x_wconf 85' lang='lat' dir='ltr'>gra-</span> 
     </span>
     <span class='ocr_line' id='line_1_12' title="bbox 105 1605 1507 1655; baseline 0 -10"><span class='ocrx_word' id='word_1_68' title='bbox 105 1607 161 1646; x_wconf 88' lang='lat' dir='ltr'>tia</span> <span class='ocrx_word' id='word_1_69' title='bbox 182 1605 351 1655; x_wconf 82' lang='lat' dir='ltr'>ingenii,</span> <span class='ocrx_word' id='word_1_70' title='bbox 385 1617 437 1644; x_wconf 88' lang='lat' dir='ltr'>an</span> <span class='ocrx_word' id='word_1_71' title='bbox 461 1605 575 1654; x_wconf 86' lang='lat' dir='ltr'>quod</span> <span class='ocrx_word' id='word_1_72' title='bbox 605 1605 660 1644; x_wconf 90' lang='lat' dir='ltr'>ita</span> <span class='ocrx_word' id='word_1_73' title='bbox 681 1606 789 1645; x_wconf 84' lang='lat' dir='ltr'>serio</span> <span class='ocrx_word' id='word_1_74' title='bbox 828 1605 1094 1655; x_wconf 85' lang='lat' dir='ltr'>iudicatoque</span> <span class='ocrx_word' id='word_1_75' title='bbox 1128 1606 1393 1654; x_wconf 87' lang='lat' dir='ltr'>existimaret,</span> <span class='ocrx_word' id='word_1_76' title='bbox 1424 1618 1507 1646; x_wconf 90' lang='lat' dir='ltr'>non</span> 
     </span>
     <span class='ocr_line' id='line_1_13' title="bbox 105 1661 1507 1712; baseline 0 -11"><span class='ocrx_word' id='word_1_77' title='bbox 105 1663 239 1702; x_wconf 85' lang='lat' dir='ltr'>habeo</span> <span class='ocrx_word' id='word_1_78' title='bbox 272 1661 424 1701; x_wconf 79' lang='lat' dir='ltr'>dicere.</span> <span class='ocrx_word' id='word_1_79' title='bbox 502 1662 643 1711; x_wconf 85' lang='lat' dir='ltr'>Capita</span> <span class='ocrx_word' id='word_1_80' title='bbox 680 1667 815 1701; x_wconf 85' lang='lat' dir='ltr'>autem</span> <span class='ocrx_word' id='word_1_81' title='bbox 856 1664 1045 1702; x_wconf 91' lang='lat' dir='ltr'>locorum</span> <span class='ocrx_word' id='word_1_82' title='bbox 1071 1667 1507 1712; x_wconf 78' lang='lat' dir='ltr'>argumentorumque,</span> 
     </span>
     <span class='ocr_line' id='line_1_14' title="bbox 108 1718 1510 1768; baseline -0.001 -10"><span class='ocrx_word' id='word_1_83' title='bbox 108 1719 257 1768; x_wconf 82' lang='lat' dir='ltr'>quibus</span> <span class='ocrx_word' id='word_1_84' title='bbox 274 1729 375 1757; x_wconf 89' lang='lat' dir='ltr'>usus</span> <span class='ocrx_word' id='word_1_85' title='bbox 394 1723 479 1766; x_wconf 89' lang='lat' dir='ltr'>est,</span> <span class='ocrx_word' id='word_1_86' title='bbox 511 1719 624 1768; x_wconf 93' lang='lat' dir='ltr'>quod</span> <span class='ocrx_word' id='word_1_87' title='bbox 649 1718 737 1758; x_wconf 92' lang='lat' dir='ltr'>eius</span> <span class='ocrx_word' id='word_1_88' title='bbox 758 1718 994 1758; x_wconf 88' lang='lat' dir='ltr'>meminisse</span> <span class='ocrx_word' id='word_1_89' title='bbox 1010 1718 1127 1768; x_wconf 89' lang='lat' dir='ltr'>potui</span> <span class='ocrx_word' id='word_1_90' title='bbox 1155 1729 1354 1768; x_wconf 85' lang='lat' dir='ltr'>egressus</span> <span class='ocrx_word' id='word_1_91' title='bbox 1376 1718 1431 1757; x_wconf 88' lang='lat' dir='ltr'>ibi</span> <span class='ocrx_word' id='word_1_92' title='bbox 1457 1730 1510 1757; x_wconf 83' lang='lat' dir='ltr'>ex</span> 
     </span>
     <span class='ocr_line' id='line_1_15' title="bbox 107 1775 1507 1825; baseline -0.001 -11"><span class='ocrx_word' id='word_1_93' title='bbox 107 1775 319 1814; x_wconf 77' lang='lat' dir='ltr'>auditione</span> <span class='ocrx_word' id='word_1_94' title='bbox 335 1785 515 1824; x_wconf 83' lang='lat' dir='ltr'>propere</span> <span class='ocrx_word' id='word_1_95' title='bbox 537 1775 754 1822; x_wconf 86' lang='lat' dir='ltr'>adnotaui,</span> <span class='ocrx_word' id='word_1_96' title='bbox 787 1786 919 1825; x_wconf 90' lang='lat' dir='ltr'>eaque</span> <span class='ocrx_word' id='word_1_97' title='bbox 951 1776 1116 1814; x_wconf 83' lang='lat' dir='ltr'>fuerunt</span> <span class='ocrx_word' id='word_1_98' title='bbox 1152 1775 1205 1813; x_wconf 86' lang='lat' dir='ltr'>ad</span> <span class='ocrx_word' id='word_1_99' title='bbox 1237 1775 1344 1814; x_wconf 86' lang='lat' dir='ltr'>hanc</span> <span class='ocrx_word' id='word_1_100' title='bbox 1379 1775 1507 1814; x_wconf 83' lang='lat' dir='ltr'>ferme</span> 
     </span>
     <span class='ocr_line' id='line_1_16' title="bbox 107 1830 1507 1880; baseline -0.001 -10"><span class='ocrx_word' id='word_1_101' title='bbox 107 1830 372 1870; x_wconf 83' lang='lat' dir='ltr'>sententiam:</span> <span class='ocrx_word' id='word_1_102' title='bbox 404 1830 661 1880; x_wconf 81' lang='lat' dir='ltr'>disciplinam</span> <span class='ocrx_word' id='word_1_103' title='bbox 675 1831 796 1870; x_wconf 88' lang='lat' dir='ltr'>istam</span> <span class='ocrx_word' id='word_1_104' title='bbox 815 1831 1113 1871; x_wconf 80' lang='lat' dir='ltr'>Chaldaeorum</span> <span class='ocrx_word' id='word_1_105' title='bbox 1129 1836 1268 1870; x_wconf 86' lang='lat' dir='ltr'>tantae</span> <span class='ocrx_word' id='word_1_106' title='bbox 1287 1830 1507 1870; x_wconf 86' lang='lat' dir='ltr'>uetustatis</span> 
     </span>
     <span class='ocr_line' id='line_1_17' title="bbox 107 1886 1506 1937; baseline 0 -12"><span class='ocrx_word' id='word_1_107' title='bbox 107 1898 191 1926; x_wconf 89' lang='lat' dir='ltr'>non</span> <span class='ocrx_word' id='word_1_108' title='bbox 213 1897 328 1933; x_wconf 81' lang='lat' dir='ltr'>esse,</span> <span class='ocrx_word' id='word_1_109' title='bbox 361 1892 539 1935; x_wconf 86' lang='lat' dir='ltr'>quantae</span> <span class='ocrx_word' id='word_1_110' title='bbox 563 1887 695 1926; x_wconf 91' lang='lat' dir='ltr'>uideri</span> <span class='ocrx_word' id='word_1_111' title='bbox 726 1889 891 1934; x_wconf 88' lang='lat' dir='ltr'>uolunt,</span> <span class='ocrx_word' id='word_1_112' title='bbox 919 1897 1056 1936; x_wconf 89' lang='lat' dir='ltr'>neque</span> <span class='ocrx_word' id='word_1_113' title='bbox 1085 1897 1159 1926; x_wconf 89' lang='lat' dir='ltr'>eos</span> <span class='ocrx_word' id='word_1_114' title='bbox 1180 1887 1400 1937; x_wconf 76' lang='lat' dir='ltr'>principesv</span> <span class='ocrx_word' id='word_1_115' title='bbox 1418 1886 1506 1926; x_wconf 91' lang='lat' dir='ltr'>eius</span> 
     </span>
     <span class='ocr_line' id='line_1_18' title="bbox 108 1941 1507 1994; baseline 0.001 -14"><span class='ocrx_word' id='word_1_116' title='bbox 108 1948 388 1991; x_wconf 85' lang='lat' dir='ltr'>auctoresque</span> <span class='ocrx_word' id='word_1_117' title='bbox 406 1954 515 1991; x_wconf 85' lang='lat' dir='ltr'>esse,</span> <span class='ocrx_word' id='word_1_118' title='bbox 549 1955 656 1992; x_wconf 90' lang='lat' dir='ltr'>quos</span> <span class='ocrx_word' id='word_1_119' title='bbox 682 1943 761 1993; x_wconf 87' lang='lat' dir='ltr'>ipsi</span> <span class='ocrx_word' id='word_1_120' title='bbox 785 1945 932 1994; x_wconf 79' lang='lat' dir='ltr'>ferant,</span> <span class='ocrx_word' id='word_1_121' title='bbox 964 1943 1039 1981; x_wconf 89' lang='lat' dir='ltr'>sed</span> <span class='ocrx_word' id='word_1_122' title='bbox 1059 1941 1102 1981; x_wconf 92' lang='lat' dir='ltr'>id</span> <span class='ocrx_word' id='word_1_123' title='bbox 1118 1943 1434 1993; x_wconf 82' lang='lat' dir='ltr'>praestigiarum</span> <span class='ocrx_word' id='word_1_124' title='bbox 1451 1947 1507 1981; x_wconf 88' lang='lat' dir='ltr'>at-</span> 
     </span>
     <span class='ocr_line' id='line_1_19' title="bbox 110 1998 1507 2048; baseline 0.001 -11"><span class='ocrx_word' id='word_1_125' title='bbox 110 2009 191 2047; x_wconf 88' lang='lat' dir='ltr'>que</span> <span class='ocrx_word' id='word_1_126' title='bbox 219 1998 464 2037; x_wconf 85' lang='lat' dir='ltr'>offuciarum</span> <span class='ocrx_word' id='word_1_127' title='bbox 493 2010 625 2048; x_wconf 82' lang='lat' dir='ltr'>genus</span> <span class='ocrx_word' id='word_1_128' title='bbox 646 2005 904 2039; x_wconf 88' lang='lat' dir='ltr'>commentos</span> <span class='ocrx_word' id='word_1_129' title='bbox 927 2009 1024 2038; x_wconf 86' lang='lat' dir='ltr'>esse</span> <span class='ocrx_word' id='word_1_130' title='bbox 1046 1998 1234 2040; x_wconf 90' lang='lat' dir='ltr'>homines</span> <span class='ocrx_word' id='word_1_131' title='bbox 1270 2004 1507 2040; x_wconf 87' lang='lat' dir='ltr'>aeruscato-</span> 
     </span>
    </p>

    <p class='ocr_par' dir='ltr' id='par_1_8' title="bbox 69 2053 1561 2271">
     <span class='ocr_line' id='line_1_20' title="bbox 69 2053 1506 2104; baseline 0 -10"><span class='ocrx_word' id='word_1_132' title='bbox 69 2061 91 2095; x_wconf 88' lang='lat'><strong>3</strong></span> <span class='ocrx_word' id='word_1_133' title='bbox 110 2065 176 2093; x_wconf 89' lang='lat' dir='ltr'>res</span> <span class='ocrx_word' id='word_1_134' title='bbox 203 2061 243 2093; x_wconf 91' lang='lat' dir='ltr'>et</span> <span class='ocrx_word' id='word_1_135' title='bbox 261 2054 396 2093; x_wconf 89' lang='lat' dir='ltr'>cibum</span> <span class='ocrx_word' id='word_1_136' title='bbox 414 2060 717 2104; x_wconf 87' lang='lat' dir='ltr'>quaestumque</span> <span class='ocrx_word' id='word_1_137' title='bbox 741 2066 792 2094; x_wconf 87' lang='lat' dir='ltr'>ex</span> <span class='ocrx_word' id='word_1_138' title='bbox 817 2053 1043 2093; x_wconf 88' lang='lat' dir='ltr'>mendaciis</span> <span class='ocrx_word' id='word_1_139' title='bbox 1076 2060 1305 2104; x_wconf 86' lang='lat' dir='ltr'>captantes.</span> <span class='ocrx_word' id='word_1_140' title='bbox 1366 2057 1506 2104; x_wconf 91' lang='lat' dir='ltr'>Atque</span> 
     </span>
     <span class='ocr_line' id='line_1_21' title="bbox 109 2109 1508 2159; baseline 0 -11"><span class='ocrx_word' id='word_1_141' title='bbox 109 2121 206 2156; x_wconf 92' lang='lat' dir='ltr'>eos,</span> <span class='ocrx_word' id='word_1_142' title='bbox 238 2109 432 2159; x_wconf 89' lang='lat' dir='ltr'>quoniam</span> <span class='ocrx_word' id='word_1_143' title='bbox 455 2110 644 2149; x_wconf 89' lang='lat' dir='ltr'>uiderent</span> <span class='ocrx_word' id='word_1_144' title='bbox 664 2115 831 2149; x_wconf 86' lang='lat' dir='ltr'>terrena</span> <span class='ocrx_word' id='word_1_145' title='bbox 853 2110 1058 2159; x_wconf 86' lang='lat' dir='ltr'>quaedam</span> <span class='ocrx_word' id='word_1_146' title='bbox 1089 2110 1195 2150; x_wconf 88' lang='lat' dir='ltr'>inter</span> <span class='ocrx_word' id='word_1_147' title='bbox 1218 2111 1407 2151; x_wconf 89' lang='lat' dir='ltr'>homines</span> <span class='ocrx_word' id='word_1_148' title='bbox 1429 2110 1508 2150; x_wconf 86' lang='lat' dir='ltr'>sita</span> 
     </span>
     <span class='ocr_line' id='line_1_22' title="bbox 110 2166 1508 2218; baseline 0.001 -15"><span class='ocrx_word' id='word_1_149' title='bbox 110 2166 348 2205; x_wconf 88' lang='lat' dir='ltr'>caelestium</span> <span class='ocrx_word' id='word_1_150' title='bbox 362 2177 498 2205; x_wconf 90' lang='lat' dir='ltr'>rerum</span> <span class='ocrx_word' id='word_1_151' title='bbox 524 2177 652 2205; x_wconf 86' lang='lat' dir='ltr'>sensu</span> <span class='ocrx_word' id='word_1_152' title='bbox 670 2172 794 2215; x_wconf 86' lang='lat' dir='ltr'>atque</span> <span class='ocrx_word' id='word_1_153' title='bbox 812 2166 938 2205; x_wconf 91' lang='lat' dir='ltr'>ductu</span> <span class='ocrx_word' id='word_1_154' title='bbox 955 2166 1126 2213; x_wconf 91' lang='lat' dir='ltr'>moueri,</span> <span class='ocrx_word' id='word_1_155' title='bbox 1159 2168 1281 2218; x_wconf 88' lang='lat' dir='ltr'>quale</span> <span class='ocrx_word' id='word_1_156' title='bbox 1299 2173 1375 2215; x_wconf 90' lang='lat' dir='ltr'>est,</span> <span class='ocrx_word' id='word_1_157' title='bbox 1393 2166 1508 2216; x_wconf 87' lang='lat' dir='ltr'>quod</span> 
     </span>
     <span class='ocr_line' id='line_1_23' title="bbox 110 2221 1561 2271; baseline 0.001 -12"><span class='ocrx_word' id='word_1_158' title='bbox 110 2231 292 2260; x_wconf 88' lang='lat' dir='ltr'>oceanus</span> <span class='ocrx_word' id='word_1_159' title='bbox 313 2222 430 2270; x_wconf 88' lang='lat' dir='ltr'>quasi</span> <span class='ocrx_word' id='word_1_160' title='bbox 458 2223 579 2261; x_wconf 87' lang='lat' dir='ltr'>lunae</span> <span class='ocrx_word' id='word_1_161' title='bbox 605 2233 745 2262; x_wconf 87' lang='lat' dir='ltr'>comes</span> <span class='ocrx_word' id='word_1_162' title='bbox 766 2234 859 2261; x_wconf 90' lang='lat' dir='ltr'>cum</span> <span class='ocrx_word' id='word_1_163' title='bbox 876 2233 924 2260; x_wconf 88' lang='lat' dir='ltr'>ea</span> <span class='ocrx_word' id='word_1_164' title='bbox 947 2221 1068 2261; x_wconf 90' lang='lat' dir='ltr'>simul</span> <span class='ocrx_word' id='word_1_165' title='bbox 1085 2223 1268 2264; x_wconf 87' lang='lat' dir='ltr'>senescit</span> <span class='ocrx_word' id='word_1_166' title='bbox 1289 2221 1508 2263; x_wconf 85' lang='lat' dir='ltr'>adulescit·</span> <span class='ocrx_word' id='word_1_167' title='bbox 1535 2234 1561 2271; x_wconf 66' lang='lat' dir='ltr'>-j</span> 
     </span>
    </p>
   </div>
  </div>
 </body>
</html>
