1635 2492
0 178 7 190 .
0 0 38 79 ..μθ-ξς

38 0 70 46 ἴῃ

697 36 748 76 X.
781 47 851 75 xx.
875 46 963 74 xxi.
1493 35 1546 75 21

215 149 302 192 Sed
323 160 577 201 quamquam
606 149 710 189 haec
739 147 796 188 ita
827 157 945 197 sunt,
977 148 1017 188 in
1045 148 1260 190 ueteribus
1285 153 1423 188 tamen
1447 148 1584 191 scri-9

127 207 210 259 ptis
238 219 324 249 non
355 217 549 256 magnam
584 206 889 247 uocabulorum
925 206 1101 246 istorum
1140 205 1416 245 differentiam
1453 217 1550 246 esse

127 263 512 306 animaduertimus.
550 264 652 303 Nam
682 267 723 302 et
745 262 1034 313 ‘plebisscita'
1062 268 1104 302 et
1126 262 1391 313 ‘priuilegia'
1417 267 1550 302 trans-

125 321 264 363 laticio
287 321 457 361 nomine
470 319 608 371 ‘legis’
628 320 946 371 appellauerunt
964 319 1196 369 eademque
1215 319 1353 360 omnia
1371 320 1548 360 confuso

126 384 168 420 et
186 378 425 419 indistincto
446 378 654 418 uocabulo
679 377 970 427 ‘rogationes’
994 376 1202 416 dixerunt.
1261 375 1548 417 Sallustius
1564 384 1610 420 10

129 446 314 486 quoque,
335 434 635 485 proprietatum
652 434 691 474 in
709 433 849 474 uerbis
866 433 1235 481 retinentissimus,
1257 432 1551 474 consuetudini

129 491 343 534 concessit
374 496 415 531 et
436 491 719 542 priuilegium,
745 491 859 541 quod
883 492 934 530 de
953 491 1023 531 Cn.
1048 490 1220 540 Pompei
1237 490 1372 530 reditu
1391 489 1550 530 sereba-

126 555 214 598 tur,
241 550 423 599 ‘legem’
447 548 684 598 appellauit.
745 548 888 588 Verba
913 559 965 588 ex
1004 548 1235 588 secunda
1267 547 1356 587 eius
1384 546 1550 587 histo-

127 606 205 646 ria
226 607 330 647 hacc
353 611 466 647 sunt:
493 608 611 646 Nam
643 607 782 646 illam
809 606 1004 645 Sullam
1037 608 1311 646 consulem
1344 607 1403 646 de
1435 607 1551 647 red·

127 664 202 703 itu
240 663 349 704 eius
388 665 551 713 legem
589 665 837 703 serentem
883 674 945 702 ex
989 663 1273 713 conposito
1309 669 1366 703 tr.
1406 665 1469 713 pl.
1505 664 1548 703 C.

128 720 422 761 Herennius
468 720 827 771 prohibuerat.

788 836 896 878 XXI.

129 913 251 959 Quam
268 913 316 950 ob
339 923 493 950 causam
510 915 561 951 M.
591 915 720 953 Cicero
743 915 801 952 his
834 918 985 954 omnino
1008 919 1156 956 uerbis:
1193 921 1402 958 nouissime
1430 926 1465 959 et
1485 932 1551 959 no-

486 972 668 1010 uissimus
691 975 1029 1012 obseruantissimc
1050 977 1187 1013 uitarit.

216 1058 308 1097 Non
338 1057 483 1108 paucis
515 1059 676 1107 uerbis,
715 1071 893 1109 quorum
925 1062 1123 1111 frequens
1151 1074 1256 1103 usus
1287 1069 1352 1104 est
1378 1076 1489 1105 nunc
1513 1072 1584 1107 et]

130 1112 226 1162 suit,
260 1114 315 1154 M.
339 1115 642 1156 Ciceronem
671 1117 857 1156 noluisse
879 1118 937 1157 uti
959 1119 1223 1159 manifestum
1245 1126 1328 1169 est,
1362 1123 1475 1170 quod
1503 1134 1552 1162 ea

128 1181 212 1210 non
233 1172 453 1221 probaret:
477 1174 592 1212 uelut
613 1178 677 1213 est
695 1179 735 1213 et
761 1174 1051 1216 ‘nouissimus'
1072 1181 1112 1215 et
1134 1177 1414 1218 ‘nouissime'.
1451 1180 1551 1219 Nam
1568 1188 1590 1222 2

128 1237 223 1266 cum
247 1233 288 1267 et
311 1229 367 1268 M.
397 1230 520 1269 Cato
547 1235 587 1269 et
608 1230 901 1271 Sallustius
924 1238 964 1271 et
991 1233 1055 1272 alii
1076 1245 1246 1283 quoque
1272 1235 1419 1276 aetatis
1445 1236 1551 1276 eius-

127 1283 222 1323 dem
249 1285 381 1326 uerbo
403 1285 484 1326 isto
510 1287 718 1336 promisce
746 1287 887 1328 usitati
912 1289 1011 1338 sint,
1045 1291 1158 1329 multi
1181 1291 1303 1331 etiam
1324 1304 1408 1333 non
1434 1293 1551 1334 indo-

127 1339 181 1380 cti
202 1340 280 1381 uiri
309 1341 349 1381 in
383 1341 496 1383 libris
532 1343 573 1382 id
614 1344 700 1383 suis
739 1344 1008 1396 scripserint,
1043 1348 1297 1388 abstinuisse
1329 1361 1379 1389 eo
1412 1355 1550 1390 tamen

125 1402 338 1448 tamquam
366 1411 450 1439 non
470 1400 615 1440 Latino
641 1401 828 1450 uidetur,
866 1403 1062 1453 quoniam
1089 1404 1159 1454 qui
1188 1405 1458 1448 doctissimus
1481 1419 1550 1447 eo-

125 1465 216 1494 rum
232 1459 468 1506 temporum
485 1458 637 1506 suerat,
659 1459 703 1497 L.
723 1459 906 1500 Aelius
929 1460 1080 1510 Stilo,
1111 1466 1156 1501 ut
1173 1474 1286 1504 nouo
1305 1470 1346 1503 et
1369 1464 1547 1514 inprobo

123 1511 271 1560 uerbo,
292 1512 353 1552 uti
369 1513 588 1554 uitauerat.

209 1568 459 1620 Propterea,
497 1570 596 1621 quid
623 1572 676 1612 M.
707 1585 876 1623 quoque
896 1576 1058 1614 Varro
1093 1576 1145 1615 de
1170 1576 1250 1616 ista
1277 1588 1385 1617 uoce
1412 1578 1548 1618 existi-

124 1625 320 1674 mauerit,
344 1626 486 1667 uerbis
504 1627 636 1678 ipsius
654 1630 908 1670 Varronis
932 1642 984 1671 ex
1007 1632 1144 1673 libro
1168 1633 1230 1672 de
1255 1633 1436 1684 lingua
1454 1635 1547 1674 La-

124 1681 238 1722 tina
257 1683 318 1722 ad
342 1683 642 1725 Ciceronem
667 1692 814 1727 sexto
835 1687 1207 1729 demonstrandum
1225 1691 1382 1739 putaui.
1403 1691 1547 1740 Quod

125 1742 481 1789 ‘extremum’,
508 1742 660 1792 inquit,
691 1743 986 1793 dicebatur,
1024 1746 1126 1785 dici
1149 1747 1544 1788 ‘nouissimum’

125 1802 372 1845 coeptum
405 1799 587 1848 uulgo,
635 1801 773 1849 quod
819 1812 924 1840 mea
967 1803 1216 1842 memoria
1251 1810 1303 1844 ut
1340 1805 1545 1853 Aelius,

125 1852 201 1892 sic
226 1864 382 1894 senes
405 1854 513 1903 alii,
537 1857 674 1905 quod
697 1856 900 1896 nimium
922 1870 1111 1898 nouum
1132 1861 1350 1901 uerbum
1377 1867 1545 1910 esset,

124 1908 393 1959 uitabant3
435 1911 582 1952 cuius
616 1914 784 1963 origo,
821 1919 926 1953 uta
960 1919 1190 1956 ‘uetere'
1228 1918 1544 1958 ‘uetustius'

124 1976 183 2005 ac
225 1968 636 2018 ‘ueterrimum'‚
677 1970 750 2009 sic
790 1982 812 2008 a
856 1973 1042 2011 ‘nouo’
1081 1973 1404 2015 declinatum
1434 1979 1546 2015 ‘no-

125 2021 266 2062 uius'
290 2028 340 2063 et
366 2025 777 2066 ‘nouissimum'.
