1635 2492
22 142 32 150 .
11 99 16 103 ·
7 0 49 74 23‘235'*

590 29 737 68 XVIII.
768 39 859 68 x111.
876 40 984 69 xnn.
1411 27 1497 71 217

734 142 840 182 xm.

83 227 193 273 Quali
212 227 352 263 talione
368 225 561 273 Diogenes
584 225 838 273 philosophus
865 237 957 262 usus
979 226 1046 271 sit,
1072 230 1346 274 pertemptatus
1371 237 1393 262 a
1418 225 1498 263 dia-

379 283 512 318 lectico
535 281 701 329 quodam
722 282 971 329 sophismatio
994 283 1204 329 inpudenti.

169 370 459 413 Saturnalibus
475 368 652 409 Athenis
667 370 758 408 alea
779 370 959 419 quadam
978 370 1128 411 festiua
1145 375 1186 410 et
1205 371 1385 411 honesta
1400 371 1496 411 lusi·
1515 371 1532 405 l

81 429 272 469 tabamus
293 426 597 467 huiuscemodi.
643 425 725 465 Vbi
742 437 1077 467 conueneramus
1102 427 1365 478 conplusculi
1389 428 1495 469 eius·
1511 428 1537 462 2

79 487 176 526 dem
197 483 324 525 studii
343 483 533 524 homines
557 483 610 522 ad
631 484 797 523 lauandi
813 488 992 534 tempus,
1018 485 1251 535 captiones,
1284 496 1392 535 quae
1411 489 1494 525 eso-

79 542 301 593 phismata’
320 541 594 591 appellantur,
621 545 758 580 mente
775 541 1035 590 agitabamus
1054 553 1225 592 easque,
1245 542 1365 592 quasi
1387 543 1493 581 talos

79 604 150 638 aut
172 598 424 645 tesserulas,
456 597 496 637 in
515 596 697 637 medium
714 597 807 637 uice
827 609 904 638 sua
924 598 1103 648 quisque
1120 598 1389 638 iaciebamus.
1424 599 1494 638 Ca·
1513 598 1538 633 3

78 655 234 706 ptionis
253 656 418 695 solutae
441 658 512 694 aut
532 665 680 705 parum
701 654 934 694 intellectae
950 655 1181 705 praemium
1198 666 1390 705 poenaue
1408 660 1496 695 erat

78 723 273 752 nummus
292 723 400 752 unus
418 711 652 751 sestertius.
685 712 775 751 Hoc
795 722 891 751 aere
911 713 1116 760 conlecto,
1130 712 1249 762 quasi
1266 711 1494 760 manuario,
1512 712 1536 746 4

78 770 227 809 cenula
249 769 472 808 curabatur
490 767 703 816 omnibus,
730 768 801 818 qui
817 779 911 809 eum
933 770 1070 809 lusum
1087 771 1336 809 luseramus.
1369 770 1497 808 Erant
1513 769 1535 802 5

77 831 216 866 autem
240 825 457 879 captiones
476 826 528 864 ad
550 825 630 865 hoc
654 826 740 864 fere
758 827 1018 876 exemplum,
1041 826 1208 865 tametsi
1227 826 1372 865 Latina
1395 837 1495 866 ora-

76 883 191 924 tione
222 893 306 923 non
338 882 440 922 satis
467 882 571 922 scite
605 893 654 921 ac
682 893 817 932 paene
842 883 965 922 etiam
996 883 1176 933 inlepide
1206 888 1493 933 exponuntur:

77 939 220 990 ‘quod
250 939 321 979 nix
352 944 439 986 est,
468 939 550 980 hoc
586 940 747 989 grando
782 951 866 980 non
893 944 979 987 est3
1018 940 1088 979 nix
1114 944 1252 979 autem
1283 940 1376 979 alba
1409 946 1494 979 est:

75 997 236 1047 grando
262 996 386 1046 igitur
413 996 507 1035 alba
523 1007 607 1036 non
625 1000 720 1036 est'.
759 998 859 1036 Item
876 996 987 1036 aliud
1010 1009 1093 1037 non
1113 996 1332 1036 dissimile:
1362 997 1496 1046 ‘quod

75 1054 201 1094 homo
241 1058 324 1101 est,
368 1064 452 1093 non
484 1057 549 1093 est
581 1053 661 1093 hoc
692 1064 848 1102 equus;
888 1054 1013 1094 homo
1052 1059 1190 1093 autem
1227 1053 1377 1093 animal
1410 1058 1493 1093 est:

77 1121 212 1160 equus
232 1109 355 1160 igitur
370 1109 519 1149 animal
537 1121 621 1149 non
640 1112 736 1149 est’.
767 1110 914 1149 Dicere
939 1121 1038 1160 ergo
1053 1110 1244 1158 debebat,
1258 1110 1328 1160 qui
1350 1111 1403 1149 ad
1425 1122 1492 1150 so—
1509 1112 1536 1147 6

75 1167 241 1218 phisma
255 1165 497 1206 diluendum
515 1177 564 1205 ac
586 1167 858 1206 refellendum
876 1167 957 1206 ritu
974 1167 1174 1207 aleatorio
1194 1172 1372 1207 uocatus
1392 1172 1492 1215 erat,

77 1224 118 1263 in
137 1235 221 1273 qua
243 1227 363 1274 parte
388 1234 559 1273 quoque
577 1223 617 1262 in
641 1223 772 1264 uerbo
802 1224 937 1274 captio
970 1225 1097 1271 soret,
1137 1224 1235 1273 quid
1269 1224 1358 1263 dari
1395 1235 1493 1264 con—

78 1280 256 1330 cedique
295 1291 380 1320 non
420 1284 657 1330 oporteret3
690 1280 769 1320 nisi
801 1280 974 1328 dixerat,
1008 1292 1176 1320 nummo
1200 1280 1365 1330 singulo
1392 1282 1493 1320 mul-

76 1337 253 1378 tabatur.
314 1337 375 1376 Ea
402 1337 530 1377 multa
556 1347 701 1376 cenam
726 1337 906 1377 iuuabat.

162 1393 281 1434 Libet
302 1400 440 1434 autem
458 1393 610 1442 dicere,
631 1405 754 1444 quam
773 1395 905 1434 facete
922 1395 954 1434 D
969 1394 1016 1435 io
1032 1406 1126 1444 gen
1138 1405 1160 1433 e
1172 1406 1192 1433 s
1215 1393 1432 1445 sophisma
1451 1393 1494 1432 id
1510 1395 1532 1431 7

75 1463 224 1502 genus,
257 1451 373 1500 quod
389 1462 518 1501 supra
534 1451 640 1499 dixi,
673 1462 698 1489 a
723 1452 906 1501 quodam
934 1451 1150 1491 dialectico
1177 1462 1228 1490 ex
1249 1450 1492 1491 Platonis

77 1507 253 1548 diatriba
269 1518 345 1558 per
361 1508 653 1547 contumeliam
680 1508 956 1561 propositum,
983 1513 1272 1548 remuneratus
1291 1507 1356 1547 sit.
1391 1508 1493 1546 Nam

78 1575 172 1604 cum
190 1564 247 1604 ita
266 1569 461 1614 rogasset
478 1564 739 1604 dialecticus:
774 1566 907 1615 ‘quod
926 1577 1004 1615 ego
1024 1576 1137 1612 sum,
1170 1565 1212 1603 id
1229 1570 1272 1604 tu
1296 1576 1379 1604 non
1402 1575 1447 1603 es
1457 1565 1491 1602 ?'
1508 1566 1533 1601 8

77 1626 119 1661 et
142 1621 412 1671 Diogenes
442 1621 660 1661 adnuisset
677 1625 803 1670 atque
822 1622 888 1660 ille
911 1622 1161 1661 addidisset:
1185 1622 1327 1661 ‘homo
1354 1626 1493 1660 autem

76 1689 156 1729 ego
179 1679 303 1725 sum'‚
337 1688 431 1717 cum
453 1677 495 1716 id
517 1689 687 1728 quoque
703 1678 911 1718 adsensus
935 1682 1062 1726 esset,
1082 1683 1228 1718 contra
1249 1678 1492 1717 dialecticus

77 1734 135 1774 ita
152 1734 452 1775 conclusisset:
474 1734 616 1774 <homo
634 1734 758 1787 igitur
773 1740 817 1775 tu
835 1746 918 1774 non
937 1738 1015 1782 es’‚
1028 1735 1125 1775 <hoc
1150 1733 1493 1785 quidem’,inquit

77 1790 359 1842 Diogenes,
392 1792 560 1831 ‘falsum
578 1796 643 1831 est
664 1796 706 1831 et
732 1792 930 1832 sinerum
947 1792 1037 1831 fieri
1058 1791 1143 1840 uis,
1165 1803 1189 1831 a
1207 1803 1272 1831 me
1293 1791 1462 1842 incipe'.

723 1904 847 1944 XIIII.

80 1986 181 2033 Quid
203 1989 251 2025 sit
267 1999 447 2025 numerus
471 1986 685 2032 hemiolios,
709 1986 799 2033 quid
817 1988 1008 2034 epitritos3
1034 1992 1070 2024 et
1088 1988 1190 2035 quod
1214 1989 1398 2024 uocabula
1420 1989 1491 2024 ista

165 2055 241 2081 non
257 2045 368 2082 facile
391 2045 509 2081 nostri
528 2044 610 2080 ausi
629 2048 715 2079 sunt
733 2049 954 2081 conuertere
978 2045 1016 2080 in
1031 2045 1199 2092 linguam
1220 2045 1403 2081 Latinam.

163 2131 340 2182 Figurae
359 2133 565 2183 quaedam
590 2143 871 2180 numerorum,
897 2143 1001 2182 quas
1016 2131 1163 2172 Graeci
1180 2132 1304 2172 certis
1319 2132 1491 2172 nomini·
1509 2141 1528 2174 1

79 2188 159 2229 bus
177 2190 400 2240 appellant,
418 2189 626 2229 uocabula
642 2188 682 2228 in
706 2188 843 2238 lingua
853 2188 996 2228 Latina
1012 2200 1095 2229 non
1118 2189 1284 2229 habent.
1317 2189 1402 2230 Sed
1421 2189 1490 2239 qui
1507 2195 1530 2229 2

80 2245 133 2285 de
149 2245 332 2285 numeris
349 2246 491 2286 Latine
514 2246 794 2296 scripserunt,
821 2246 979 2286 Graeca
994 2245 1087 2296 ipsa
1104 2245 1310 2295 dixerunt,
1331 2246 1490 2296 fingere
