1619 2476
92 62 148 104 32
525 65 674 102 INDEX
712 64 1071 102 CAPITVLORVM.

92 183 299 216 matronam
338 183 373 214 et
402 183 557 214 matrem
599 179 758 214 familias
792 178 1020 214 existimauit
1051 177 1264 215 differentia
1283 180 1409 226 -longe
1439 190 1504 216 ua-

89 247 261 272 nissima.

203 292 283 327 VII.
328 290 445 335 Quem
472 291 507 325 in
538 290 690 327 modum
723 291 934 327 Fauorinus
961 291 1175 327 tractauerit
1199 291 1503 338 intempestiUum

93 348 277 395 quendam
297 347 343 383 de
361 348 560 383 uerborum
578 348 881 395 ambiguitatibus
899 351 1164 394 quaerentem;
1196 351 1307 394 atque
1326 347 1376 384 ibi
1388 376 1397 392 ‚
1415 352 1504 394 quot

91 404 386 451 significationes
406 405 528 450 capiat
548 404 685 439 consto.

200 470 296 505 VIII.
329 463 620 518 Ὁμοιοτέλευτα
641 474 676 505 et
702 462 947 518 ὁμοιόπτωτα
963 474 1071 517 atquc
1092 470 1165 505 alia
1182 469 1220 506 id
1237 480 1357 517 genus
1371 498 1379 514 ‚
1405 480 1502 516 quae

89 531 307 563 ornamenta
325 527 505 562 orationis
523 531 718 573 putantur,
748 528 873 574 inepta
890 538 976 563 esse
1002 531 1036 562 ct
1060 527 1239 573 puerilia,
1271 526 1388 562 Lucili
1413 537 1495 572 quo-

89 594 158 630 que
178 584 351 619 uersibus
371 583 568 618 declarari.

200 650 312 685 VIIII.
356 649 453 694 Quid
472 649 657 697 significet
678 650 780 697 apud
803 651 853 685 M.
881 650 1058 687 Catonem
1085 651 1241 686 uerbum
1271 650 1499 695 insecenda;

87 707 262 753 quodque
291 705 500 742 insecenda
531 708 656 752 potitis
689 706 892 753 legendum
933 708 979 743 sit
1025 717 1154 754 quam,
1199 707 1300 753 quod
1331 708 1500 754 plerique

86 763 324 806 existimant,
351 763 599 809 insequenda.

198 832 242 868 X.
282 833 417 868 Errare
445 833 558 876 istos,
604 834 665 879 qui
697 834 733 867 in
765 830 999 878 exploranda
1032 831 1124 867 febri
1156 841 1338 867 uenarum
1367 832 1500 878 pulsus

84 891 327 936 pertemptari
344 894 493 935 putant,
524 900 597 924 non
616 891 850 925 arteriarum.

199 955 262 990 XI.
298 956 427 991 Verba
456 967 501 991 ex
536 957 764 992 carminibus
788 955 875 991 Furi
910 954 1071 989 Antiatis
1105 954 1236 989 inscite
1269 965 1291 989 a
1316 952 1499 990 Caesellio

84 1012 247 1049 Vindice
272 1012 529 1059 reprehensa3
573 1023 783 1059 uersusque
810 1012 903 1058 ipsi,
938 1011 974 1045 in
1008 1011 1142 1056 quibus
1173 1021 1218 1045 ea
1253 1011 1371 1047 uerba
1402 1014 1498 1055 sunt,

86 1069 302 1115 subscripti.

201 1125 281 1160 XII.
321 1125 465 1160 Morem
496 1125 605 1161 istum
629 1127 819 1161 ueteribus
852 1125 990 1160 nostris
1016 1125 1153 1162 fuisse.
1186 1125 1302 1159 uerba
1331 1123 1498 1170 patiendi

89 1185 231 1218 mutare
251 1193 296 1217 ac
313 1185 459 1217 uertere
476 1182 513 1216 in
530 1182 666 1228 agendi
684 1182 850 1217 modum.

201 1249 297 1284 XIII.
331 1249 439 1293 Quali
457 1250 592 1284 talione
610 1249 798 1296 Diogenes
814 1247 1064 1295 philosophus
1083 1259 1173 1284 usus
1191 1248 1256 1291 sit,
1274 1251 1499 1294 pertempta-

89 1309 147 1341 tus
165 1316 186 1341 a
205 1305 400 1341 dialectico
419 1305 583 1351 quodam
602 1305 847 1352 sophismatio
862 1304 1071 1352 Inpudenti.

201 1361 313 1397 XIIII.
347 1361 445 1406 Quid
476 1363 523 1398 sit
548 1373 725 1398 numerus
750 1362 970 1405 hemiolios,
999 1360 1089 1408 quid
1114 1361 1304 1407 epitritos3
1334 1364 1369 1395 et
1397 1360 1500 1407 quod

85 1419 272 1454 uocabula
296 1418 367 1454 ista
396 1429 470 1454 non
499 1420 608 1455 facile
634 1420 750 1455 nostri
777 1419 859 1455 ausi
893 1422 977 1454 sunt
1009 1422 1229 1454 conuertere
1262 1418 1299 1453 in
1331 1417 1498 1465 linguam

84 1475 265 1510 Latinam.

196 1531 281 1566 XV.
324 1531 433 1576 Quod
464 1532 514 1567 M.
542 1532 663 1567 Varro
697 1533 733 1568 in
762 1532 890 1567 herois
923 1531 1096 1567 uersibus
1129 1530 1388 1567 obseruauerit
1417 1541 1496 1565 rem

86 1587 197 1623 nimis
215 1588 349 1623 anxiae
372 1592 406 1623 et
423 1590 596 1625 curiosae
613 1589 903 1625 obseruationis.

374 1678 638 1718 CAPITVLA
676 1679 817 1718 LIBRI
862 1679 984 1718 NONI
1014 1678 1208 1718 DECIMI.

197 1757 225 1793 Ι.
267 1757 496 1803 [Responsio
529 1757 726 1793 cuiusdam
757 1757 995 1805 philosophi,
1032 1756 1272 1803 interrogati,
1306 1766 1417 1802 quam
1449 1757 1496 1792 ob

84 1824 239 1850 causam
256 1814 370 1849 maris
388 1817 605 1860 tempestate
622 1815 808 1861 palluerit.
1428 1857 1433 1860 ,

196 1870 240 1905 II.
288 1870 344 1905 Ex
377 1870 541 1917 quinque
576 1872 744 1917 corporiS
780 1873 954 1908 sensibus
994 1870 1090 1906 duos
1129 1880 1215 1906 esse
1253 1880 1339 1905 cum
1374 1869 1495 1905 beluis

83 1927 245 1962 maxime
266 1937 498 1962 communes.
1384 1936 1389 1941 ·
1477 1930 1480 1931 ’

195 1983 255 2018 ΙΠ.
316 1982 425 2027 Quod
465 1983 610 2029 turpius
651 1988 727 2028 est,
773 1984 910 2031 frigide
957 1982 1105 2019 laudari
1159 1979 1272 2029 quam
1319 1983 1495 2018 acerbius
1555 1986 1605 2024 4'

83 2038 302 2084 uituperari.

196 2094 272 2130 ΙΙΙΙ.
323 2094 574 2139 Quamobrem
613 2101 743 2132 uenter
780 2096 975 2144 repentino
1015 2097 1147 2132 timore
1186 2094 1335 2140 effluat,
1376 2105 1491 2141 quare
1557 2097 1570 2133 ζ
1606 2079 1613 2126 f

78 2150 195 2186 'etiam
211 2152 310 2198 ignis
325 2153 472 2188 urinam
491 2153 666 2188 lacessat.

196 2208 246 2242 V.
290 2208 346 2243 Ex
372 2207 585 2244 Aristotelis
616 2210 720 2245 libris
755 2214 964 2256 sumptum,
1001 2207 1102 2255 quod
1132 2208 1231 2245 nIuis
1262 2218 1361 2255 aqua
1387 2207 1492 2254 potui
1555 2221 1564 2251 g

83 2264 252 2310 pessima
269 2265 338 2308 sit3
366 2268 401 2299 et
417 2264 519 2310 quod
535 2276 582 2300 ex
599 2266 685 2301 niue
704 2267 905 2314 crystallus
919 2269 1153 2302 concreatur.
