<?xml version="1.0" encoding="UTF-8"?>
<!DOCTYPE html PUBLIC "-//W3C//DTD XHTML 1.0 Transitional//EN"
    "http://www.w3.org/TR/xhtml1/DTD/xhtml1-transitional.dtd">
<html xmlns="http://www.w3.org/1999/xhtml" xml:lang="en" lang="en">
 <head>
  <title>
</title>
<meta http-equiv="Content-Type" content="text/html;charset=utf-8" />
  <meta name='ocr-system' content='tesseract 3.04.00' />
  <meta name='ocr-capabilities' content='ocr_page ocr_carea ocr_par ocr_line ocrx_word'/>
</head>
<body>
  <div class='ocr_page' id='page_1' title='image "./agelliinoctivmat00gelluoft_0237.png"; bbox 0 0 1603 2508; ppageno 0'>
   <div class='ocr_carea' id='block_1_1' title="bbox 15 29 55 56">
    <p class='ocr_par' dir='ltr' id='par_1_1' title="bbox 15 29 55 56">
     <span class='ocr_line' id='line_1_1' title="bbox 15 29 55 56; baseline 0 -12"><span class='ocrx_word' id='word_1_1' title='bbox 15 29 55 56; x_wconf 44' lang='lat'>2²(</span> 
     </span>
    </p>
   </div>
   <div class='ocr_carea' id='block_1_2' title="bbox 0 151 36 206">
    <p class='ocr_par' dir='ltr' id='par_1_2' title="bbox 0 148 36 206">
     <span class='ocr_line' id='line_1_2' title="bbox 15 151 36 182; baseline 0 0"><span class='ocrx_word' id='word_1_2' title='bbox 15 151 36 182; x_wconf 93' lang='grc'>3,</span> 
     </span>
     <span class='ocr_line' id='line_1_3' title="bbox 0 187 25 206; baseline 0 0"><span class='ocrx_word' id='word_1_3' title='bbox 0 187 25 206; x_wconf 57' lang='grc' dir='ltr'><strong><em>κ</em></strong></span> 
     </span>
    </p>
   </div>
   <div class='ocr_carea' id='block_1_3' title="bbox 0 2209 111 2508">
    <p class='ocr_par' dir='ltr' id='par_1_3' title="bbox 0 2209 111 2508">
     <span class='ocr_line' id='line_1_4' title="bbox 0 2209 111 2508; baseline 0 -180"><span class='ocrx_word' id='word_1_4' title='bbox 0 2209 111 2508; x_wconf 95' lang='lat' dir='ltr'>   </span> 
     </span>
    </p>
   </div>
   <div class='ocr_carea' id='block_1_4' title="bbox 15 0 1520 92">
    <p class='ocr_par' dir='ltr' id='par_1_4' title="bbox 15 0 1520 92">
     <span class='ocr_line' id='line_1_5' title="bbox 15 0 1520 92; baseline 0.005 -25"><span class='ocrx_word' id='word_1_5' title='bbox 15 0 128 92; x_wconf 42' lang='lat' dir='ltr'>fg]</span> <span class='ocrx_word' id='word_1_6' title='bbox 158 0 161 2; x_wconf 90' lang='lat'><em>-</em></span> <span class='ocrx_word' id='word_1_7' title='bbox 226 0 230 2; x_wconf 60' lang='lat'>&gt;</span> <span class='ocrx_word' id='word_1_8' title='bbox 655 33 742 71; x_wconf 91' lang='lat' dir='ltr'>VII.</span> <span class='ocrx_word' id='word_1_9' title='bbox 773 31 882 80; x_wconf 83' lang='lat' dir='ltr'><strong>(VI.)</strong></span> <span class='ocrx_word' id='word_1_10' title='bbox 914 43 960 71; x_wconf 92' lang='lat'>11.</span> <span class='ocrx_word' id='word_1_11' title='bbox 1436 32 1520 74; x_wconf 76' lang='lat'>215</span> 
     </span>
    </p>
   </div>
   <div class='ocr_carea' id='block_1_5' title="bbox 95 145 1575 712">
    <p class='ocr_par' dir='ltr' id='par_1_5' title="bbox 95 145 1575 712">
     <span class='ocr_line' id='line_1_6' title="bbox 101 145 1520 197; baseline 0 -11"><span class='ocrx_word' id='word_1_12' title='bbox 101 145 138 187; x_wconf 87' lang='lat' dir='ltr'>si</span> <span class='ocrx_word' id='word_1_13' title='bbox 161 157 239 197; x_wconf 90' lang='lat' dir='ltr'>per</span> <span class='ocrx_word' id='word_1_14' title='bbox 264 145 400 197; x_wconf 82' lang='lat' dir='ltr'>spatia</span> <span class='ocrx_word' id='word_1_15' title='bbox 421 151 559 185; x_wconf 90' lang='lat' dir='ltr'>terrac</span> <span class='ocrx_word' id='word_1_16' title='bbox 584 157 721 196; x_wconf 87' lang='lat' dir='ltr'>prona</span> <span class='ocrx_word' id='word_1_17' title='bbox 743 151 869 196; x_wconf 91' lang='lat' dir='ltr'>atque</span> <span class='ocrx_word' id='word_1_18' title='bbox 893 146 1072 197; x_wconf 78' lang='lat' dir='ltr'>derupta</span> <span class='ocrx_word' id='word_1_19' title='bbox 1096 145 1223 186; x_wconf 83' lang='lat' dir='ltr'>iacias</span> <span class='ocrx_word' id='word_1_20' title='bbox 1239 179 1248 195; x_wconf 93' lang='lat'>‚</span> <span class='ocrx_word' id='word_1_21' title='bbox 1281 157 1409 186; x_wconf 86' lang='lat' dir='ltr'>causa</span> <span class='ocrx_word' id='word_1_22' title='bbox 1434 147 1520 197; x_wconf 88' lang='lat' dir='ltr'>qui-</span> 
     </span>
     <span class='ocr_line' id='line_1_7' title="bbox 101 201 1520 254; baseline 0.001 -12"><span class='ocrx_word' id='word_1_23' title='bbox 101 203 197 243; x_wconf 89' lang='lat' dir='ltr'>dem</span> <span class='ocrx_word' id='word_1_24' title='bbox 232 201 272 242; x_wconf 91' lang='lat' dir='ltr'>ei</span> <span class='ocrx_word' id='word_1_25' title='bbox 295 207 337 243; x_wconf 88' lang='lat' dir='ltr'>et</span> <span class='ocrx_word' id='word_1_26' title='bbox 370 202 530 242; x_wconf 89' lang='lat' dir='ltr'>initium</span> <span class='ocrx_word' id='word_1_27' title='bbox 565 202 908 254; x_wconf 79' lang='lat' dir='ltr'>praecipitantiae</span> <span class='ocrx_word' id='word_1_28' title='bbox 942 203 1094 251; x_wconf 86' lang='lat' dir='ltr'>fueris,</span> <span class='ocrx_word' id='word_1_29' title='bbox 1142 214 1241 243; x_wconf 82' lang='lat' dir='ltr'>mox</span> <span class='ocrx_word' id='word_1_30' title='bbox 1277 208 1415 243; x_wconf 88' lang='lat' dir='ltr'>tamen</span> <span class='ocrx_word' id='word_1_31' title='bbox 1451 205 1520 244; x_wconf 91' lang='lat' dir='ltr'>ille</span> 
     </span>
     <span class='ocr_line' id='line_1_8' title="bbox 98 259 1519 311; baseline 0.001 -12"><span class='ocrx_word' id='word_1_32' title='bbox 98 270 307 311; x_wconf 85' lang='lat' dir='ltr'>praeceps</span> <span class='ocrx_word' id='word_1_33' title='bbox 337 259 543 307; x_wconf 91' lang='lat' dir='ltr'>uoluitur,</span> <span class='ocrx_word' id='word_1_34' title='bbox 577 271 661 300; x_wconf 92' lang='lat' dir='ltr'>non</span> <span class='ocrx_word' id='word_1_35' title='bbox 689 260 785 310; x_wconf 85' lang='lat' dir='ltr'>quia</span> <span class='ocrx_word' id='word_1_36' title='bbox 814 265 858 300; x_wconf 90' lang='lat' dir='ltr'>tu</span> <span class='ocrx_word' id='word_1_37' title='bbox 891 259 934 299; x_wconf 92' lang='lat' dir='ltr'>id</span> <span class='ocrx_word' id='word_1_38' title='bbox 957 260 1037 299; x_wconf 88' lang='lat' dir='ltr'>iam</span> <span class='ocrx_word' id='word_1_39' title='bbox 1066 259 1186 307; x_wconf 83' lang='lat' dir='ltr'>facis,</span> <span class='ocrx_word' id='word_1_40' title='bbox 1216 260 1293 300; x_wconf 89' lang='lat' dir='ltr'>sed</span> <span class='ocrx_word' id='word_1_41' title='bbox 1320 260 1519 311; x_wconf 88' lang='lat' dir='ltr'>quoniam</span> 
     </span>
     <span class='ocr_line' id='line_1_9' title="bbox 98 316 1519 359; baseline 0.001 -3"><span class='ocrx_word' id='word_1_42' title='bbox 98 316 157 356; x_wconf 91' lang='lat' dir='ltr'>ita</span> <span class='ocrx_word' id='word_1_43' title='bbox 181 328 279 357; x_wconf 90' lang='lat' dir='ltr'>sese</span> <span class='ocrx_word' id='word_1_44' title='bbox 301 317 454 357; x_wconf 90' lang='lat' dir='ltr'>modus</span> <span class='ocrx_word' id='word_1_45' title='bbox 471 316 560 357; x_wconf 89' lang='lat' dir='ltr'>eius</span> <span class='ocrx_word' id='word_1_46' title='bbox 579 321 619 356; x_wconf 91' lang='lat' dir='ltr'>et</span> <span class='ocrx_word' id='word_1_47' title='bbox 643 317 802 357; x_wconf 88' lang='lat' dir='ltr'>formae</span> <span class='ocrx_word' id='word_1_48' title='bbox 823 317 1062 357; x_wconf 85' lang='lat' dir='ltr'>uolubilitas</span> <span class='ocrx_word' id='word_1_49' title='bbox 1088 317 1234 356; x_wconf 85' lang='lat' dir='ltr'>habet:</span> <span class='ocrx_word' id='word_1_50' title='bbox 1267 317 1327 358; x_wconf 88' lang='lat' dir='ltr'>sic</span> <span class='ocrx_word' id='word_1_51' title='bbox 1355 318 1459 359; x_wconf 90' lang='lat' dir='ltr'>ordo</span> <span class='ocrx_word' id='word_1_52' title='bbox 1478 324 1519 358; x_wconf 89' lang='lat' dir='ltr'>et</span> 
     </span>
     <span class='ocr_line' id='line_1_10' title="bbox 97 373 1517 424; baseline 0.001 -11"><span class='ocrx_word' id='word_1_53' title='bbox 97 373 204 414; x_wconf 84' lang='lat' dir='ltr'>ratio</span> <span class='ocrx_word' id='word_1_54' title='bbox 237 378 278 414; x_wconf 91' lang='lat' dir='ltr'>et</span> <span class='ocrx_word' id='word_1_55' title='bbox 305 373 538 414; x_wconf 81' lang='lat' dir='ltr'>necessitas</span> <span class='ocrx_word' id='word_1_56' title='bbox 572 373 643 413; x_wconf 85' lang='lat' dir='ltr'>fati</span> <span class='ocrx_word' id='word_1_57' title='bbox 674 385 830 424; x_wconf 82' lang='lat' dir='ltr'>genera</span> <span class='ocrx_word' id='word_1_58' title='bbox 862 374 954 424; x_wconf 85' lang='lat' dir='ltr'>ipsa</span> <span class='ocrx_word' id='word_1_59' title='bbox 987 379 1028 414; x_wconf 91' lang='lat' dir='ltr'>et</span> <span class='ocrx_word' id='word_1_60' title='bbox 1059 374 1263 424; x_wconf 87' lang='lat' dir='ltr'>principia</span> <span class='ocrx_word' id='word_1_61' title='bbox 1295 386 1517 415; x_wconf 89' lang='lat' dir='ltr'>causarum</span> 
     </span>
     <span class='ocr_line' id='line_1_11' title="bbox 97 430 1517 483; baseline 0 -12"><span class='ocrx_word' id='word_1_62' title='bbox 97 435 263 483; x_wconf 90' lang='lat' dir='ltr'>mouet,</span> <span class='ocrx_word' id='word_1_63' title='bbox 312 430 493 482; x_wconf 88' lang='lat' dir='ltr'>impetus</span> <span class='ocrx_word' id='word_1_64' title='bbox 520 442 622 471; x_wconf 90' lang='lat' dir='ltr'>uero</span> <span class='ocrx_word' id='word_1_65' title='bbox 655 431 926 472; x_wconf 87' lang='lat' dir='ltr'>consiliorum</span> <span class='ocrx_word' id='word_1_66' title='bbox 959 431 1244 482; x_wconf 85' lang='lat' dir='ltr'>mentiumque</span> <span class='ocrx_word' id='word_1_67' title='bbox 1278 437 1517 473; x_wconf 87' lang='lat' dir='ltr'>nostrarum</span> 
     </span>
     <span class='ocr_line' id='line_1_12' title="bbox 96 487 1517 539; baseline 0 -11"><span class='ocrx_word' id='word_1_68' title='bbox 96 487 374 539; x_wconf 84' lang='lat' dir='ltr'>actionesque</span> <span class='ocrx_word' id='word_1_69' title='bbox 405 487 520 539; x_wconf 82' lang='lat' dir='ltr'>ipsas</span> <span class='ocrx_word' id='word_1_70' title='bbox 551 489 748 528; x_wconf 88' lang='lat' dir='ltr'>uoluntas</span> <span class='ocrx_word' id='word_1_71' title='bbox 777 488 982 539; x_wconf 88' lang='lat' dir='ltr'>cuiusque</span> <span class='ocrx_word' id='word_1_72' title='bbox 1013 488 1184 539; x_wconf 84' lang='lat' dir='ltr'>propria</span> <span class='ocrx_word' id='word_1_73' title='bbox 1216 494 1257 528; x_wconf 89' lang='lat' dir='ltr'>et</span> <span class='ocrx_word' id='word_1_74' title='bbox 1285 489 1517 530; x_wconf 84' lang='lat' dir='ltr'>animorum</span> 
     </span>
     <span class='ocr_line' id='line_1_13' title="bbox 95 544 1575 596; baseline 0.003 -12"><span class='ocrx_word' id='word_1_75' title='bbox 95 544 263 595; x_wconf 83' lang='lat' dir='ltr'>ingenia</span> <span class='ocrx_word' id='word_1_76' title='bbox 290 546 574 586; x_wconf 80' lang='lat' dir='ltr'>moderantur.</span> <span class='ocrx_word' id='word_1_77' title='bbox 637 546 763 586; x_wconf 86' lang='lat' dir='ltr'>Infert</span> <span class='ocrx_word' id='word_1_78' title='bbox 796 545 946 585; x_wconf 92' lang='lat' dir='ltr'>deinde</span> <span class='ocrx_word' id='word_1_79' title='bbox 970 547 1100 586; x_wconf 84' lang='lat' dir='ltr'>uerba</span> <span class='ocrx_word' id='word_1_80' title='bbox 1133 547 1260 593; x_wconf 84' lang='lat' dir='ltr'>haec,</span> <span class='ocrx_word' id='word_1_81' title='bbox 1290 546 1374 594; x_wconf 89' lang='lat' dir='ltr'>his,</span> <span class='ocrx_word' id='word_1_82' title='bbox 1408 555 1575 596; x_wconf 78' lang='lat' dir='ltr'>quael-2</span> 
     </span>
     <span class='ocr_line' id='line_1_14' title="bbox 96 596 1516 655; baseline 0.001 -13"><span class='ocrx_word' id='word_1_83' title='bbox 96 602 204 651; x_wconf 84' lang='lat' dir='ltr'>dixi,</span> <span class='ocrx_word' id='word_1_84' title='bbox 237 602 530 653; x_wconf 81' lang='lat' dir='ltr'>congruentia:</span> <span class='ocrx_word' id='word_1_85' title='bbox 562 596 666 643; x_wconf 84' lang='grc' dir='ltr'>Διὸ</span> <span class='ocrx_word' id='word_1_86' title='bbox 705 599 792 642; x_wconf 87' lang='grc' dir='ltr'>καὶ</span> <span class='ocrx_word' id='word_1_87' title='bbox 824 597 932 643; x_wconf 83' lang='grc' dir='ltr'>ὑπὸ</span> <span class='ocrx_word' id='word_1_88' title='bbox 965 603 1072 643; x_wconf 76' lang='grc' dir='ltr'>τῶν</span> <span class='ocrx_word' id='word_1_89' title='bbox 1095 603 1516 655; x_wconf 79' lang='grc' dir='ltr'><em>Πυθαγορείων</em></span> 
     </span>
     <span class='ocr_line' id='line_1_15' title="bbox 97 661 348 712; baseline 0.004 -13"><span class='ocrx_word' id='word_1_90' title='bbox 97 661 320 712; x_wconf 81' lang='grc' dir='ltr'><em>εἴρηται</em></span> <span class='ocrx_word' id='word_1_91' title='bbox 340 673 348 682; x_wconf 94' lang='grc'><em>·</em></span> 
     </span>
    </p>
   </div>
   <div class='ocr_carea' id='block_1_6' title="bbox 181 734 1512 849">
    <p class='ocr_par' dir='ltr' id='par_1_6' title="bbox 181 734 1512 849">
     <span class='ocr_line' id='line_1_16' title="bbox 181 734 1512 791; baseline -0.001 -12"><span class='ocrx_word' id='word_1_92' title='bbox 181 735 401 780; x_wconf 79' lang='grc' dir='ltr'><em>Γνώσει</em></span> <span class='ocrx_word' id='word_1_93' title='bbox 447 734 495 780; x_wconf 78' lang='grc' dir='ltr'>δ’</span> <span class='ocrx_word' id='word_1_94' title='bbox 553 735 902 791; x_wconf 75' lang='grc' dir='ltr'><em>ἀνθρώπους</em></span> <span class='ocrx_word' id='word_1_95' title='bbox 947 734 1263 790; x_wconf 78' lang='grc' dir='ltr'><em>αὐθαίρετα</em></span> <span class='ocrx_word' id='word_1_96' title='bbox 1303 734 1512 791; x_wconf 85' lang='grc' dir='ltr'><em>πήματ’</em></span> 
     </span>
     <span class='ocr_line' id='line_1_17' title="bbox 703 800 1195 849; baseline 0 -13"><span class='ocrx_word' id='word_1_97' title='bbox 703 822 726 832; x_wconf 69' lang='lat'>-</span> <span class='ocrx_word' id='word_1_98' title='bbox 937 800 1195 849; x_wconf 69' lang='grc' dir='ltr'><em>ἔχοντας,</em></span> 
     </span>
    </p>
   </div>
   <div class='ocr_carea' id='block_1_7' title="bbox 91 880 1571 1511">
    <p class='ocr_par' dir='ltr' id='par_1_7' title="bbox 91 880 1571 1386">
     <span class='ocr_line' id='line_1_18' title="bbox 94 880 1518 955; baseline -0.001 -28"><span class='ocrx_word' id='word_1_99' title='bbox 94 881 171 936; x_wconf 79' lang='grc' dir='ltr'>ὡς</span> <span class='ocrx_word' id='word_1_100' title='bbox 218 899 327 928; x_wconf 85' lang='grc' dir='ltr'>των</span> <span class='ocrx_word' id='word_1_101' title='bbox 376 887 602 955; x_wconf 85' lang='grc' dir='ltr'><em>βλαβων</em></span> <span class='ocrx_word' id='word_1_102' title='bbox 639 883 898 936; x_wconf 82' lang='grc' dir='ltr'><em>ἑκάστοις</em></span> <span class='ocrx_word' id='word_1_103' title='bbox 945 881 1072 939; x_wconf 85' lang='grc' dir='ltr'><em>παρ’</em></span> <span class='ocrx_word' id='word_1_104' title='bbox 1109 880 1308 935; x_wconf 82' lang='grc' dir='ltr'><em>αὐτοῖς</em></span> <span class='ocrx_word' id='word_1_105' title='bbox 1348 900 1518 938; x_wconf 64' lang='lat' dir='ltr'>yivo-</span> 
     </span>
     <span class='ocr_line' id='line_1_19' title="bbox 93 938 1515 1010; baseline -0.001 -26"><span class='ocrx_word' id='word_1_106' title='bbox 93 942 283 998; x_wconf 85' lang='grc' dir='ltr'><em>μένων</em></span> <span class='ocrx_word' id='word_1_107' title='bbox 321 942 411 985; x_wconf 82' lang='grc' dir='ltr'>καὶ</span> <span class='ocrx_word' id='word_1_108' title='bbox 448 939 579 986; x_wconf 83' lang='grc' dir='ltr'><em>καθ’</em></span> <span class='ocrx_word' id='word_1_109' title='bbox 619 939 801 998; x_wconf 87' lang='grc' dir='ltr'><em>ὁρμὴν</em></span> <span class='ocrx_word' id='word_1_110' title='bbox 842 939 1026 985; x_wconf 83' lang='grc' dir='ltr'><em>αὐτῶν</em></span> <span class='ocrx_word' id='word_1_111' title='bbox 1065 938 1515 1010; x_wconf 88' lang='grc' dir='ltr'><em>αμαρτανόντων</em></span> 
     </span>
     <span class='ocr_line' id='line_1_20' title="bbox 93 995 1514 1055; baseline -0.001 -13"><span class='ocrx_word' id='word_1_112' title='bbox 93 1014 156 1042; x_wconf 83' lang='grc' dir='ltr'>τε</span> <span class='ocrx_word' id='word_1_113' title='bbox 191 999 281 1042; x_wconf 82' lang='grc' dir='ltr'>καὶ</span> <span class='ocrx_word' id='word_1_114' title='bbox 316 1001 720 1055; x_wconf 84' lang='grc' dir='ltr'><em>βλαπτομένων</em></span> <span class='ocrx_word' id='word_1_115' title='bbox 752 999 841 1042; x_wconf 82' lang='grc' dir='ltr'>καὶ</span> <span class='ocrx_word' id='word_1_116' title='bbox 872 997 1003 1043; x_wconf 78' lang='grc' dir='ltr'><em>κατὰ</em></span> <span class='ocrx_word' id='word_1_117' title='bbox 1037 996 1137 1054; x_wconf 81' lang='grc' dir='ltr'>τὴν</span> <span class='ocrx_word' id='word_1_118' title='bbox 1167 995 1355 1041; x_wconf 80' lang='grc' dir='ltr'><em>αὐτων</em></span> <span class='ocrx_word' id='word_1_119' title='bbox 1387 998 1514 1042; x_wconf 85' lang='grc' dir='ltr'><em>διά-</em></span> 
     </span>
     <span class='ocr_line' id='line_1_21' title="bbox 94 1056 1571 1124; baseline 0.002 -26"><span class='ocrx_word' id='word_1_120' title='bbox 94 1071 260 1099; x_wconf 85' lang='grc' dir='ltr'><em>νοιαν</em></span> <span class='ocrx_word' id='word_1_121' title='bbox 281 1056 372 1099; x_wconf 86' lang='grc' dir='ltr'>καὶ</span> <span class='ocrx_word' id='word_1_122' title='bbox 397 1057 583 1100; x_wconf 82' lang='grc' dir='ltr'><em>θέσιν.</em></span> <span class='ocrx_word' id='word_1_123' title='bbox 635 1060 865 1124; x_wconf 82' lang='lat' dir='ltr'>Propterea</span> <span class='ocrx_word' id='word_1_124' title='bbox 884 1065 1009 1110; x_wconf 81' lang='lat' dir='ltr'>negat</span> <span class='ocrx_word' id='word_1_125' title='bbox 1028 1065 1226 1110; x_wconf 83' lang='lat' dir='ltr'>oportere</span> <span class='ocrx_word' id='word_1_126' title='bbox 1244 1059 1341 1098; x_wconf 81' lang='lat' dir='ltr'>ferri</span> <span class='ocrx_word' id='word_1_127' title='bbox 1364 1059 1514 1099; x_wconf 90' lang='lat' dir='ltr'>audi1i-</span> <span class='ocrx_word' id='word_1_128' title='bbox 1527 1066 1571 1101; x_wconf 84' lang='lat'>13</span> 
     </span>
     <span class='ocr_line' id='line_1_22' title="bbox 95 1115 1512 1167; baseline 0 -11"><span class='ocrx_word' id='word_1_129' title='bbox 95 1127 178 1166; x_wconf 82' lang='lat' dir='ltr'>que</span> <span class='ocrx_word' id='word_1_130' title='bbox 193 1115 384 1157; x_wconf 79' lang='lat' dir='ltr'>homines</span> <span class='ocrx_word' id='word_1_131' title='bbox 402 1122 473 1157; x_wconf 88' lang='lat' dir='ltr'>aut</span> <span class='ocrx_word' id='word_1_132' title='bbox 489 1128 670 1167; x_wconf 84' lang='lat' dir='ltr'>nequam</span> <span class='ocrx_word' id='word_1_133' title='bbox 688 1123 757 1157; x_wconf 89' lang='lat' dir='ltr'>aut</span> <span class='ocrx_word' id='word_1_134' title='bbox 772 1117 949 1167; x_wconf 79' lang='lat' dir='ltr'>ignauos</span> <span class='ocrx_word' id='word_1_135' title='bbox 968 1122 1008 1156; x_wconf 84' lang='lat' dir='ltr'>ct</span> <span class='ocrx_word' id='word_1_136' title='bbox 1027 1122 1229 1156; x_wconf 86' lang='lat' dir='ltr'>nocentes</span> <span class='ocrx_word' id='word_1_137' title='bbox 1249 1121 1289 1155; x_wconf 92' lang='lat' dir='ltr'>et</span> <span class='ocrx_word' id='word_1_138' title='bbox 1315 1117 1512 1163; x_wconf 84' lang='lat' dir='ltr'>audaces,</span> 
     </span>
     <span class='ocr_line' id='line_1_23' title="bbox 95 1172 1514 1224; baseline -0.001 -11"><span class='ocrx_word' id='word_1_139' title='bbox 95 1172 187 1223; x_wconf 92' lang='lat' dir='ltr'>qui,</span> <span class='ocrx_word' id='word_1_140' title='bbox 215 1184 308 1214; x_wconf 88' lang='lat' dir='ltr'>cum</span> <span class='ocrx_word' id='word_1_141' title='bbox 326 1173 367 1213; x_wconf 93' lang='lat' dir='ltr'>in</span> <span class='ocrx_word' id='word_1_142' title='bbox 387 1175 510 1224; x_wconf 88' lang='lat' dir='ltr'>culpa</span> <span class='ocrx_word' id='word_1_143' title='bbox 528 1180 568 1214; x_wconf 91' lang='lat' dir='ltr'>et</span> <span class='ocrx_word' id='word_1_144' title='bbox 587 1174 626 1213; x_wconf 91' lang='lat' dir='ltr'>in</span> <span class='ocrx_word' id='word_1_145' title='bbox 647 1174 851 1214; x_wconf 85' lang='lat' dir='ltr'>maleficio</span> <span class='ocrx_word' id='word_1_146' title='bbox 881 1173 1026 1214; x_wconf 90' lang='lat' dir='ltr'>reuicti</span> <span class='ocrx_word' id='word_1_147' title='bbox 1046 1180 1163 1221; x_wconf 84' lang='lat' dir='ltr'>sunt,</span> <span class='ocrx_word' id='word_1_148' title='bbox 1195 1173 1435 1223; x_wconf 78' lang='lat' dir='ltr'>perfugiunt</span> <span class='ocrx_word' id='word_1_149' title='bbox 1461 1174 1514 1212; x_wconf 91' lang='lat' dir='ltr'>ad</span> 
     </span>
     <span class='ocr_line' id='line_1_24' title="bbox 93 1229 1512 1282; baseline 0 -12"><span class='ocrx_word' id='word_1_150' title='bbox 93 1229 166 1270; x_wconf 80' lang='lat' dir='ltr'>fati</span> <span class='ocrx_word' id='word_1_151' title='bbox 196 1230 517 1279; x_wconf 88' lang='lat' dir='ltr'>necessitatem,</span> <span class='ocrx_word' id='word_1_152' title='bbox 549 1237 760 1281; x_wconf 80' lang='lat' dir='ltr'>tamquam</span> <span class='ocrx_word' id='word_1_153' title='bbox 779 1231 817 1271; x_wconf 91' lang='lat' dir='ltr'>in</span> <span class='ocrx_word' id='word_1_154' title='bbox 836 1231 1007 1282; x_wconf 82' lang='lat' dir='ltr'>aliquod</span> <span class='ocrx_word' id='word_1_155' title='bbox 1024 1231 1106 1270; x_wconf 83' lang='lat' dir='ltr'>fani</span> <span class='ocrx_word' id='word_1_156' title='bbox 1129 1231 1293 1281; x_wconf 74' lang='lat' dir='ltr'>asylum</span> <span class='ocrx_word' id='word_1_157' title='bbox 1312 1235 1373 1277; x_wconf 90' lang='lat' dir='ltr'>et,</span> <span class='ocrx_word' id='word_1_158' title='bbox 1405 1242 1512 1281; x_wconf 82' lang='lat' dir='ltr'>quae</span> 
     </span>
     <span class='ocr_line' id='line_1_25' title="bbox 91 1287 1512 1339; baseline -0.001 -11"><span class='ocrx_word' id='word_1_159' title='bbox 91 1287 278 1339; x_wconf 88' lang='lat' dir='ltr'>pessime</span> <span class='ocrx_word' id='word_1_160' title='bbox 297 1289 498 1335; x_wconf 77' lang='lat' dir='ltr'>fecerunt,</span> <span class='ocrx_word' id='word_1_161' title='bbox 531 1299 579 1327; x_wconf 87' lang='lat' dir='ltr'>ea</span> <span class='ocrx_word' id='word_1_162' title='bbox 598 1299 681 1328; x_wconf 90' lang='lat' dir='ltr'>non</span> <span class='ocrx_word' id='word_1_163' title='bbox 702 1300 803 1328; x_wconf 83' lang='lat' dir='ltr'>suae</span> <span class='ocrx_word' id='word_1_164' title='bbox 822 1289 1054 1335; x_wconf 81' lang='lat' dir='ltr'>temeritati,</span> <span class='ocrx_word' id='word_1_165' title='bbox 1088 1289 1163 1328; x_wconf 81' lang='lat' dir='ltr'>sed</span> <span class='ocrx_word' id='word_1_166' title='bbox 1183 1289 1265 1327; x_wconf 77' lang='lat' dir='ltr'>sato</span> <span class='ocrx_word' id='word_1_167' title='bbox 1287 1298 1383 1327; x_wconf 84' lang='lat' dir='ltr'>esse</span> <span class='ocrx_word' id='word_1_168' title='bbox 1401 1288 1512 1327; x_wconf 88' lang='lat' dir='ltr'>attri-</span> 
     </span>
     <span class='ocr_line' id='line_1_26' title="bbox 91 1345 446 1386; baseline 0.003 -2"><span class='ocrx_word' id='word_1_169' title='bbox 91 1345 260 1385; x_wconf 84' lang='lat' dir='ltr'>buenda</span> <span class='ocrx_word' id='word_1_170' title='bbox 292 1345 446 1386; x_wconf 88' lang='lat' dir='ltr'>dicunt.</span> 
     </span>
    </p>

    <p class='ocr_par' dir='ltr' id='par_1_8' title="bbox 91 1401 1569 1511">
     <span class='ocr_line' id='line_1_27' title="bbox 207 1401 1569 1453; baseline 0 -11"><span class='ocrx_word' id='word_1_171' title='bbox 207 1401 368 1443; x_wconf 88' lang='lat' dir='ltr'>Primus</span> <span class='ocrx_word' id='word_1_172' title='bbox 393 1408 531 1443; x_wconf 88' lang='lat' dir='ltr'>autem</span> <span class='ocrx_word' id='word_1_173' title='bbox 563 1404 643 1444; x_wconf 88' lang='lat' dir='ltr'>hoc</span> <span class='ocrx_word' id='word_1_174' title='bbox 667 1402 1002 1453; x_wconf 82' lang='lat' dir='ltr'>sapientissimus</span> <span class='ocrx_word' id='word_1_175' title='bbox 1031 1403 1096 1442; x_wconf 86' lang='lat' dir='ltr'>illc</span> <span class='ocrx_word' id='word_1_176' title='bbox 1127 1408 1167 1441; x_wconf 87' lang='lat' dir='ltr'>et</span> <span class='ocrx_word' id='word_1_177' title='bbox 1197 1401 1569 1452; x_wconf 70' lang='lat' dir='ltr'>antiquissinuisu</span> 
     </span>
     <span class='ocr_line' id='line_1_28' title="bbox 91 1459 813 1511; baseline -0.001 -10"><span class='ocrx_word' id='word_1_178' title='bbox 91 1464 312 1511; x_wconf 83' lang='lat' dir='ltr'>poetarum</span> <span class='ocrx_word' id='word_1_179' title='bbox 331 1459 433 1500; x_wconf 88' lang='lat' dir='ltr'>dixit</span> <span class='ocrx_word' id='word_1_180' title='bbox 455 1460 570 1501; x_wconf 90' lang='lat' dir='ltr'>hisce</span> <span class='ocrx_word' id='word_1_181' title='bbox 598 1460 813 1501; x_wconf 81' lang='lat' dir='ltr'>uersibus:</span> 
     </span>
    </p>
   </div>
   <div class='ocr_carea' id='block_1_8' title="bbox 169 1532 1513 1636">
    <p class='ocr_par' dir='ltr' id='par_1_9' title="bbox 169 1532 1513 1636">
     <span class='ocr_line' id='line_1_29' title="bbox 169 1532 1513 1594; baseline 0 -15"><span class='ocrx_word' id='word_1_182' title='bbox 169 1532 228 1579; x_wconf 80' lang='grc' dir='ltr'><strong><em>Ὦ</em></strong></span> <span class='ocrx_word' id='word_1_183' title='bbox 271 1537 469 1594; x_wconf 83' lang='grc' dir='ltr'><em>πόποι,</em></span> <span class='ocrx_word' id='word_1_184' title='bbox 514 1532 640 1581; x_wconf 84' lang='grc' dir='ltr'><em>οἷον</em></span> <span class='ocrx_word' id='word_1_185' title='bbox 682 1536 748 1592; x_wconf 77' lang='grc' dir='ltr'>δή</span> <span class='ocrx_word' id='word_1_186' title='bbox 791 1553 859 1579; x_wconf 85' lang='grc' dir='ltr'>νυ</span> <span class='ocrx_word' id='word_1_187' title='bbox 890 1534 1067 1587; x_wconf 82' lang='grc' dir='ltr'><em>θεοὺς</em></span> <span class='ocrx_word' id='word_1_188' title='bbox 1096 1536 1291 1592; x_wconf 83' lang='grc' dir='ltr'><em>βροτοὶ</em></span> <span class='ocrx_word' id='word_1_189' title='bbox 1322 1537 1513 1579; x_wconf 84' lang='grc' dir='ltr'><em>αἰτιό-</em></span> 
     </span>
     <span class='ocr_line' id='line_1_30' title="bbox 933 1610 1131 1636; baseline 0 0"><span class='ocrx_word' id='word_1_190' title='bbox 933 1610 1131 1636; x_wconf 91' lang='grc' dir='ltr'><em>ωνται.</em></span> 
     </span>
    </p>
   </div>
   <div class='ocr_carea' id='block_1_9' title="bbox 175 1647 1511 1750">
    <p class='ocr_par' dir='ltr' id='par_1_10' title="bbox 175 1647 1511 1750">
     <span class='ocr_line' id='line_1_31' title="bbox 175 1647 1511 1721; baseline -0.002 -26.989"><span class='ocrx_word' id='word_1_191' title='bbox 175 1648 255 1703; x_wconf 80' lang='grc' dir='ltr'>Ἐξ</span> <span class='ocrx_word' id='word_1_192' title='bbox 301 1647 483 1707; x_wconf 81' lang='grc' dir='ltr'><em>ἡμέων</em></span> <span class='ocrx_word' id='word_1_193' title='bbox 530 1651 638 1707; x_wconf 77' lang='grc' dir='ltr'>γάρ</span> <span class='ocrx_word' id='word_1_194' title='bbox 685 1662 818 1706; x_wconf 83' lang='grc' dir='ltr'><em>φασι</em></span> <span class='ocrx_word' id='word_1_195' title='bbox 865 1647 991 1692; x_wconf 80' lang='grc' dir='ltr'><strong><em>κάκ’</em></strong></span> <span class='ocrx_word' id='word_1_196' title='bbox 1033 1652 1298 1721; x_wconf 78' lang='grc' dir='ltr'><em>ἔμμεναι·</em></span> <span class='ocrx_word' id='word_1_197' title='bbox 1346 1651 1406 1692; x_wconf 78' lang='grc' dir='ltr'>οἵ</span> <span class='ocrx_word' id='word_1_198' title='bbox 1448 1649 1511 1692; x_wconf 81' lang='grc' dir='ltr'>δὲ</span> 
     </span>
     <span class='ocr_line' id='line_1_32' title="bbox 921 1705 1211 1750; baseline -0.003 0"><span class='ocrx_word' id='word_1_199' title='bbox 921 1708 1015 1750; x_wconf 81' lang='grc' dir='ltr'>καὶ</span> <span class='ocrx_word' id='word_1_200' title='bbox 1045 1705 1211 1750; x_wconf 80' lang='grc' dir='ltr'><em>αὐτοί</em></span> 
     </span>
    </p>
   </div>
   <div class='ocr_carea' id='block_1_10' title="bbox 179 1759 1507 1876">
    <p class='ocr_par' dir='ltr' id='par_1_11' title="bbox 179 1759 1507 1876">
     <span class='ocr_line' id='line_1_33' title="bbox 179 1759 1507 1832; baseline -0.002 -23"><span class='ocrx_word' id='word_1_201' title='bbox 179 1767 404 1822; x_wconf 83' lang='grc' dir='ltr'><em>Σφῇσιν</em></span> <span class='ocrx_word' id='word_1_202' title='bbox 446 1762 872 1821; x_wconf 77' lang='grc' dir='ltr'><em>ἀτασθαλίῃσιν</em></span> <span class='ocrx_word' id='word_1_203' title='bbox 918 1762 1066 1832; x_wconf 39' lang='grc' dir='ltr'><em>υηπὲρ</em></span> <span class='ocrx_word' id='word_1_204' title='bbox 1110 1762 1298 1819; x_wconf 87' lang='grc' dir='ltr'><em>μόρον</em></span> <span class='ocrx_word' id='word_1_205' title='bbox 1341 1759 1507 1818; x_wconf 77' lang='grc' dir='ltr'><em>ἄλγε’</em></span> 
     </span>
     <span class='ocr_line' id='line_1_34' title="bbox 934 1831 1199 1876; baseline -0.004 -13"><span class='ocrx_word' id='word_1_206' title='bbox 934 1831 1199 1876; x_wconf 80' lang='grc' dir='ltr'><em>εχουσιν.</em></span> 
     </span>
    </p>
   </div>
   <div class='ocr_carea' id='block_1_11' title="bbox 92 1914 1569 2196">
    <p class='ocr_par' dir='ltr' id='par_1_12' title="bbox 92 1914 1569 2196">
     <span class='ocr_line' id='line_1_35' title="bbox 92 1914 1569 1966; baseline -0.001 -10"><span class='ocrx_word' id='word_1_207' title='bbox 92 1916 237 1966; x_wconf 89' lang='lat' dir='ltr'>Itaque</span> <span class='ocrx_word' id='word_1_208' title='bbox 252 1917 307 1956; x_wconf 92' lang='lat' dir='ltr'>M.</span> <span class='ocrx_word' id='word_1_209' title='bbox 327 1916 417 1957; x_wconf 90' lang='lat' dir='ltr'>Cic</span> <span class='ocrx_word' id='word_1_210' title='bbox 431 1929 453 1957; x_wconf 91' lang='lat' dir='ltr'>e</span> <span class='ocrx_word' id='word_1_211' title='bbox 468 1929 487 1956; x_wconf 91' lang='lat' dir='ltr'>r</span> <span class='ocrx_word' id='word_1_212' title='bbox 501 1928 524 1957; x_wconf 95' lang='lat' dir='ltr'>o</span> <span class='ocrx_word' id='word_1_213' title='bbox 551 1917 591 1956; x_wconf 93' lang='lat' dir='ltr'>in</span> <span class='ocrx_word' id='word_1_214' title='bbox 613 1917 730 1964; x_wconf 78' lang='lat' dir='ltr'>libro,</span> <span class='ocrx_word' id='word_1_215' title='bbox 765 1916 967 1966; x_wconf 76' lang='lat' dir='ltr'>quoinde</span> <span class='ocrx_word' id='word_1_216' title='bbox 994 1917 1099 1956; x_wconf 82' lang='lat' dir='ltr'>fato</span> <span class='ocrx_word' id='word_1_217' title='bbox 1130 1914 1394 1965; x_wconf 85' lang='lat' dir='ltr'>conscripsit,</span> <span class='ocrx_word' id='word_1_218' title='bbox 1415 1920 1569 1954; x_wconf 77' lang='lat' dir='ltr'>cum15</span> 
     </span>
     <span class='ocr_line' id='line_1_36' title="bbox 95 1971 1511 2022; baseline -0.001 -10"><span class='ocrx_word' id='word_1_219' title='bbox 95 1973 385 2022; x_wconf 88' lang='lat' dir='ltr'>quaestionem</span> <span class='ocrx_word' id='word_1_220' title='bbox 402 1974 524 2014; x_wconf 90' lang='lat' dir='ltr'>istam</span> <span class='ocrx_word' id='word_1_221' title='bbox 544 1974 701 2014; x_wconf 89' lang='lat' dir='ltr'>diceret</span> <span class='ocrx_word' id='word_1_222' title='bbox 716 1972 1059 2013; x_wconf 84' lang='lat' dir='ltr'>obscurissimam</span> <span class='ocrx_word' id='word_1_223' title='bbox 1078 1983 1174 2012; x_wconf 85' lang='lat' dir='ltr'>esse</span> <span class='ocrx_word' id='word_1_224' title='bbox 1193 1977 1232 2011; x_wconf 90' lang='lat' dir='ltr'>et</span> <span class='ocrx_word' id='word_1_225' title='bbox 1250 1971 1511 2022; x_wconf 83' lang='lat' dir='ltr'>inplicatissi-</span> 
     </span>
     <span class='ocr_line' id='line_1_37' title="bbox 93 2029 1513 2082; baseline 0 -14"><span class='ocrx_word' id='word_1_226' title='bbox 93 2040 216 2077; x_wconf 86' lang='lat' dir='ltr'>mam,</span> <span class='ocrx_word' id='word_1_227' title='bbox 232 2030 455 2082; x_wconf 85' lang='lat' dir='ltr'>Chrysip</span> <span class='ocrx_word' id='word_1_228' title='bbox 469 2043 495 2081; x_wconf 88' lang='lat' dir='ltr'>p</span> <span class='ocrx_word' id='word_1_229' title='bbox 509 2043 588 2070; x_wconf 90' lang='lat' dir='ltr'>um</span> <span class='ocrx_word' id='word_1_230' title='bbox 611 2042 780 2081; x_wconf 87' lang='lat' dir='ltr'>quoque</span> <span class='ocrx_word' id='word_1_231' title='bbox 798 2030 1096 2081; x_wconf 87' lang='lat' dir='ltr'>philosophum</span> <span class='ocrx_word' id='word_1_232' title='bbox 1115 2040 1196 2069; x_wconf 91' lang='lat' dir='ltr'>non</span> <span class='ocrx_word' id='word_1_233' title='bbox 1216 2029 1443 2080; x_wconf 83' lang='lat' dir='ltr'>expedisse</span> <span class='ocrx_word' id='word_1_234' title='bbox 1466 2041 1513 2069; x_wconf 91' lang='lat' dir='ltr'>se</span> 
     </span>
     <span class='ocr_line' id='line_1_38' title="bbox 92 2084 1512 2139; baseline 0.001 -15"><span class='ocrx_word' id='word_1_235' title='bbox 92 2084 134 2124; x_wconf 93' lang='lat' dir='ltr'>in</span> <span class='ocrx_word' id='word_1_236' title='bbox 160 2096 210 2126; x_wconf 86' lang='lat' dir='ltr'>ea</span> <span class='ocrx_word' id='word_1_237' title='bbox 227 2086 290 2127; x_wconf 89' lang='lat' dir='ltr'>his</span> <span class='ocrx_word' id='word_1_238' title='bbox 304 2088 445 2128; x_wconf 83' lang='lat' dir='ltr'>uerbis</span> <span class='ocrx_word' id='word_1_239' title='bbox 469 2088 670 2139; x_wconf 87' lang='lat' dir='ltr'>[scripsit]</span> <span class='ocrx_word' id='word_1_240' title='bbox 685 2101 692 2127; x_wconf 90' lang='lat'>:</span> <span class='ocrx_word' id='word_1_241' title='bbox 729 2087 1060 2137; x_wconf 76' lang='lat' dir='ltr'>Chrysippus</span> <span class='ocrx_word' id='word_1_242' title='bbox 1088 2097 1111 2125; x_wconf 87' lang='lat' dir='ltr'>a</span> <span class='ocrx_word' id='word_1_243' title='bbox 1124 2092 1243 2126; x_wconf 90' lang='lat' dir='ltr'>estu</span> <span class='ocrx_word' id='word_1_244' title='bbox 1256 2097 1313 2125; x_wconf 90' lang='lat' dir='ltr'>an</span> <span class='ocrx_word' id='word_1_245' title='bbox 1328 2098 1347 2126; x_wconf 89' lang='lat' dir='ltr'>s</span> <span class='ocrx_word' id='word_1_246' title='bbox 1371 2086 1486 2126; x_wconf 86' lang='lat' dir='ltr'>labo</span> <span class='ocrx_word' id='word_1_247' title='bbox 1499 2109 1512 2114; x_wconf 96' lang='lat'>-</span> 
     </span>
     <span class='ocr_line' id='line_1_39' title="bbox 93 2143 1511 2196; baseline 0.001 -15"><span class='ocrx_word' id='word_1_248' title='bbox 93 2153 344 2193; x_wconf 73' lang='lat' dir='ltr'>reusque,</span> <span class='ocrx_word' id='word_1_249' title='bbox 362 2156 581 2196; x_wconf 81' lang='lat' dir='ltr'>quonam</span> <span class='ocrx_word' id='word_1_250' title='bbox 601 2146 719 2193; x_wconf 87' lang='lat' dir='ltr'>[hoc</span> <span class='ocrx_word' id='word_1_251' title='bbox 741 2145 915 2192; x_wconf 88' lang='lat' dir='ltr'>modo]</span> <span class='ocrx_word' id='word_1_252' title='bbox 939 2143 1197 2193; x_wconf 79' lang='lat' dir='ltr'>explicet,</span> <span class='ocrx_word' id='word_1_253' title='bbox 1222 2148 1269 2182; x_wconf 90' lang='lat' dir='ltr'>et</span> <span class='ocrx_word' id='word_1_254' title='bbox 1289 2144 1394 2183; x_wconf 81' lang='lat' dir='ltr'>fato</span> <span class='ocrx_word' id='word_1_255' title='bbox 1414 2154 1511 2183; x_wconf 89' lang='lat' dir='ltr'>om-</span> 
     </span>
    </p>
   </div>
   <div class='ocr_carea' id='block_1_12' title="bbox 26 2198 1512 2304">
    <p class='ocr_par' dir='ltr' id='par_1_13' title="bbox 26 2198 1512 2304">
     <span class='ocr_line' id='line_1_40' title="bbox 27 2198 1512 2295; baseline 0.001 -58"><span class='ocrx_word' id='word_1_256' title='bbox 27 2214 50 2234; x_wconf 61' lang='grc' dir='ltr'><strong><em>π</em></strong></span> <span class='ocrx_word' id='word_1_257' title='bbox 94 2198 194 2295; x_wconf 83' lang='lat' dir='ltr'>niad</span> <span class='ocrx_word' id='word_1_258' title='bbox 212 2200 331 2241; x_wconf 86' lang='lat' dir='ltr'>sieri</span> <span class='ocrx_word' id='word_1_259' title='bbox 365 2207 413 2242; x_wconf 91' lang='lat' dir='ltr'>et</span> <span class='ocrx_word' id='word_1_260' title='bbox 438 2213 561 2242; x_wconf 87' lang='lat' dir='ltr'>esse</span> <span class='ocrx_word' id='word_1_261' title='bbox 589 2201 786 2251; x_wconf 87' lang='lat' dir='ltr'>aliquid</span> <span class='ocrx_word' id='word_1_262' title='bbox 815 2201 861 2240; x_wconf 85' lang='lat' dir='ltr'>in</span> <span class='ocrx_word' id='word_1_263' title='bbox 900 2201 1072 2248; x_wconf 84' lang='lat' dir='ltr'>nobis,</span> <span class='ocrx_word' id='word_1_264' title='bbox 1099 2200 1387 2240; x_wconf 89' lang='lat' dir='ltr'>intricatur</span> <span class='ocrx_word' id='word_1_265' title='bbox 1413 2200 1512 2248; x_wconf 84' lang='lat' dir='ltr'>(hoc</span> 
     </span>
     <span class='ocr_line' id='line_1_41' title="bbox 26 2261 254 2304; baseline 0.009 -10"><span class='ocrx_word' id='word_1_266' title='bbox 26 2266 32 2270; x_wconf 88' lang='lat'><strong>·</strong></span> <span class='ocrx_word' id='word_1_267' title='bbox 94 2265 162 2296; x_wconf 89' lang='lat' dir='ltr'>mo</span> <span class='ocrx_word' id='word_1_268' title='bbox 197 2261 254 2304; x_wconf 94' lang='grc' dir='ltr'>ο).</span> 
     </span>
    </p>
   </div>
  </div>
 </body>
</html>
