1603 2508
573 106 576 108 ’
617 99 742 138 VIIII.
774 110 816 138 11.
850 109 912 137 111.
1389 96 1473 138 235

12 246 38 256 .,
66 248 69 249 ⁷
141 213 245 252 Tum
261 214 341 252 nos
359 210 582 261 aspiciens,
613 212 684 261 qui
703 224 795 252 eum
815 212 1098 251 sectabamur:
1133 212 1234 251 ‘Mu
1247 222 1267 251 5
1283 211 1432 251 0111115
1445 214 1473 254 ’,
1489 217 1513 251 8

7 278 31 321 -g
58 268 213 320 inquit,
244 267 510 308 ‘aeruscanti
547 267 725 319 cuipiam
755 269 797 308 id
831 280 964 318 genus
991 274 1031 308 et
1055 268 1355 319 philosophum
1379 279 1474 308 sese

59 324 386 368 ostentantidari
401 325 524 365 iussit
538 325 648 365 mille
664 337 889 373 nummum,
908 332 1050 365 etcum
1068 325 1257 375 plerique
1276 325 1474 371 dicerent,

4 383 24 426 ἶΙΑ
58 383 314 423 nebulonem
337 393 434 422 esse
455 382 666 422 hominem
694 384 847 422 malum
878 388 919 422 et
950 382 1203 422 malitiosum
1226 388 1266 421 et
1287 383 1400 421 nulla
1429 392 1475 420 re

57 441 172 481 bona
193 439 383 493 dignum,
416 446 505 478 tum
524 439 812 480 Musonium
838 439 1125 479 subridentem
1150 439 1306 479 dixisse
1340 439 1472 478 aiunt:

59 491 208 544 (ἄξιος
223 494 311 537 οὐν
335 493 459 536 ἐστιν
475 490 740 548 ἀργυρίου’.
803 496 889 536 Sed
912 497 994 536 hoc
1014 496 1186 546 potius’,
1220 495 1364 545 inquit,
1386 495 1476 535 edo
1491 503 1513 538 9

58 553 139 594 lori
155 552 254 592 mihi
274 558 315 593 et
330 553 579 603 aegritudini
596 559 680 602 est,
716 554 829 603 quod
854 552 1091 593 istiusmodi
1108 553 1300 593 animalia
1322 562 1475 602 spurca

58 615 186 660 atque
215 610 372 661 probra
401 621 554 650 nomen
585 616 791 661 usurpant
825 610 1135 650 sanctissimum
1167 615 1206 649 et
1236 608 1477 660 philosophi

58 668 336 718 appellantur.
397 667 578 708 Maiores
602 673 740 708 autem
762 668 842 707 mei
862 668 1143 707 Athenienses
1169 667 1338 707 nomina
1363 666 1533 709 iuue-10

58 736 158 764 num
182 724 508 764 fortissimorum
528 724 743 765 Harmodii
765 730 805 764 et
828 724 1152 774 Aristogitonis,
1187 724 1256 774 qui
1274 723 1475 763 libertatis

58 781 375 832 recuperandae
410 781 542 832 gratia
570 781 763 832 Hippiam
799 786 1023 833 tyranuum
1058 781 1294 821 interficere
1333 779 1476 820 adorsi

59 842 197 886 erant,
231 849 285 878 ne
321 849 521 888 umquam
552 840 686 879 seruis
716 839 860 878 indere
893 838 1054 885 liceret,
1095 838 1268 878 decreto
1305 837 1473 888 publico

59 900 311 943 sanxerunt,
348 895 544 945 quoniam
582 897 699 935 nefas
732 897 953 944 ducerent,
999 895 1170 935 nomina
1199 894 1377 934 libertati
1405 904 1475 943 pa-

57 950 163 991 triae
185 951 341 992 deuota
360 951 501 992 seruili
524 953 717 1003 contagio
748 952 890 1002 pollui.
955 953 1035 992 Cur
1061 963 1160 1002 ergo
1186 963 1265 992 nos
1296 951 1529 1002 patimurn

58 1019 212 1048 nomen
238 1008 532 1060 philosophiae
555 1009 894 1049 inlustrissimum
918 1009 958 1048 in
982 1009 1219 1049 hominibus
1242 1006 1474 1048 deteriimis

58 1065 369 1106 exordescere?
404 1066 533 1106 Simili
554 1069 722 1114 autem',
752 1066 902 1116 inquit,
936 1067 1154 1116 <exemplo
1179 1077 1232 1105 ex
1268 1065 1476 1105 contraria

58 1120 202 1172 specie
222 1122 418 1172 antiquos
443 1124 727 1164 Romanorum
757 1124 880 1164 audio
913 1123 1185 1173 praenomina
1206 1122 1475 1173 patriciorum

59 1179 326 1228 quorundam
348 1180 456 1219 male
483 1181 534 1219 de
556 1180 769 1230 republica
790 1180 1033 1220 meritorum
1050 1186 1089 1220 et
1110 1181 1162 1220 ob
1190 1190 1281 1219 eam
1306 1189 1475 1218 causam

27 1234 196 1285 capite
219 1236 538 1286 dampnatorum
569 1237 807 1285 censuisse,
839 1248 891 1276 ne
925 1237 990 1276 cui
1019 1237 1207 1277 eiusdem
1237 1236 1372 1286 gentis
1404 1246 1474 1285 pa-

0 1308 9 1335 4
59 1291 176 1331 tricio
205 1291 468 1341 inderentur,
501 1299 546 1333 ut
578 1294 787 1334 uocabula
810 1305 980 1344 quoque
1010 1306 1154 1334 6011111
1179 1294 1384 1333 defamata
1417 1298 1474 1331 at-

0 1336 34 1402 sts
56 1359 143 1398 que
168 1349 389 1390 demortua
414 1361 507 1390 cum
532 1350 634 1401 ipsis
663 1351 944 1390 uider-’entu1.

730 1465 796 1505 111.

144 1541 316 1589 Epistula
334 1541 499 1591 Philippi
520 1544 623 1591 regis
647 1543 697 1579 ad
717 1545 961 1580 Aristotelem
981 1543 1253 1591 philosophum
1274 1554 1387 1590 super

513 1600 734 1636 Alexandro
760 1612 896 1637 recens
919 1605 1022 1637 nato.

51 1709 53 1713 .
142 1680 372 1732 Philippus,
401 1685 612 1735 Amyntae
629 1684 751 1732 filius,
785 1690 920 1724 terrae
941 1683 1214 1724 Macedoniae
1233 1694 1320 1731 rex,
1354 1682 1470 1724 cuius
1489 1693 1509 1725 1

44 1736 212 1779 uirtute
250 1737 539 1790 industriaque
568 1743 756 1782 Macetae
788 1740 1118 1792 locupletissimo
1158 1740 1333 1790 imperio
1366 1740 1474 1779 aucti

26 1793 245 1845 Σ3,-611ῒ111111
275 1795 574 1848 nationumque
606 1800 825 1838 multarum
855 1797 979 1848 potiti
1021 1803 1248 1848 coeperant
1281 1802 1320 1836 et
1355 1797 1473 1837 cuius

16 1825 144 1907 {mm
164 1856 291 1903 atque
316 1864 430 1893 arma
449 1855 524 1894 toti
542 1856 738 1895 Graeciae
766 1856 955 1895 cauenda
978 1855 1285 1903 metuendaque
1308 1853 1474 1893 inclitae

23 1906 156 1973 35311116
187 1910 556 1952 Demosthenis
583 1913 794 1952 orationes
825 1912 1129 1961 contionesque
1159 1910 1406 1957 uocificant,
1435 1910 1471 1950 is
1489 1919 1511 1953 2
1570 1930 1575 1931 ⁷

18 1953 288 2041 Phillppus
320 1978 413 2007 cum
430 1968 470 2008 in
498 1968 611 2009 omni
631 1970 717 2009 fere
738 1976 929 2019 tempore
952 1968 1131 2018 negotiis
1153 1967 1249 2007 belli
1269 1966 1473 2008 uictoriis-

22 2013 55 2066 {f
20 2022 147 2072 que
174 2023 365 2064 adfectus
391 2026 687 2076 exercitusque
710 2033 842 2074 esset,
875 2037 898 2065 11
919 2025 1076 2065 liberali
1091 2030 1230 2064 tamen
1248 2025 1368 2064 Musa
1392 2029 1433 2063 et
1450 2035 1474 2063 a

19 2071 213 2141 “Lstudiis
243 2080 510 2122 humanitatis
540 2095 768 2133 numquam
802 2083 953 2129 abfuit,
988 2082 1086 2132 quin
1118 2081 1256 2132 lepide
1283 2081 1472 2121 comiter-

20 2148 81 2195 [tl-²
122 2146 146 2176 6
165 2137 370 2187 pleraque
393 2143 435 2178 et
456 2140 611 2179 faceret
635 2145 674 2179 et
691 2140 862 2180 diceret.
924 2116 1130 2178 Feruntur
1155 2139 1260 2178 adeo
1279 2138 1371 2177 libri
1389 2138 1472 2188 epi·
1488 2143 1512 2178 3

134 2192 266 2233 larum
284 2193 394 2243 eius,
426 2196 652 2236 munditiae
679 2202 719 2236 et
739 2196 973 2236 uenustatis
996 2201 1036 2235 et.
1056 2195 1302 2246 prudentiae
1334 2196 1473 2246 plena-

69 2248 86 2293 s·
115 2256 131 2292 ζ
160 2261 177 2288 -:
208 2250 324 2291 uelut
339 2257 437 2292 sunt
457 2252 551 2292 illae
567 2253 721 2299 literae,
749 2253 899 2302 quibus
918 2252 1197 2293 Aristoteli
1219 2252 1471 2302 philosopho

50 2307 206 2350 “jmm
222 2317 319 2348 esse-
341 2307 417 2348 sibi
436 2310 720 2350 Alexandrum
749 2308 963 2349 nuntiauit.
