1635 2492
690 23 798 64 XIII.
823 33 933 63 v1111.
1465 22 1519 66 77

96 137 260 180 uariis
291 141 451 188 atque
490 135 780 188 promiscis
826 136 1234 188 quaestionibus
1267 137 1519 189 composuit.

95 198 140 237 In
169 194 235 236 his
265 205 366 235 esse
393 193 611 245 praecipui
639 193 856 243 uidentur,
898 204 1007 244 quos
1041 194 1201 235 Graeco
1234 194 1352 236 titulo
1379 202 1560 238 παν-3

95 249 293 300 δέκτας
320 250 556 299 inscribsit,
587 256 802 302 tamquam
835 261 959 292 omne
982 261 1124 290 rerum
1155 255 1282 302 atque
1315 251 1521 292 doctrina-

95 321 187 352 rum
219 320 355 360 genus
388 307 654 350 continentis.
714 308 775 348 Ibi
806 308 860 348 de
890 307 954 347 his
988 307 1138 355 stellis,
1172 319 1280 358 quae
1310 310 1521 360 appellan-
1540 317 1564 352 4

95 371 162 408 tur
191 366 416 415 ‘suculae’,
447 366 530 407 hoc
561 365 763 406 scribtum
797 369 882 405 est:
922 364 1092 413 Adeo,
1117 364 1272 415 inquit,
1303 370 1521 406 ueteres

93 422 309 466 Romani
354 422 541 463 literas
591 423 816 462 Graecas
869 420 1222 462 nesciuerunt
1269 427 1317 462 et
1361 423 1522 462 rudes

94 482 325 522 Graecae
352 479 567 531 linguae
596 480 827 528 fuerunt,
867 483 919 518 ut
948 479 1157 526 stellas,
1199 490 1335 529 quae
1366 479 1415 519 in
1444 490 1523 519 ca-

93 538 208 589 pite
237 537 544 585 taurisunt,
567 542 859 588 propterea
884 536 1147 575 ‘suculas'
1175 536 1522 587 appellarint,

97 594 238 646 quod
277 606 368 635 eas
411 586 639 642 ‘oddag’
681 593 869 634 Graeci
904 597 1125 641 uocant,
1169 598 1432 644 tamquam
1473 592 1524 632 id

91 652 312 692 uerbum
335 650 575 692 Latinum
600 651 788 691 Graeci
816 649 968 691 uerbi
992 649 1523 701 interpretamentum

91 708 182 757 sit,
218 708 339 759 quia
378 709 578 749 Graece
615 701 779 756 (ὕες’,
821 709 993 748 ‘sues'
1025 707 1210 747 Latine
1249 707 1521 748 dicantur.

91 741 193 807 Sed
221 760 417 818 υάδες,
454 764 607 816 inquit,
640 759 745 804 οὐκ
778 758 882 805 ἀπὸ
917 766 1028 804 τῶν
1059 760 1198 818 ὑων,
1231 765 1281 805 id
1313 771 1393 805 est
1423 776 1522 805 non

91 835 116 863 a
144 823 332 872 subus,
371 823 445 863 ita
480 827 534 863 ut
571 822 742 863 nostri
784 821 926 873 opici
956 826 1308 873 putauerunt,
1339 823 1431 862 sed
1464 823 1522 861 ab

91 892 174 929 eo,
222 880 362 931 quod
391 873 702 927 ε51ῑ(ὕειν’,
748 880 1112 931 appellantur:
1160 890 1273 919 nam
1313 885 1363 919 et
1410 891 1521 919 cum

92 937 339 979 oriuntur
369 941 419 977 et
459 948 568 976 cum
601 936 872 984 occidunt,
919 941 1276 987 tempestates
1308 936 1520 986 pluuias

90 995 385 1060 largosque
424 993 621 1033 imbres
668 993 823 1033 cient.
884 994 1076 1033 Pluere
1116 999 1286 1033 autem
1319 994 1521 1033 Graeca

91 1051 276 1102 lingua
308 1045 480 1091 ‘fluv’
516 1051 725 1090 dicitu1.

172 1109 287 1148 Haec
313 1107 483 1158 quidem
514 1107 632 1148 Tiro
663 1108 704 1147 in
739 1106 1036 1157 pandectis.
1101 1107 1185 1147 Sed
1219 1107 1327 1147 enim
1350 1113 1519 1148 ueteres
1539 1115 1559 1148 5

91 1165 224 1206 nostri
254 1176 337 1205 non
371 1175 509 1215 usque
540 1175 590 1204 eo
626 1164 795 1215 rupices
831 1169 872 1204 et
904 1168 1094 1214 agrestes
1130 1165 1317 1212 suerunt,
1349 1170 1395 1204 ut
1426 1166 1521 1204 stel-

91 1223 153 1262 las
185 1222 347 1273 hyadas
378 1221 534 1262 idcirco
567 1222 771 1262 ‘suculas’
806 1220 1092 1269 nominarent,
1128 1222 1244 1271 quod
1275 1215 1354 1270 ὕες
1377 1221 1520 1262 Latine

92 1281 227 1319 ‘sues’
261 1278 475 1326 dicantur;
507 1278 586 1319 sed
603 1283 668 1326 ut,
702 1278 818 1328 quod
851 1278 1040 1318 Ειιιεοί(
1052 1272 1197 1331 ὑπέρ’
1201 1309 1215 1332 ,
1246 1289 1326 1319 nos
1356 1281 1519 1343 ‘super'

92 1336 290 1385 dicimus,
324 1336 440 1386 quod
469 1335 526 1375 illi
557 1330 767 1383 (ὕπτιος,
795 1346 875 1376 nos
895 1335 1131 1385 ‘suplnus'
1164 1336 1279 1386 quod
1297 1335 1374 1375 1111
1376 1348 1518 1387 υφορ

92 1390 193 1447 βός’
196 1421 208 1445 ,
229 1404 310 1434 nos
342 1393 617 1442 Msubulcus’
653 1392 769 1443 quod
800 1392 897 1432 item
928 1387 1237 1446 ἰ11κὕπυος’,
1270 1405 1350 1434 nos
1383 1393 1517 1444 primo

90 1455 328 1500 -1-somnus,
362 1450 516 1490 deinde
546 1461 624 1501 per
646 1450 833 1490 Graecae
849 1450 1106 1515 Latinaeque
1137 1450 1282 1491 literae
1307 1450 1519 1501 cognatio-

91 1519 187 1548 nem
219 1511 467 1548 (5οῐιιῐιιι5’;
508 1507 568 1547 sic
591 1507 707 1558 quod
739 1507 789 1546 ab
821 1506 899 1547 illis
937 1500 1146 1556 (ὑάδες’,
1179 1519 1202 1546 a
1228 1507 1350 1548 nobis
1384 1508 1517 1558 primo

91 1565 298 1616 ‘syades’‚
330 1564 483 1605 deinde
516 1565 722 1606 ‘suculae'
756 1564 1003 1615 appellatae.

173 1621 327 1662 Stellae
343 1626 484 1662 autem
503 1620 610 1662 istae
633 1632 717 1661 non
739 1619 780 1660 in
808 1620 943 1671 capite
969 1621 1077 1662 tauri
1097 1626 1216 1669 sunt,
1250 1627 1295 1661 ut
1315 1620 1435 1661 Tiro
1463 1621 1519 1661 di·
1536 1632 1570 1668 <5>

90 1677 164 1727 cit,
204 1679 363 1719 nullum
402 1677 513 1718 enim
552 1678 719 1719 uidetur
757 1682 926 1728 praeter
958 1690 1029 1718 eas
1068 1679 1209 1718 stellas
1240 1677 1348 1718 tauri
1379 1684 1517 1729 caput,

92 1740 157 1775 set
184 1735 264 1775 hae
282 1734 340 1776 ita
371 1734 548 1784 circulo,
581 1734 652 1785 qui
671 1734 906 1774 tzodiacus'
935 1735 1103 1783 dicitur,
1137 1734 1243 1775 sitae
1267 1736 1517 1786 locataeque

91 1796 211 1841 sunt,
244 1796 291 1832 ut
310 1804 363 1833 ex
395 1803 538 1833 earum
569 1791 711 1843 positu
744 1791 909 1841 species
942 1792 1148 1842 quaedam
1180 1797 1221 1831 et
1251 1791 1518 1832 simulacrum

90 1860 188 1889 esse
223 1848 418 1890 uideatur
445 1849 554 1890 tauri
596 1848 763 1899 capitis,
810 1848 931 1889 sicuti
974 1854 1139 1889 ceterae
1172 1854 1315 1899 partes
1356 1854 1396 1888 et
1426 1849 1517 1888 reli-

92 1917 175 1956 qua
211 1906 348 1957 imago
387 1908 496 1948 tauri
534 1907 795 1948 conformata
840 1910 881 1946 et
927 1906 1047 1956 quasi
1093 1905 1259 1956 depicta
1301 1911 1366 1945 est
1411 1905 1515 1946 locis

90 1962 420 2014 regionibusque
458 1975 601 2005 earum
633 1963 866 2011 stellarum,
909 1975 1014 2013 quas
1051 1963 1198 2003 Graeci
1236 1959 1515 2012 (πλειάδας’,

93 2031 169 2060 nos
201 2021 430 2071 ‘uergilias’
453 2031 657 2063 uocamus
