<?xml version="1.0" encoding="UTF-8"?>
<!DOCTYPE html PUBLIC "-//W3C//DTD XHTML 1.0 Transitional//EN"
    "http://www.w3.org/TR/xhtml1/DTD/xhtml1-transitional.dtd">
<html xmlns="http://www.w3.org/1999/xhtml" xml:lang="en" lang="en">
 <head>
  <title>
</title>
<meta http-equiv="Content-Type" content="text/html;charset=utf-8" />
  <meta name='ocr-system' content='tesseract 3.04.00' />
  <meta name='ocr-capabilities' content='ocr_page ocr_carea ocr_par ocr_line ocrx_word'/>
</head>
<body>
  <div class='ocr_page' id='page_1' title='image "./agelliinoctivmat00gelluoft_0468.png"; bbox 0 0 1619 2476; ppageno 0'>
   <div class='ocr_carea' id='block_1_1' title="bbox 134 80 958 235">
    <p class='ocr_par' dir='ltr' id='par_1_1' title="bbox 134 80 958 235">
     <span class='ocr_line' id='line_1_1' title="bbox 134 80 958 124; baseline 0.001 -2"><span class='ocrx_word' id='word_1_1' title='bbox 134 80 214 123; x_wconf 82' lang='lat'>182</span> <span class='ocrx_word' id='word_1_2' title='bbox 693 84 818 123; x_wconf 73' lang='lat' dir='ltr'>XVII.</span> <span class='ocrx_word' id='word_1_3' title='bbox 851 95 958 124; x_wconf 82' lang='lat' dir='ltr'>vnn.</span> 
     </span>
     <span class='ocr_line' id='line_1_2' title="bbox 772 196 894 235; baseline -0.008 0"><span class='ocrx_word' id='word_1_4' title='bbox 772 196 894 235; x_wconf 83' lang='lat' dir='ltr'>vnn.</span> 
     </span>
    </p>
   </div>
   <div class='ocr_carea' id='block_1_2' title="bbox 129 272 1525 432">
    <p class='ocr_par' dir='ltr' id='par_1_2' title="bbox 129 272 1525 432">
     <span class='ocr_line' id='line_1_3' title="bbox 129 272 1525 323; baseline 0.006 -17"><span class='ocrx_word' id='word_1_5' title='bbox 129 272 182 307; x_wconf 86' lang='lat' dir='ltr'>De</span> <span class='ocrx_word' id='word_1_6' title='bbox 205 272 300 307; x_wconf 83' lang='lat' dir='ltr'>notis</span> <span class='ocrx_word' id='word_1_7' title='bbox 319 272 522 316; x_wconf 84' lang='lat' dir='ltr'>literarum,</span> <span class='ocrx_word' id='word_1_8' title='bbox 547 283 642 318; x_wconf 88' lang='lat' dir='ltr'>quae</span> <span class='ocrx_word' id='word_1_9' title='bbox 666 274 704 308; x_wconf 91' lang='lat' dir='ltr'>in</span> <span class='ocrx_word' id='word_1_10' title='bbox 728 273 767 309; x_wconf 90' lang='lat' dir='ltr'>C.</span> <span class='ocrx_word' id='word_1_11' title='bbox 795 273 968 310; x_wconf 81' lang='lat' dir='ltr'>Caesaris</span> <span class='ocrx_word' id='word_1_12' title='bbox 992 275 1161 321; x_wconf 85' lang='lat' dir='ltr'><strong>epistulis</strong></span> <span class='ocrx_word' id='word_1_13' title='bbox 1180 276 1435 323; x_wconf 78' lang='lat' dir='ltr'>reperIuntur3</span> <span class='ocrx_word' id='word_1_14' title='bbox 1459 279 1525 315; x_wconf 81' lang='lat' dir='ltr'>de-</span> 
     </span>
     <span class='ocr_line' id='line_1_4' title="bbox 185 327 1524 381; baseline 0.004 -17"><span class='ocrx_word' id='word_1_15' title='bbox 185 339 255 374; x_wconf 89' lang='lat' dir='ltr'>que</span> <span class='ocrx_word' id='word_1_16' title='bbox 281 328 362 364; x_wconf 87' lang='lat' dir='ltr'>aliis</span> <span class='ocrx_word' id='word_1_17' title='bbox 387 327 632 364; x_wconf 82' lang='lat' dir='ltr'>clandestinis</span> <span class='ocrx_word' id='word_1_18' title='bbox 658 330 773 366; x_wconf 86' lang='lat' dir='ltr'>literis</span> <span class='ocrx_word' id='word_1_19' title='bbox 803 341 849 366; x_wconf 85' lang='lat' dir='ltr'>ex</span> <span class='ocrx_word' id='word_1_20' title='bbox 869 334 996 367; x_wconf 85' lang='lat' dir='ltr'>uetere</span> <span class='ocrx_word' id='word_1_21' title='bbox 1018 330 1176 368; x_wconf 86' lang='lat' dir='ltr'>historia</span> <span class='ocrx_word' id='word_1_22' title='bbox 1203 332 1348 378; x_wconf 81' lang='lat' dir='ltr'>petitis3</span> <span class='ocrx_word' id='word_1_23' title='bbox 1375 337 1412 369; x_wconf 87' lang='lat' dir='ltr'>et</span> <span class='ocrx_word' id='word_1_24' title='bbox 1433 335 1524 381; x_wconf 88' lang='lat' dir='ltr'>quid</span> 
     </span>
     <span class='ocr_line' id='line_1_5' title="bbox 183 376 613 432; baseline 0 -12"><span class='ocrx_word' id='word_1_25' title='bbox 183 376 356 432; x_wconf 71' lang='grc' dir='ltr'><em>σκυτάλη</em></span> <span class='ocrx_word' id='word_1_26' title='bbox 373 385 421 421; x_wconf 88' lang='lat' dir='ltr'>sit</span> <span class='ocrx_word' id='word_1_27' title='bbox 437 385 613 421; x_wconf 88' lang='lat' dir='ltr'>Laconia.</span> 
     </span>
    </p>
   </div>
   <div class='ocr_carea' id='block_1_3' title="bbox 86 469 1523 1251">
    <p class='ocr_par' dir='ltr' id='par_1_3' title="bbox 92 469 1523 577">
     <span class='ocr_line' id='line_1_6' title="bbox 92 469 1523 524; baseline 0.003 -15"><span class='ocrx_word' id='word_1_28' title='bbox 92 476 110 509; x_wconf 89' lang='lat'>1</span> <span class='ocrx_word' id='word_1_29' title='bbox 216 469 356 508; x_wconf 86' lang='lat' dir='ltr'>Libri</span> <span class='ocrx_word' id='word_1_30' title='bbox 374 476 470 509; x_wconf 89' lang='lat' dir='ltr'>sunt</span> <span class='ocrx_word' id='word_1_31' title='bbox 486 471 831 521; x_wconf 77' lang='lat' dir='ltr'>epistularum</span> <span class='ocrx_word' id='word_1_32' title='bbox 850 474 890 512; x_wconf 88' lang='lat' dir='ltr'>C.</span> <span class='ocrx_word' id='word_1_33' title='bbox 915 472 1154 512; x_wconf 81' lang='lat' dir='ltr'>Caesaris</span> <span class='ocrx_word' id='word_1_34' title='bbox 1171 473 1231 512; x_wconf 86' lang='lat' dir='ltr'>ad</span> <span class='ocrx_word' id='word_1_35' title='bbox 1250 474 1291 513; x_wconf 85' lang='lat' dir='ltr'>C.</span> <span class='ocrx_word' id='word_1_36' title='bbox 1310 474 1523 524; x_wconf 88' lang='lat' dir='ltr'>Oppium</span> 
     </span>
     <span class='ocr_line' id='line_1_7' title="bbox 127 526 1520 577; baseline 0.004 -13"><span class='ocrx_word' id='word_1_37' title='bbox 127 530 172 564; x_wconf 89' lang='lat' dir='ltr'>et</span> <span class='ocrx_word' id='word_1_38' title='bbox 187 526 219 564; x_wconf 94' lang='lat' dir='ltr'>B</span> <span class='ocrx_word' id='word_1_39' title='bbox 232 526 311 564; x_wconf 90' lang='lat' dir='ltr'>alb</span> <span class='ocrx_word' id='word_1_40' title='bbox 323 538 397 565; x_wconf 88' lang='lat' dir='ltr'>um</span> <span class='ocrx_word' id='word_1_41' title='bbox 416 527 443 565; x_wconf 93' lang='lat' dir='ltr'>C</span> <span class='ocrx_word' id='word_1_42' title='bbox 455 538 545 566; x_wconf 89' lang='lat' dir='ltr'>orn</span> <span class='ocrx_word' id='word_1_43' title='bbox 561 528 737 575; x_wconf 88' lang='lat' dir='ltr'>elium,</span> <span class='ocrx_word' id='word_1_44' title='bbox 768 528 837 577; x_wconf 90' lang='lat' dir='ltr'>qui</span> <span class='ocrx_word' id='word_1_45' title='bbox 854 529 978 568; x_wconf 90' lang='lat' dir='ltr'>rebus</span> <span class='ocrx_word' id='word_1_46' title='bbox 997 528 1085 568; x_wconf 87' lang='lat' dir='ltr'>eius</span> <span class='ocrx_word' id='word_1_47' title='bbox 1103 528 1286 568; x_wconf 88' lang='lat' dir='ltr'>absentis</span> <span class='ocrx_word' id='word_1_48' title='bbox 1309 531 1520 570; x_wconf 80' lang='lat' dir='ltr'>curabant.</span> 
     </span>
    </p>

    <p class='ocr_par' dir='ltr' id='par_1_4' title="bbox 87 581 1522 748">
     <span class='ocr_line' id='line_1_8' title="bbox 87 581 1522 636; baseline 0.003 -14"><span class='ocrx_word' id='word_1_49' title='bbox 87 589 108 622; x_wconf 79' lang='lat'><strong>2</strong></span> <span class='ocrx_word' id='word_1_50' title='bbox 126 583 169 620; x_wconf 90' lang='lat' dir='ltr'>In</span> <span class='ocrx_word' id='word_1_51' title='bbox 187 581 250 620; x_wconf 90' lang='lat' dir='ltr'>his</span> <span class='ocrx_word' id='word_1_52' title='bbox 267 593 335 631; x_wconf 64' lang='lat' dir='ltr'>,ep</span> <span class='ocrx_word' id='word_1_53' title='bbox 350 582 394 621; x_wconf 88' lang='lat' dir='ltr'>is</span> <span class='ocrx_word' id='word_1_54' title='bbox 407 587 457 621; x_wconf 91' lang='lat' dir='ltr'>tu</span> <span class='ocrx_word' id='word_1_55' title='bbox 469 583 530 622; x_wconf 91' lang='lat' dir='ltr'>lis</span> <span class='ocrx_word' id='word_1_56' title='bbox 558 584 807 632; x_wconf 85' lang='lat' dir='ltr'>quibusdam</span> <span class='ocrx_word' id='word_1_57' title='bbox 820 584 860 623; x_wconf 93' lang='lat' dir='ltr'>in</span> <span class='ocrx_word' id='word_1_58' title='bbox 882 584 985 624; x_wconf 90' lang='lat' dir='ltr'>locis</span> <span class='ocrx_word' id='word_1_59' title='bbox 1002 583 1270 636; x_wconf 81' lang='lat' dir='ltr'>inueniuntur</span> <span class='ocrx_word' id='word_1_60' title='bbox 1284 585 1426 626; x_wconf 88' lang='lat' dir='ltr'>literae</span> <span class='ocrx_word' id='word_1_61' title='bbox 1443 586 1522 626; x_wconf 86' lang='lat' dir='ltr'>sin-</span> 
     </span>
     <span class='ocr_line' id='line_1_9' title="bbox 123 637 1521 691; baseline 0.004 -14"><span class='ocrx_word' id='word_1_62' title='bbox 123 637 306 687; x_wconf 79' lang='lat' dir='ltr'>gulariae</span> <span class='ocrx_word' id='word_1_63' title='bbox 327 638 415 677; x_wconf 91' lang='lat' dir='ltr'>sine</span> <span class='ocrx_word' id='word_1_64' title='bbox 434 639 689 688; x_wconf 76' lang='lat' dir='ltr'>coagmentis</span> <span class='ocrx_word' id='word_1_65' title='bbox 709 641 981 691; x_wconf 82' lang='lat' dir='ltr'>syllabarum,</span> <span class='ocrx_word' id='word_1_66' title='bbox 1011 652 1115 690; x_wconf 86' lang='lat' dir='ltr'>quas</span> <span class='ocrx_word' id='word_1_67' title='bbox 1143 646 1187 680; x_wconf 92' lang='lat' dir='ltr'>tu</span> <span class='ocrx_word' id='word_1_68' title='bbox 1211 647 1334 690; x_wconf 89' lang='lat' dir='ltr'>putes</span> <span class='ocrx_word' id='word_1_69' title='bbox 1363 642 1521 691; x_wconf 84' lang='lat' dir='ltr'>positas</span> 
     </span>
     <span class='ocr_line' id='line_1_10' title="bbox 123 694 1520 748; baseline 0.004 -16"><span class='ocrx_word' id='word_1_70' title='bbox 123 694 354 742; x_wconf 88' lang='lat' dir='ltr'>incondite;</span> <span class='ocrx_word' id='word_1_71' title='bbox 390 706 483 734; x_wconf 89' lang='lat' dir='ltr'>nam</span> <span class='ocrx_word' id='word_1_72' title='bbox 514 697 643 735; x_wconf 90' lang='lat' dir='ltr'>uerba</span> <span class='ocrx_word' id='word_1_73' title='bbox 673 707 725 735; x_wconf 85' lang='lat' dir='ltr'>ex</span> <span class='ocrx_word' id='word_1_74' title='bbox 749 697 811 736; x_wconf 84' lang='lat' dir='ltr'>his</span> <span class='ocrx_word' id='word_1_75' title='bbox 841 697 968 736; x_wconf 86' lang='lat' dir='ltr'>literis</span> <span class='ocrx_word' id='word_1_76' title='bbox 1000 697 1149 737; x_wconf 85' lang='lat' dir='ltr'>confici</span> <span class='ocrx_word' id='word_1_77' title='bbox 1185 699 1298 737; x_wconf 85' lang='lat' dir='ltr'>nulla</span> <span class='ocrx_word' id='word_1_78' title='bbox 1327 704 1520 748; x_wconf 87' lang='lat' dir='ltr'>possunt.</span> 
     </span>
    </p>

    <p class='ocr_par' dir='ltr' id='par_1_5' title="bbox 89 752 1523 915">
     <span class='ocr_line' id='line_1_11' title="bbox 89 752 1521 794; baseline 0.001 -2"><span class='ocrx_word' id='word_1_79' title='bbox 89 752 225 792; x_wconf 85' lang='lat' dir='ltr'>3Erat</span> <span class='ocrx_word' id='word_1_80' title='bbox 249 756 384 790; x_wconf 84' lang='lat' dir='ltr'>autem</span> <span class='ocrx_word' id='word_1_81' title='bbox 410 757 659 791; x_wconf 87' lang='lat' dir='ltr'>conuentum</span> <span class='ocrx_word' id='word_1_82' title='bbox 681 752 787 792; x_wconf 91' lang='lat' dir='ltr'>inter</span> <span class='ocrx_word' id='word_1_83' title='bbox 820 765 894 793; x_wconf 89' lang='lat' dir='ltr'>eos</span> <span class='ocrx_word' id='word_1_84' title='bbox 928 753 1228 793; x_wconf 86' lang='lat' dir='ltr'>clandestinum</span> <span class='ocrx_word' id='word_1_85' title='bbox 1256 755 1307 793; x_wconf 92' lang='lat' dir='ltr'>de</span> <span class='ocrx_word' id='word_1_86' title='bbox 1340 765 1521 794; x_wconf 88' lang='lat' dir='ltr'>commu-</span> 
     </span>
     <span class='ocr_line' id='line_1_12' title="bbox 125 807 1523 859; baseline 0.004 -14"><span class='ocrx_word' id='word_1_87' title='bbox 125 808 251 846; x_wconf 89' lang='lat' dir='ltr'>tando</span> <span class='ocrx_word' id='word_1_88' title='bbox 270 807 350 846; x_wconf 88' lang='lat' dir='ltr'>situ</span> <span class='ocrx_word' id='word_1_89' title='bbox 369 807 599 856; x_wconf 86' lang='lat' dir='ltr'>literarum,</span> <span class='ocrx_word' id='word_1_90' title='bbox 626 813 670 848; x_wconf 90' lang='lat' dir='ltr'>ut</span> <span class='ocrx_word' id='word_1_91' title='bbox 687 808 725 848; x_wconf 91' lang='lat' dir='ltr'>in</span> <span class='ocrx_word' id='word_1_92' title='bbox 744 809 899 859; x_wconf 88' lang='lat' dir='ltr'>scripto</span> <span class='ocrx_word' id='word_1_93' title='bbox 925 809 1091 859; x_wconf 89' lang='lat' dir='ltr'>quidem</span> <span class='ocrx_word' id='word_1_94' title='bbox 1107 809 1185 848; x_wconf 84' lang='lat' dir='ltr'>alia</span> <span class='ocrx_word' id='word_1_95' title='bbox 1203 810 1305 849; x_wconf 83' lang='lat' dir='ltr'>aliae</span> <span class='ocrx_word' id='word_1_96' title='bbox 1321 811 1458 850; x_wconf 90' lang='lat' dir='ltr'>locum</span> <span class='ocrx_word' id='word_1_97' title='bbox 1481 816 1523 850; x_wconf 82' lang='lat' dir='ltr'>et</span> 
     </span>
     <span class='ocr_line' id='line_1_13' title="bbox 124 865 1519 915; baseline 0.002 -12"><span class='ocrx_word' id='word_1_98' title='bbox 124 875 276 903; x_wconf 89' lang='lat' dir='ltr'>nomen</span> <span class='ocrx_word' id='word_1_99' title='bbox 294 868 474 911; x_wconf 88' lang='lat' dir='ltr'>teneret,</span> <span class='ocrx_word' id='word_1_100' title='bbox 508 865 583 904; x_wconf 89' lang='lat' dir='ltr'>sed</span> <span class='ocrx_word' id='word_1_101' title='bbox 604 865 641 903; x_wconf 91' lang='lat' dir='ltr'>in</span> <span class='ocrx_word' id='word_1_102' title='bbox 660 866 835 915; x_wconf 76' lang='lat' dir='ltr'>legendo</span> <span class='ocrx_word' id='word_1_103' title='bbox 854 867 972 905; x_wconf 87' lang='lat' dir='ltr'>locus</span> <span class='ocrx_word' id='word_1_104' title='bbox 991 865 1140 915; x_wconf 91' lang='lat' dir='ltr'>cuique</span> <span class='ocrx_word' id='word_1_105' title='bbox 1156 878 1257 906; x_wconf 91' lang='lat' dir='ltr'>suus</span> <span class='ocrx_word' id='word_1_106' title='bbox 1276 870 1316 905; x_wconf 91' lang='lat' dir='ltr'>et</span> <span class='ocrx_word' id='word_1_107' title='bbox 1330 872 1519 915; x_wconf 86' lang='lat' dir='ltr'>potestas</span> 
     </span>
    </p>

    <p class='ocr_par' dir='ltr' id='par_1_6' title="bbox 86 920 1520 1031">
     <span class='ocr_line' id='line_1_14' title="bbox 86 920 1520 972; baseline 0.001 -12"><span class='ocrx_word' id='word_1_108' title='bbox 86 927 110 961; x_wconf 78' lang='lat'>4</span> <span class='ocrx_word' id='word_1_109' title='bbox 127 920 434 968; x_wconf 87' lang='lat' dir='ltr'>restitueretur;</span> <span class='ocrx_word' id='word_1_110' title='bbox 466 932 667 969; x_wconf 78' lang='lat' dir='ltr'>quaenam</span> <span class='ocrx_word' id='word_1_111' title='bbox 690 934 788 961; x_wconf 86' lang='lat' dir='ltr'>nero</span> <span class='ocrx_word' id='word_1_112' title='bbox 806 923 922 961; x_wconf 86' lang='lat' dir='ltr'>litera</span> <span class='ocrx_word' id='word_1_113' title='bbox 942 934 1018 972; x_wconf 88' lang='lat' dir='ltr'>pro</span> <span class='ocrx_word' id='word_1_114' title='bbox 1037 933 1118 972; x_wconf 89' lang='lat' dir='ltr'>qua</span> <span class='ocrx_word' id='word_1_115' title='bbox 1136 922 1397 970; x_wconf 82' lang='lat' dir='ltr'>scriberetur,</span> <span class='ocrx_word' id='word_1_116' title='bbox 1425 927 1520 962; x_wconf 86' lang='lat' dir='ltr'>ante</span> 
     </span>
     <span class='ocr_line' id='line_1_15' title="bbox 123 976 1519 1031; baseline 0.003 -17"><span class='ocrx_word' id='word_1_117' title='bbox 123 976 178 1022; x_wconf 85' lang='lat' dir='ltr'>is,</span> <span class='ocrx_word' id='word_1_118' title='bbox 216 976 336 1016; x_wconf 90' lang='lat' dir='ltr'>sicuti</span> <span class='ocrx_word' id='word_1_119' title='bbox 369 977 467 1024; x_wconf 83' lang='lat' dir='ltr'>dixi,</span> <span class='ocrx_word' id='word_1_120' title='bbox 511 979 807 1031; x_wconf 86' lang='lat' dir='ltr'>conplacebat,</span> <span class='ocrx_word' id='word_1_121' title='bbox 849 979 919 1028; x_wconf 88' lang='lat' dir='ltr'>qui</span> <span class='ocrx_word' id='word_1_122' title='bbox 949 979 1054 1017; x_wconf 88' lang='lat' dir='ltr'>hanc</span> <span class='ocrx_word' id='word_1_123' title='bbox 1085 978 1292 1018; x_wconf 90' lang='lat' dir='ltr'>scribendi</span> <span class='ocrx_word' id='word_1_124' title='bbox 1321 979 1519 1018; x_wconf 86' lang='lat' dir='ltr'>latebram</span> 
     </span>
    </p>

    <p class='ocr_par' dir='ltr' id='par_1_7' title="bbox 86 1033 1519 1197">
     <span class='ocr_line' id='line_1_16' title="bbox 86 1033 1518 1085; baseline 0.001 -12"><span class='ocrx_word' id='word_1_125' title='bbox 86 1040 106 1073; x_wconf 88' lang='lat'>5</span> <span class='ocrx_word' id='word_1_126' title='bbox 122 1033 336 1082; x_wconf 86' lang='lat' dir='ltr'>parabant.</span> <span class='ocrx_word' id='word_1_127' title='bbox 397 1034 470 1072; x_wconf 84' lang='lat' dir='ltr'>Est</span> <span class='ocrx_word' id='word_1_128' title='bbox 502 1034 607 1072; x_wconf 84' lang='lat' dir='ltr'>adeo</span> <span class='ocrx_word' id='word_1_129' title='bbox 643 1036 671 1073; x_wconf 91' lang='lat' dir='ltr'>P</span> <span class='ocrx_word' id='word_1_130' title='bbox 684 1047 704 1073; x_wconf 89' lang='lat' dir='ltr'>r</span> <span class='ocrx_word' id='word_1_131' title='bbox 715 1035 792 1074; x_wconf 91' lang='lat' dir='ltr'>obi</span> <span class='ocrx_word' id='word_1_132' title='bbox 825 1035 1080 1085; x_wconf 83' lang='lat' dir='ltr'>grammatici</span> <span class='ocrx_word' id='word_1_133' title='bbox 1110 1047 1130 1074; x_wconf 93' lang='lat' dir='ltr'>c</span> <span class='ocrx_word' id='word_1_134' title='bbox 1144 1046 1166 1074; x_wconf 92' lang='grc' dir='ltr'>ο</span> <span class='ocrx_word' id='word_1_135' title='bbox 1179 1047 1217 1074; x_wconf 91' lang='lat' dir='ltr'>m</span> <span class='ocrx_word' id='word_1_136' title='bbox 1230 1047 1267 1073; x_wconf 91' lang='lat' dir='ltr'>m</span> <span class='ocrx_word' id='word_1_137' title='bbox 1280 1046 1302 1074; x_wconf 93' lang='lat' dir='ltr'>e</span> <span class='ocrx_word' id='word_1_138' title='bbox 1314 1040 1399 1074; x_wconf 88' lang='lat' dir='ltr'>nta</span> <span class='ocrx_word' id='word_1_139' title='bbox 1410 1035 1487 1074; x_wconf 89' lang='lat' dir='ltr'>riu</span> <span class='ocrx_word' id='word_1_140' title='bbox 1499 1047 1518 1074; x_wconf 90' lang='lat' dir='ltr'>s</span> 
     </span>
     <span class='ocr_line' id='line_1_17' title="bbox 123 1089 1519 1141; baseline 0.002 -14"><span class='ocrx_word' id='word_1_141' title='bbox 123 1089 223 1128; x_wconf 86' lang='lat' dir='ltr'>satis</span> <span class='ocrx_word' id='word_1_142' title='bbox 242 1089 406 1128; x_wconf 88' lang='lat' dir='ltr'>curiose</span> <span class='ocrx_word' id='word_1_143' title='bbox 442 1090 573 1128; x_wconf 87' lang='lat' dir='ltr'>factus</span> <span class='ocrx_word' id='word_1_144' title='bbox 606 1090 664 1129; x_wconf 87' lang='lat' dir='ltr'>de</span> <span class='ocrx_word' id='word_1_145' title='bbox 697 1103 719 1130; x_wconf 88' lang='lat' dir='ltr'>o</span> <span class='ocrx_word' id='word_1_146' title='bbox 734 1093 904 1130; x_wconf 90' lang='lat' dir='ltr'>cculta</span> <span class='ocrx_word' id='word_1_147' title='bbox 943 1091 1216 1130; x_wconf 85' lang='lat' dir='ltr'>literarum</span> <span class='ocrx_word' id='word_1_148' title='bbox 1247 1091 1325 1141; x_wconf 84' lang='lat' dir='ltr'>sig</span> <span class='ocrx_word' id='word_1_149' title='bbox 1338 1091 1519 1130; x_wconf 82' lang='lat' dir='ltr'>nifica-</span> 
     </span>
     <span class='ocr_line' id='line_1_18' title="bbox 122 1145 1402 1197; baseline 0.002 -14"><span class='ocrx_word' id='word_1_150' title='bbox 122 1145 195 1184; x_wconf 85' lang='lat' dir='ltr'>tio</span> <span class='ocrx_word' id='word_1_151' title='bbox 212 1156 270 1184; x_wconf 93' lang='lat' dir='ltr'>ne</span> <span class='ocrx_word' id='word_1_152' title='bbox 306 1145 352 1183; x_wconf 91' lang='lat' dir='ltr'>in</span> <span class='ocrx_word' id='word_1_153' title='bbox 385 1146 728 1195; x_wconf 87' lang='lat' dir='ltr'>epistularum</span> <span class='ocrx_word' id='word_1_154' title='bbox 768 1149 809 1186; x_wconf 90' lang='lat' dir='ltr'>C.</span> <span class='ocrx_word' id='word_1_155' title='bbox 841 1148 1084 1187; x_wconf 88' lang='lat' dir='ltr'>Caesaris</span> <span class='ocrx_word' id='word_1_156' title='bbox 1117 1159 1136 1186; x_wconf 90' lang='lat' dir='ltr'>s</span> <span class='ocrx_word' id='word_1_157' title='bbox 1152 1147 1402 1197; x_wconf 86' lang='lat' dir='ltr'>criptura.</span> 
     </span>
    </p>

    <p class='ocr_par' dir='ltr' id='par_1_8' title="bbox 86 1201 1519 1251">
     <span class='ocr_line' id='line_1_19' title="bbox 86 1201 1519 1251; baseline -0.002 -8"><span class='ocrx_word' id='word_1_158' title='bbox 86 1208 107 1243; x_wconf 87' lang='lat'>6</span> <span class='ocrx_word' id='word_1_159' title='bbox 206 1201 521 1241; x_wconf 87' lang='lat' dir='ltr'>Lacedaemonii</span> <span class='ocrx_word' id='word_1_160' title='bbox 547 1208 683 1242; x_wconf 88' lang='lat' dir='ltr'>autem</span> <span class='ocrx_word' id='word_1_161' title='bbox 713 1209 901 1251; x_wconf 87' lang='lat' dir='ltr'>ueteres,</span> <span class='ocrx_word' id='word_1_162' title='bbox 930 1215 1021 1242; x_wconf 89' lang='lat' dir='ltr'>cum</span> <span class='ocrx_word' id='word_1_163' title='bbox 1040 1203 1299 1243; x_wconf 85' lang='lat' dir='ltr'>dissimulare</span> <span class='ocrx_word' id='word_1_164' title='bbox 1326 1208 1366 1242; x_wconf 90' lang='lat' dir='ltr'>et</span> <span class='ocrx_word' id='word_1_165' title='bbox 1383 1204 1519 1243; x_wconf 85' lang='lat' dir='ltr'>occul-</span> 
     </span>
    </p>
   </div>
   <div class='ocr_carea' id='block_1_4' title="bbox 122 1258 1584 1308">
    <p class='ocr_par' dir='ltr' id='par_1_9' title="bbox 122 1258 1584 1308">
     <span class='ocr_line' id='line_1_20' title="bbox 122 1258 1584 1308; baseline 0 -12"><span class='ocrx_word' id='word_1_166' title='bbox 122 1263 209 1296; x_wconf 85' lang='lat' dir='ltr'>tare</span> <span class='ocrx_word' id='word_1_167' title='bbox 226 1258 364 1296; x_wconf 87' lang='lat' dir='ltr'>literas</span> <span class='ocrx_word' id='word_1_168' title='bbox 384 1258 545 1306; x_wconf 89' lang='lat' dir='ltr'>publice</span> <span class='ocrx_word' id='word_1_169' title='bbox 564 1259 615 1296; x_wconf 88' lang='lat' dir='ltr'>ad</span> <span class='ocrx_word' id='word_1_170' title='bbox 632 1260 906 1308; x_wconf 86' lang='lat' dir='ltr'>imperatores</span> <span class='ocrx_word' id='word_1_171' title='bbox 926 1272 1027 1299; x_wconf 88' lang='lat' dir='ltr'>suos</span> <span class='ocrx_word' id='word_1_172' title='bbox 1051 1259 1202 1299; x_wconf 88' lang='lat' dir='ltr'>missas</span> <span class='ocrx_word' id='word_1_173' title='bbox 1223 1259 1431 1306; x_wconf 74' lang='lat' dir='ltr'>uolebant,</span> <span class='ocrx_word' id='word_1_174' title='bbox 1451 1270 1517 1306; x_wconf 90' lang='lat' dir='ltr'>ne,</span> <span class='ocrx_word' id='word_1_175' title='bbox 1580 1294 1584 1296; x_wconf 78' lang='grc'>.</span> 
     </span>
    </p>
   </div>
   <div class='ocr_carea' id='block_1_5' title="bbox 84 1313 1518 1418">
    <p class='ocr_par' dir='ltr' id='par_1_10' title="bbox 84 1313 1518 1418">
     <span class='ocr_line' id='line_1_21' title="bbox 124 1313 1516 1364; baseline 0 -12"><span class='ocrx_word' id='word_1_176' title='bbox 124 1314 159 1353; x_wconf 89' lang='lat' dir='ltr'>si</span> <span class='ocrx_word' id='word_1_177' title='bbox 179 1314 229 1351; x_wconf 86' lang='lat' dir='ltr'>ab</span> <span class='ocrx_word' id='word_1_178' title='bbox 255 1313 445 1352; x_wconf 84' lang='lat' dir='ltr'>hostibus</span> <span class='ocrx_word' id='word_1_179' title='bbox 468 1325 541 1352; x_wconf 90' lang='lat' dir='ltr'>eae</span> <span class='ocrx_word' id='word_1_180' title='bbox 564 1320 709 1364; x_wconf 88' lang='lat' dir='ltr'>captae</span> <span class='ocrx_word' id='word_1_181' title='bbox 735 1317 890 1361; x_wconf 83' lang='lat' dir='ltr'>forent,</span> <span class='ocrx_word' id='word_1_182' title='bbox 920 1316 1091 1355; x_wconf 89' lang='lat' dir='ltr'>consilia</span> <span class='ocrx_word' id='word_1_183' title='bbox 1122 1327 1199 1354; x_wconf 87' lang='lat' dir='ltr'>sua</span> <span class='ocrx_word' id='word_1_184' title='bbox 1229 1319 1516 1362; x_wconf 90' lang='lat' dir='ltr'>noscerentur,</span> 
     </span>
     <span class='ocr_line' id='line_1_22' title="bbox 84 1369 1518 1418; baseline 0.001 -11"><span class='ocrx_word' id='word_1_185' title='bbox 84 1376 105 1411; x_wconf 88' lang='lat'><strong>7</strong></span> <span class='ocrx_word' id='word_1_186' title='bbox 123 1370 321 1418; x_wconf 87' lang='lat' dir='ltr'>epistulas</span> <span class='ocrx_word' id='word_1_187' title='bbox 340 1369 379 1407; x_wconf 88' lang='lat' dir='ltr'>id</span> <span class='ocrx_word' id='word_1_188' title='bbox 398 1381 529 1417; x_wconf 74' lang='lat' dir='ltr'>genus</span> <span class='ocrx_word' id='word_1_189' title='bbox 548 1371 676 1410; x_wconf 82' lang='lat' dir='ltr'>factas</span> <span class='ocrx_word' id='word_1_190' title='bbox 699 1371 923 1409; x_wconf 84' lang='lat' dir='ltr'>mittebant.</span> <span class='ocrx_word' id='word_1_191' title='bbox 987 1371 1149 1410; x_wconf 88' lang='lat' dir='ltr'>Surculi</span> <span class='ocrx_word' id='word_1_192' title='bbox 1171 1371 1253 1410; x_wconf 91' lang='lat' dir='ltr'>duo</span> <span class='ocrx_word' id='word_1_193' title='bbox 1272 1375 1389 1410; x_wconf 89' lang='lat' dir='ltr'>erant</span> <span class='ocrx_word' id='word_1_194' title='bbox 1412 1375 1518 1409; x_wconf 89' lang='lat' dir='ltr'>tere-</span> 
     </span>
    </p>
   </div>
   <div class='ocr_carea' id='block_1_6' title="bbox 121 1425 1567 1476">
    <p class='ocr_par' dir='ltr' id='par_1_11' title="bbox 121 1425 1567 1476">
     <span class='ocr_line' id='line_1_23' title="bbox 121 1425 1567 1476; baseline 0 -12"><span class='ocrx_word' id='word_1_195' title='bbox 121 1431 206 1472; x_wconf 85' lang='lat' dir='ltr'>tes,</span> <span class='ocrx_word' id='word_1_196' title='bbox 240 1425 469 1474; x_wconf 82' lang='lat' dir='ltr'>oblonguli‚</span> <span class='ocrx_word' id='word_1_197' title='bbox 499 1425 588 1474; x_wconf 89' lang='lat' dir='ltr'>pari</span> <span class='ocrx_word' id='word_1_198' title='bbox 620 1431 902 1465; x_wconf 84' lang='lat' dir='ltr'>crassamento</span> <span class='ocrx_word' id='word_1_199' title='bbox 933 1427 1204 1476; x_wconf 82' lang='lat' dir='ltr'>eiusdemque</span> <span class='ocrx_word' id='word_1_200' title='bbox 1235 1426 1516 1476; x_wconf 82' lang='lat' dir='ltr'>longitudinis,</span> <span class='ocrx_word' id='word_1_201' title='bbox 1565 1441 1567 1443; x_wconf 49' lang='lat'><strong><em>¹</em></strong></span> 
     </span>
    </p>
   </div>
   <div class='ocr_carea' id='block_1_7' title="bbox 83 1481 1517 1533">
    <p class='ocr_par' dir='ltr' id='par_1_12' title="bbox 83 1481 1517 1533">
     <span class='ocr_line' id='line_1_24' title="bbox 83 1481 1517 1533; baseline -0.001 -11"><span class='ocrx_word' id='word_1_202' title='bbox 83 1488 107 1523; x_wconf 88' lang='lat'>8</span> <span class='ocrx_word' id='word_1_203' title='bbox 124 1481 261 1521; x_wconf 87' lang='lat' dir='ltr'>derasi</span> <span class='ocrx_word' id='word_1_204' title='bbox 287 1485 410 1530; x_wconf 85' lang='lat' dir='ltr'>atque</span> <span class='ocrx_word' id='word_1_205' title='bbox 443 1481 575 1520; x_wconf 91' lang='lat' dir='ltr'>ornati</span> <span class='ocrx_word' id='word_1_206' title='bbox 603 1483 890 1530; x_wconf 88' lang='lat' dir='ltr'>consimiliter;</span> <span class='ocrx_word' id='word_1_207' title='bbox 927 1495 1032 1522; x_wconf 90' lang='lat' dir='ltr'>unus</span> <span class='ocrx_word' id='word_1_208' title='bbox 1053 1482 1291 1533; x_wconf 87' lang='lat' dir='ltr'>imperatori</span> <span class='ocrx_word' id='word_1_209' title='bbox 1306 1483 1346 1522; x_wconf 91' lang='lat' dir='ltr'>in</span> <span class='ocrx_word' id='word_1_210' title='bbox 1364 1483 1517 1522; x_wconf 88' lang='lat' dir='ltr'>bellum</span> 
     </span>
    </p>
   </div>
   <div class='ocr_carea' id='block_1_8' title="bbox 83 1537 1589 1644">
    <p class='ocr_par' dir='ltr' id='par_1_13' title="bbox 83 1537 1594 1650">
     <span class='ocr_line' id='line_1_25' title="bbox 121 1537 1589 1589; baseline 0 -13"><span class='ocrx_word' id='word_1_211' title='bbox 121 1537 403 1587; x_wconf 83' lang='lat' dir='ltr'>proficiscenti</span> <span class='ocrx_word' id='word_1_212' title='bbox 421 1538 615 1586; x_wconf 87' lang='lat' dir='ltr'>dabatur,</span> <span class='ocrx_word' id='word_1_213' title='bbox 645 1541 818 1578; x_wconf 84' lang='lat' dir='ltr'>alterurn</span> <span class='ocrx_word' id='word_1_214' title='bbox 837 1539 947 1578; x_wconf 89' lang='lat' dir='ltr'>domi</span> <span class='ocrx_word' id='word_1_215' title='bbox 966 1538 1230 1589; x_wconf 84' lang='lat' dir='ltr'>magistratus</span> <span class='ocrx_word' id='word_1_216' title='bbox 1249 1549 1342 1578; x_wconf 88' lang='lat' dir='ltr'>cum</span> <span class='ocrx_word' id='word_1_217' title='bbox 1357 1539 1445 1579; x_wconf 89' lang='lat' dir='ltr'>iure</span> <span class='ocrx_word' id='word_1_218' title='bbox 1461 1543 1517 1577; x_wconf 87' lang='lat' dir='ltr'>at·</span> <span class='ocrx_word' id='word_1_219' title='bbox 1580 1577 1589 1586; x_wconf 66' lang='grc'><strong><em>,</em></strong></span> 
     </span>
     <span class='ocr_line' id='line_1_26' title="bbox 83 1593 1517 1644; baseline -0.001 -10"><span class='ocrx_word' id='word_1_220' title='bbox 83 1599 105 1634; x_wconf 85' lang='grc'>9</span> <span class='ocrx_word' id='word_1_221' title='bbox 124 1605 203 1642; x_wconf 80' lang='lat' dir='ltr'>que</span> <span class='ocrx_word' id='word_1_222' title='bbox 223 1605 315 1632; x_wconf 75' lang='lat' dir='ltr'>cun]</span> <span class='ocrx_word' id='word_1_223' title='bbox 345 1593 463 1642; x_wconf 81' lang='lat' dir='ltr'>signo</span> <span class='ocrx_word' id='word_1_224' title='bbox 496 1594 715 1634; x_wconf 88' lang='lat' dir='ltr'>habebant.</span> <span class='ocrx_word' id='word_1_225' title='bbox 778 1595 949 1644; x_wconf 83' lang='lat' dir='ltr'>Quando</span> <span class='ocrx_word' id='word_1_226' title='bbox 971 1607 1074 1636; x_wconf 90' lang='lat' dir='ltr'>usus</span> <span class='ocrx_word' id='word_1_227' title='bbox 1105 1600 1278 1635; x_wconf 89' lang='lat' dir='ltr'>uenerat</span> <span class='ocrx_word' id='word_1_228' title='bbox 1308 1595 1517 1634; x_wconf 88' lang='lat' dir='ltr'>literarum</span> 
     </span>
    </p>
   </div>
   <div class='ocr_carea' id='block_1_9' title="bbox 122 1650 1517 1696">
    <p class='ocr_par' dir='ltr' id='par_1_14' title="bbox 122 1650 1517 1696">
     <span class='ocr_line' id='line_1_27' title="bbox 122 1650 1517 1696; baseline -0.001 -7"><span class='ocrx_word' id='word_1_229' title='bbox 122 1650 412 1696; x_wconf 79' lang='lat' dir='ltr'>secretiorum,</span> <span class='ocrx_word' id='word_1_230' title='bbox 446 1650 597 1690; x_wconf 86' lang='lat' dir='ltr'>circum</span> <span class='ocrx_word' id='word_1_231' title='bbox 618 1663 709 1690; x_wconf 87' lang='lat' dir='ltr'>eum</span> <span class='ocrx_word' id='word_1_232' title='bbox 736 1652 947 1691; x_wconf 88' lang='lat' dir='ltr'>surculum</span> <span class='ocrx_word' id='word_1_233' title='bbox 972 1653 1105 1691; x_wconf 88' lang='lat' dir='ltr'>lorum</span> <span class='ocrx_word' id='word_1_234' title='bbox 1131 1651 1320 1691; x_wconf 86' lang='lat' dir='ltr'>modicae</span> <span class='ocrx_word' id='word_1_235' title='bbox 1344 1650 1517 1690; x_wconf 86' lang='lat' dir='ltr'>tenuita-</span> 
     </span>
    </p>
   </div>
   <div class='ocr_carea' id='block_1_10' title="bbox 119 1706 1592 1813">
    <p class='ocr_par' dir='ltr' id='par_1_15' title="bbox 119 1706 1594 1813">
     <span class='ocr_line' id='line_1_28' title="bbox 119 1706 1592 1763; baseline 0.001 -19"><span class='ocrx_word' id='word_1_236' title='bbox 119 1706 194 1752; x_wconf 86' lang='lat' dir='ltr'>tis,</span> <span class='ocrx_word' id='word_1_237' title='bbox 224 1707 390 1755; x_wconf 84' lang='lat' dir='ltr'>longum</span> <span class='ocrx_word' id='word_1_238' title='bbox 427 1712 587 1758; x_wconf 78' lang='lat' dir='ltr'>autem,</span> <span class='ocrx_word' id='word_1_239' title='bbox 617 1713 814 1756; x_wconf 85' lang='lat' dir='ltr'>quantum</span> <span class='ocrx_word' id='word_1_240' title='bbox 850 1707 908 1746; x_wconf 87' lang='lat' dir='ltr'>rei</span> <span class='ocrx_word' id='word_1_241' title='bbox 938 1708 1038 1747; x_wconf 88' lang='lat' dir='ltr'>satis</span> <span class='ocrx_word' id='word_1_242' title='bbox 1062 1713 1169 1755; x_wconf 86' lang='lat' dir='ltr'>erat,</span> <span class='ocrx_word' id='word_1_243' title='bbox 1202 1706 1516 1756; x_wconf 85' lang='lat' dir='ltr'>complicabant,</span> <span class='ocrx_word' id='word_1_244' title='bbox 1579 1720 1592 1763; x_wconf 66' lang='lat' dir='ltr'>:j</span> 
     </span>
     <span class='ocr_line' id='line_1_29' title="bbox 120 1762 1516 1813; baseline 0 -13"><span class='ocrx_word' id='word_1_245' title='bbox 120 1762 331 1801; x_wconf 87' lang='lat' dir='ltr'>uolumine</span> <span class='ocrx_word' id='word_1_246' title='bbox 354 1764 533 1801; x_wconf 90' lang='lat' dir='ltr'>rutundo</span> <span class='ocrx_word' id='word_1_247' title='bbox 554 1768 594 1802; x_wconf 90' lang='lat' dir='ltr'>et</span> <span class='ocrx_word' id='word_1_248' title='bbox 617 1764 802 1813; x_wconf 88' lang='lat' dir='ltr'>simplici,</span> <span class='ocrx_word' id='word_1_249' title='bbox 821 1764 875 1802; x_wconf 85' lang='lat' dir='ltr'>ita</span> <span class='ocrx_word' id='word_1_250' title='bbox 897 1764 954 1803; x_wconf 89' lang='lat' dir='ltr'>uti</span> <span class='ocrx_word' id='word_1_251' title='bbox 973 1775 1071 1804; x_wconf 89' lang='lat' dir='ltr'>orae</span> <span class='ocrx_word' id='word_1_252' title='bbox 1094 1763 1312 1802; x_wconf 85' lang='lat' dir='ltr'>adiunctae</span> <span class='ocrx_word' id='word_1_253' title='bbox 1332 1763 1516 1811; x_wconf 88' lang='lat' dir='ltr'>undique</span> 
     </span>
    </p>
   </div>
   <div class='ocr_carea' id='block_1_11' title="bbox 66 1818 1517 2037">
    <p class='ocr_par' dir='ltr' id='par_1_16' title="bbox 66 1818 1517 2037">
     <span class='ocr_line' id='line_1_30' title="bbox 66 1818 1516 1870; baseline -0.001 -11"><span class='ocrx_word' id='word_1_254' title='bbox 66 1825 110 1859; x_wconf 94' lang='lat'>10</span> <span class='ocrx_word' id='word_1_255' title='bbox 123 1823 161 1856; x_wconf 89' lang='lat' dir='ltr'>et</span> <span class='ocrx_word' id='word_1_256' title='bbox 180 1818 450 1857; x_wconf 86' lang='lat' dir='ltr'>cohaerentes</span> <span class='ocrx_word' id='word_1_257' title='bbox 478 1818 564 1867; x_wconf 87' lang='lat' dir='ltr'>lori,</span> <span class='ocrx_word' id='word_1_258' title='bbox 585 1821 698 1868; x_wconf 85' lang='lat' dir='ltr'>quod</span> <span class='ocrx_word' id='word_1_259' title='bbox 718 1820 958 1870; x_wconf 86' lang='lat' dir='ltr'>plicabatur,</span> <span class='ocrx_word' id='word_1_260' title='bbox 983 1820 1153 1859; x_wconf 89' lang='lat' dir='ltr'>coirent.</span> <span class='ocrx_word' id='word_1_261' title='bbox 1185 1820 1343 1860; x_wconf 88' lang='lat' dir='ltr'>Literas</span> <span class='ocrx_word' id='word_1_262' title='bbox 1365 1818 1516 1866; x_wconf 86' lang='lat' dir='ltr'>deinde</span> 
     </span>
     <span class='ocr_line' id='line_1_31' title="bbox 120 1874 1516 1924; baseline 0.001 -12"><span class='ocrx_word' id='word_1_263' title='bbox 120 1874 159 1912; x_wconf 90' lang='lat' dir='ltr'>in</span> <span class='ocrx_word' id='word_1_264' title='bbox 197 1885 246 1913; x_wconf 90' lang='lat' dir='ltr'>eo</span> <span class='ocrx_word' id='word_1_265' title='bbox 292 1875 380 1913; x_wconf 92' lang='lat' dir='ltr'>loro</span> <span class='ocrx_word' id='word_1_266' title='bbox 423 1886 496 1923; x_wconf 83' lang='lat' dir='ltr'>per</span> <span class='ocrx_word' id='word_1_267' title='bbox 535 1880 795 1916; x_wconf 86' lang='lat' dir='ltr'>transuersas</span> <span class='ocrx_word' id='word_1_268' title='bbox 829 1875 1109 1915; x_wconf 85' lang='lat' dir='ltr'>iuncturarum</span> <span class='ocrx_word' id='word_1_269' title='bbox 1152 1887 1271 1924; x_wconf 90' lang='lat' dir='ltr'>oras,</span> <span class='ocrx_word' id='word_1_270' title='bbox 1323 1874 1516 1914; x_wconf 87' lang='lat' dir='ltr'>uersibus</span> 
     </span>
     <span class='ocr_line' id='line_1_32' title="bbox 67 1930 1517 1980; baseline -0.001 -11"><span class='ocrx_word' id='word_1_271' title='bbox 67 1937 143 1970; x_wconf 90' lang='lat' dir='ltr'>lla</span> <span class='ocrx_word' id='word_1_272' title='bbox 167 1941 326 1969; x_wconf 89' lang='lat' dir='ltr'>summo</span> <span class='ocrx_word' id='word_1_273' title='bbox 347 1931 398 1968; x_wconf 85' lang='lat' dir='ltr'>ad</span> <span class='ocrx_word' id='word_1_274' title='bbox 413 1930 537 1969; x_wconf 88' lang='lat' dir='ltr'>imum</span> <span class='ocrx_word' id='word_1_275' title='bbox 572 1931 952 1979; x_wconf 82' lang='lat' dir='ltr'>proficiscentibus,</span> <span class='ocrx_word' id='word_1_276' title='bbox 984 1931 1289 1980; x_wconf 83' lang='lat' dir='ltr'>inscribebant3</span> <span class='ocrx_word' id='word_1_277' title='bbox 1319 1931 1362 1970; x_wconf 88' lang='lat' dir='ltr'>id</span> <span class='ocrx_word' id='word_1_278' title='bbox 1384 1932 1517 1970; x_wconf 87' lang='lat' dir='ltr'>lorum</span> 
     </span>
     <span class='ocr_line' id='line_1_33' title="bbox 121 1985 1515 2037; baseline 0.001 -15"><span class='ocrx_word' id='word_1_279' title='bbox 121 1985 246 2025; x_wconf 87' lang='lat' dir='ltr'>literis</span> <span class='ocrx_word' id='word_1_280' title='bbox 295 1986 350 2024; x_wconf 88' lang='lat' dir='ltr'>ita</span> <span class='ocrx_word' id='word_1_281' title='bbox 394 1987 636 2036; x_wconf 85' lang='lat' dir='ltr'>perscriptis</span> <span class='ocrx_word' id='word_1_282' title='bbox 686 1990 919 2028; x_wconf 86' lang='lat' dir='ltr'>reuolutum</span> <span class='ocrx_word' id='word_1_283' title='bbox 962 2000 1013 2027; x_wconf 82' lang='lat' dir='ltr'>ex</span> <span class='ocrx_word' id='word_1_284' title='bbox 1056 1989 1222 2028; x_wconf 91' lang='lat' dir='ltr'>surculo</span> <span class='ocrx_word' id='word_1_285' title='bbox 1264 1986 1515 2037; x_wconf 85' lang='lat' dir='ltr'>imperatori,</span> 
     </span>
    </p>
   </div>
   <div class='ocr_carea' id='block_1_12' title="bbox 67 2041 1576 2098">
    <p class='ocr_par' dir='ltr' id='par_1_17' title="bbox 67 2041 1576 2098">
     <span class='ocr_line' id='line_1_34' title="bbox 67 2041 1576 2098; baseline -0.002 -16"><span class='ocrx_word' id='word_1_286' title='bbox 67 2049 109 2082; x_wconf 83' lang='lat'>12</span> <span class='ocrx_word' id='word_1_287' title='bbox 122 2041 340 2080; x_wconf 87' lang='lat' dir='ltr'>commenti</span> <span class='ocrx_word' id='word_1_288' title='bbox 362 2042 479 2082; x_wconf 88' lang='lat' dir='ltr'>istius</span> <span class='ocrx_word' id='word_1_289' title='bbox 509 2045 700 2091; x_wconf 86' lang='lat' dir='ltr'>conscio,</span> <span class='ocrx_word' id='word_1_290' title='bbox 732 2045 962 2091; x_wconf 87' lang='lat' dir='ltr'>mittebant,</span> <span class='ocrx_word' id='word_1_291' title='bbox 993 2044 1191 2083; x_wconf 87' lang='lat' dir='ltr'>resolutio</span> <span class='ocrx_word' id='word_1_292' title='bbox 1218 2048 1355 2083; x_wconf 89' lang='lat' dir='ltr'>autem</span> <span class='ocrx_word' id='word_1_293' title='bbox 1377 2041 1454 2082; x_wconf 92' lang='lat' dir='ltr'>lori</span> <span class='ocrx_word' id='word_1_294' title='bbox 1474 2042 1516 2080; x_wconf 90' lang='lat' dir='ltr'>li-</span> <span class='ocrx_word' id='word_1_295' title='bbox 1571 2094 1576 2098; x_wconf 22' lang='grc' dir='ltr'><em>η</em></span> 
     </span>
    </p>
   </div>
   <div class='ocr_carea' id='block_1_13' title="bbox 120 2100 1517 2148">
    <p class='ocr_par' dir='ltr' id='par_1_18' title="bbox 120 2100 1517 2148">
     <span class='ocr_line' id='line_1_35' title="bbox 120 2100 1517 2148; baseline 0 -13"><span class='ocrx_word' id='word_1_296' title='bbox 120 2105 230 2136; x_wconf 84' lang='lat' dir='ltr'>teras</span> <span class='ocrx_word' id='word_1_297' title='bbox 258 2104 422 2137; x_wconf 89' lang='lat' dir='ltr'>truncas</span> <span class='ocrx_word' id='word_1_298' title='bbox 446 2103 570 2147; x_wconf 87' lang='lat' dir='ltr'>atque</span> <span class='ocrx_word' id='word_1_299' title='bbox 596 2100 756 2139; x_wconf 89' lang='lat' dir='ltr'>mutilas</span> <span class='ocrx_word' id='word_1_300' title='bbox 786 2100 986 2138; x_wconf 87' lang='lat' dir='ltr'>reddebat</span> <span class='ocrx_word' id='word_1_301' title='bbox 1018 2101 1286 2148; x_wconf 88' lang='lat' dir='ltr'>membraque</span> <span class='ocrx_word' id='word_1_302' title='bbox 1311 2109 1452 2137; x_wconf 89' lang='lat' dir='ltr'>earum</span> <span class='ocrx_word' id='word_1_303' title='bbox 1477 2102 1517 2135; x_wconf 87' lang='lat' dir='ltr'>et</span> 
     </span>
    </p>
   </div>
   <div class='ocr_carea' id='block_1_14' title="bbox 67 2143 1589 2317">
    <p class='ocr_par' dir='ltr' id='par_1_19' title="bbox 67 2143 1589 2317">
     <span class='ocr_line' id='line_1_36' title="bbox 68 2143 1589 2204; baseline -0.001 -12"><span class='ocrx_word' id='word_1_304' title='bbox 68 2158 110 2192; x_wconf 85' lang='lat'>13</span> <span class='ocrx_word' id='word_1_305' title='bbox 121 2153 259 2201; x_wconf 88' lang='lat' dir='ltr'>apices</span> <span class='ocrx_word' id='word_1_306' title='bbox 281 2153 319 2191; x_wconf 89' lang='lat' dir='ltr'>in</span> <span class='ocrx_word' id='word_1_307' title='bbox 344 2159 483 2201; x_wconf 89' lang='lat' dir='ltr'>partes</span> <span class='ocrx_word' id='word_1_308' title='bbox 503 2154 808 2195; x_wconf 85' lang='lat' dir='ltr'>diuersissimas</span> <span class='ocrx_word' id='word_1_309' title='bbox 826 2155 1068 2204; x_wconf 82' lang='lat' dir='ltr'>spargebat:</span> <span class='ocrx_word' id='word_1_310' title='bbox 1095 2161 1318 2204; x_wconf 87' lang='lat' dir='ltr'>propterea</span> <span class='ocrx_word' id='word_1_311' title='bbox 1341 2152 1376 2192; x_wconf 91' lang='lat' dir='ltr'>si</span> <span class='ocrx_word' id='word_1_312' title='bbox 1393 2153 1435 2191; x_wconf 90' lang='lat' dir='ltr'>id</span> <span class='ocrx_word' id='word_1_313' title='bbox 1457 2153 1515 2190; x_wconf 83' lang='lat' dir='ltr'>lo·</span> <span class='ocrx_word' id='word_1_314' title='bbox 1566 2155 1570 2158; x_wconf 85' lang='grc'><strong><em>’</em></strong></span> <span class='ocrx_word' id='word_1_315' title='bbox 1588 2143 1589 2146; x_wconf 35' lang='grc'><strong>“</strong></span> 
     </span>
     <span class='ocr_line' id='line_1_37' title="bbox 123 2206 1515 2259; baseline 0 -14"><span class='ocrx_word' id='word_1_316' title='bbox 123 2219 212 2246; x_wconf 89' lang='lat' dir='ltr'>rum</span> <span class='ocrx_word' id='word_1_317' title='bbox 237 2209 275 2246; x_wconf 90' lang='lat' dir='ltr'>in</span> <span class='ocrx_word' id='word_1_318' title='bbox 303 2220 447 2248; x_wconf 88' lang='lat' dir='ltr'>manus</span> <span class='ocrx_word' id='word_1_319' title='bbox 471 2210 652 2249; x_wconf 89' lang='lat' dir='ltr'>hostium</span> <span class='ocrx_word' id='word_1_320' title='bbox 678 2211 895 2256; x_wconf 84' lang='lat' dir='ltr'>inciderat,</span> <span class='ocrx_word' id='word_1_321' title='bbox 925 2209 1022 2248; x_wconf 90' lang='lat' dir='ltr'>nihil</span> <span class='ocrx_word' id='word_1_322' title='bbox 1047 2210 1268 2259; x_wconf 86' lang='lat' dir='ltr'>quicquam</span> <span class='ocrx_word' id='word_1_323' title='bbox 1292 2206 1515 2248; x_wconf 85' lang='lat' dir='ltr'>coniectari</span> 
     </span>
     <span class='ocr_line' id='line_1_38' title="bbox 67 2262 1567 2317; baseline -0.001 -15"><span class='ocrx_word' id='word_1_324' title='bbox 67 2269 172 2303; x_wconf 82' lang='lat' dir='ltr'>l4ex</span> <span class='ocrx_word' id='word_1_325' title='bbox 200 2274 249 2303; x_wconf 89' lang='lat' dir='ltr'>eo</span> <span class='ocrx_word' id='word_1_326' title='bbox 279 2264 432 2312; x_wconf 89' lang='lat' dir='ltr'>scripto</span> <span class='ocrx_word' id='word_1_327' title='bbox 466 2266 622 2314; x_wconf 86' lang='lat' dir='ltr'>quibat;</span> <span class='ocrx_word' id='word_1_328' title='bbox 659 2268 732 2306; x_wconf 88' lang='lat' dir='ltr'>sed</span> <span class='ocrx_word' id='word_1_329' title='bbox 758 2266 826 2304; x_wconf 88' lang='lat' dir='ltr'>ubi</span> <span class='ocrx_word' id='word_1_330' title='bbox 848 2265 935 2312; x_wconf 89' lang='lat' dir='ltr'>ille,</span> <span class='ocrx_word' id='word_1_331' title='bbox 976 2265 1028 2303; x_wconf 91' lang='lat' dir='ltr'>ad</span> <span class='ocrx_word' id='word_1_332' title='bbox 1049 2277 1176 2314; x_wconf 84' lang='lat' dir='ltr'>quem</span> <span class='ocrx_word' id='word_1_333' title='bbox 1211 2269 1300 2305; x_wconf 87' lang='lat' dir='ltr'>erat</span> <span class='ocrx_word' id='word_1_334' title='bbox 1327 2262 1514 2310; x_wconf 83' lang='lat' dir='ltr'>missum,</span> <span class='ocrx_word' id='word_1_335' title='bbox 1537 2272 1567 2317; x_wconf 18' lang='grc' dir='ltr'>’,ἡ</span> 
     </span>
    </p>
   </div>
   <div class='ocr_carea' id='block_1_15' title="bbox 1587 0 1619 64">
    <p class='ocr_par' dir='ltr' id='par_1_20' title="bbox 1587 0 1619 64">
     <span class='ocr_line' id='line_1_39' title="bbox 1587 0 1619 64; textangle 90"><span class='ocrx_word' id='word_1_336' title='bbox 1611 62 1614 64; x_wconf 79' lang='grc'>.</span> <span class='ocrx_word' id='word_1_337' title='bbox 1587 0 1619 49; x_wconf 48' lang='lat'>..⁴2</span> 
     </span>
    </p>
   </div>
   <div class='ocr_carea' id='block_1_16' title="bbox 1548 1010 1619 2476">
    <p class='ocr_par' dir='ltr' id='par_1_21' title="bbox 1548 1010 1619 2476">
     <span class='ocr_line' id='line_1_40' title="bbox 1548 1010 1619 2476; baseline 0 0"><span class='ocrx_word' id='word_1_338' title='bbox 1548 1010 1619 2476; x_wconf 95' lang='lat' dir='ltr'> </span> 
     </span>
    </p>
   </div>
  </div>
 </body>
</html>
