1603 2508
652 73 701 112 ΙΙ.
729 85 787 112 xi.
809 84 884 112 xil.
1411 70 1467 113 85

26 189 33 227 ’.
55 189 237 229 deretur.
299 186 543 229 Coniectare
571 186 695 236 igitur
723 197 790 235 se,
819 187 1047 227 detractam
1072 198 1167 226 esse
1186 198 1238 226 ex
1263 198 1312 226 eo
1330 187 1460 226 uerbo
1478 190 1503 226 4

0 265 10 297 ς.-
55 245 284 286 secundam
297 244 458 284 literam
482 248 523 283 et
545 243 752 283 ‘fauisas’
779 254 875 283 esse
893 243 1024 283 dictas
1051 244 1176 284 cellas
1196 244 1399 293 quasdam
1426 247 1468 282 et

0 330 21 364 3
54 312 230 353 specus,
259 301 410 352 quibus
434 300 588 341 aeditui
614 299 802 350 Capitolii
831 305 1048 340 uterentur
1080 301 1131 339 ad
1165 300 1465 340 custodiendas

54 370 125 399 res
152 363 320 399 ueteres
351 357 585 408 religiosas.

724 462 793 501 XI.

58 543 112 580 De
143 543 284 581 Sicinio
315 543 493 589 Dentato,
531 545 688 591 egregio
717 545 917 587 bellatore,
955 543 1069 578 multa
1101 546 1309 577 memoratu
1341 541 1466 588 digna.

138 645 183 683 L.
203 643 401 684 Sicinium
417 645 651 692 Dentatum,
672 644 741 694 qui
757 643 946 683 tribunus
963 641 1074 693 plebi
1093 642 1177 689 fuit,
1204 642 1355 693 Spurio
1373 644 1469 681 Tar-
1489 652 1508 686 1

53 701 173 753 peio,
199 702 251 741 A.
276 701 452 742 Aternio
481 702 744 749 consulibus,
774 700 975 750 scriptum
1003 704 1068 739 est
1098 700 1151 738 in
1181 700 1335 739 libris
1365 712 1390 738 a
1409 711 1434 738 n
1453 723 1466 728 —

55 757 288 807 nalibus,
327 760 447 809 plus,
477 770 600 809 quam
629 759 742 798 credi
771 758 940 805 debeat,
974 761 1189 797 strenuum
1220 757 1466 796 bellatorem

15 834 19 845 2
55 815 188 856 fuisse
202 826 442 866 nomenque
466 816 503 855 ei
529 817 681 856 factum
700 816 752 856 ob
776 815 985 865 ingentem
1011 813 1293 854 fortitudinem
1326 814 1467 864 appel-

55 873 267 923 latumque
292 883 389 913 esse
404 873 608 913 Achillem
624 874 871 914 Romanum.
932 873 971 911 Is
996 882 1209 921 pugnasse
1235 871 1275 909 in
1299 871 1464 910 hostem
1483 877 1506 911 2

57 929 208 969 dicitur
231 934 398 969 centum
430 936 470 970 et
494 930 638 981 uiginti
667 929 856 981 ploeliis,
892 928 1128 969 cicatricem
1156 938 1350 967 auersam
1380 928 1468 966 nul·

12 987 156 1035 lam,
187 986 391 1027 aduersas
424 987 607 1050 quinque
640 989 681 1027 et
707 986 979 1037 quadraginta
1006 985 1173 1033 tulisse,
1208 984 1377 1025 coronis
1396 985 1469 1023 do-

10 1071 18 1076 ·
55 1048 178 1083 natus
209 1054 305 1083 esse
332 1044 470 1083 aureis
497 1049 612 1092 octo,
647 1044 897 1084 obsidionali
925 1055 1028 1090 una,
1060 1018 1289 1081 murilibus
1321 1041 1468 1089 tribus,

7 1140 10 1145 ,
57 1099 200 1141 ciuicis
221 1101 560 1150 quatuordecim,
593 1101 813 1150 torquibus
831 1100 962 1140 tribus
985 1105 1025 1139 et
1053 1099 1276 1148 octoginta,
1297 1097 1469 1137 armillis

0 1198 15 1242 ἱ
54 1158 151 1208 plus
181 1161 348 1196 centum
373 1157 612 1207 sexaginta,
635 1158 766 1198 hastis
785 1156 1086 1207 duodeuiginti.
1148 1156 1330 1195 Phaleris
1372 1155 1470 1193 item

13 1213 239 1254 donatus
276 1218 341 1254 est
367 1214 588 1264 quinquies
630 1215 856 1264 uiciesque.
919 1214 1063 1265 Spolia
1102 1213 1290 1252 militaria
1330 1211 1511 1251 habuit3

3 1276 31 1318 j
57 1269 290 1320 multiiuga,
327 1270 368 1310 in
389 1271 452 1311 his
471 1272 769 1323 prouocatoria
787 1273 1002 1321 pleraque.
1068 1269 1354 1320 Triumphauit
1379 1274 1512 1308 cum4

10 1346 33 1372 ;
34 1298 378 1378 imperatoribus
401 1328 489 1370 suis
505 1328 739 1380 triumphos
758 1340 923 1368 nouem.

723 1443 809 1482 XII.

58 1509 312 1558 Considerata
338 1531 605 1568 perpensaque
632 1522 693 1557 lex
717 1521 905 1568 quaedam
924 1521 1098 1565 Solonis,
1134 1520 1300 1566 speciem
1326 1518 1470 1554 habens

18 1587 27 1598 ⁴
48 1573 70 1626 ’ξ
115 1578 320 1626 primorem
348 1577 500 1625 iniquae
532 1578 768 1625 iniustaeque
799 1579 915 1626 legis,
955 1578 1022 1613 sed
1053 1577 1102 1613 ad
1134 1588 1242 1612 usum
1274 1581 1309 1611 et
1331 1575 1472 1611 emolu-

48 1646 82 1702 ³5²
117 1639 283 1671 mentum
300 1635 526 1672 salubritatis
548 1636 700 1681 penitus
720 1640 884 1682 reperta.

26 1721 76 1758 ,Γ
142 1720 188 1760 111
217 1719 429 1770 legibus
463 1721 679 1761 Solonis
710 1721 789 1764 illis
821 1718 1138 1769 antiquissimis,
1172 1729 1279 1768 quae
1294 1719 1471 1760 Athenis
1491 1729 1509 1764 1

6 1808 7 1811 η
43 1776 75 1831 ξε
115 1775 208 1817 ibus
225 1776 400 1827 ligneis
390 1778 548 1818 lncisae
565 1783 664 1818 sunt
681 1789 872 1828 quasque
898 1778 1001 1816 latas
1025 1777 1074 1815 ab
1103 1786 1152 1815 eo
1171 1774 1467 1825 Athenienses,

46 1836 116 1877 ετ
132 1833 411 1884 sempiternae
442 1840 677 1884 manerent,
706 1835 854 1886 poenis
874 1840 914 1873 et
938 1832 1208 1883 religionibus
1227 1837 1468 1881 sanxerunt,

38 1900 196 1940 egem
227 1901 323 1931 esse
338 1891 678 1933 Aristoteles
706 1893 834 1932 refert
859 1890 1057 1941 scriptam
1085 1889 1137 1928 ad
1167 1889 1273 1928 hanc
1306 1894 1471 1930 sentcn-

28 1945 181 1993 utiam:
212 1947 283 1988 ‘Si
308 1947 361 1988 ob
379 1948 633 1989 discordiam
652 1948 1047 1996 dissensionemque
1072 1945 1220 1985 seditio
1248 1950 1373 1995 atque
1390 1946 1471 1986 dis·

26 2022 59 2062 ¹1,
51 2003 201 2050 cessio
222 2005 368 2055 populi
390 2005 432 2045 in
460 2007 564 2046 duas
591 2010 735 2056 partes
761 2006 832 2045 fiet
860 2010 900 2044 et
923 2005 976 2044 ob
996 2014 1086 2043 eam
1110 2013 1278 2042 causan]
1303 2002 1471 2042 irritatis

11 2073 36 2099 4,·
45 2059 208 2118 animis
230 2061 440 2126 utrimque
456 2074 571 2102 arma
589 2062 804 2113 capientur
828 2060 1186 2112 pugnabiturque,
1214 2063 1303 2098 tum
1333 2059 1403 2109 qui
1431 2059 1470 2098 in

28 2128 51 2149 '‘-
45 2098 115 2161 eo
145 2121 337 2169 tempore
366 2118 410 2158 in
441 2131 579 2169 eoque
611 2131 711 2160 casu
739 2119 870 2159 ciuilis
895 2116 1130 2157 discordiae
1161 2128 1244 2156 non
1275 2117 1473 2155 alterutra

36 2178 182 2224 parte
197 2185 294 2216 sese
309 2175 556 2225 adiunxerit,
576 2177 652 2217 sed
669 2175 878 2216 solitarius
898 2178 1203 2224 separatusque
1221 2185 1244 2212 a
1263 2172 1472 2213 communi

63 2230 173 2270 malo
192 2229 368 2272 ciuitatis
386 2234 622 2281 secesserit,
640 2232 676 2273 is
689 2234 828 2279 domo,
846 2231 980 2282 patria
997 2230 1259 2280 fortunisque
1279 2230 1471 2269 omnibus

35 2342 38 2345 Δ
65 2290 227 2336 carew,
258 2289 353 2328 exul
373 2289 637 2339 extorrisque
659 2292 790 2330 esto'.

2 2411 17 2430 ·'
62 2432 75 2453 Ἶ-
94 2425 116 2442 ³.-

88 2455 106 2474 1⁴·
