1619 2476
114 62 172 105 48
702 63 730 101 I.
757 73 829 101 v11.
848 72 938 100 vm.

119 176 283 224 tione,
314 187 419 226 quae
450 180 513 215 est
545 176 604 214 de
629 173 848 225 imperio
883 174 961 212 Cn.
987 168 1216 223 Pompei,
1250 173 1522 225 itascriptum

119 244 215 273 csse
245 244 269 272 a
301 233 555 272 Cicerone
584 231 748 271 dicebat
779 235 905 279 atque
934 229 1025 280 ipse
1053 228 1110 268 ita
1141 229 1370 270 lectitabat:
1407 232 1523 272 Cum

119 294 333 329 uestros
361 293 571 338 portus,
606 293 762 337 atque
793 297 883 326 eos
909 290 1111 336 portus,
1147 285 1340 335 quibus
1363 287 1522 328 uitam

120 357 176 385 ac
207 345 447 396 spiritum
480 344 699 391 ducitis,
734 343 778 382 in
811 343 1135 393 praedonum
1165 342 1340 383 fuisse
1369 349 1522 394 pote-

63 407 305 444 17state1n
337 401 546 449 sciatis,
578 411 715 450 neque
740 398 1037 440 soloecismum
1066 409 1163 438 esse
1185 398 1321 439 aiebat
1348 400 1415 440 ‘in
1449 412 1519 451 po—

121 464 310 498 testatem
344 457 502 502 suisse'‚
526 463 571 497 ut
606 458 757 506 uulgus
799 455 1073 496 semidoctum
1116 460 1252 505 putat,
1296 456 1372 496 sed
1402 457 1523 498 ratio·
1586 504 1587 507 Ἴ

119 526 212 554 nem
238 515 349 554 dictu
384 519 570 562 certa[1n]
606 519 645 553 ct
669 513 876 563 probabit]
905 512 1202 560 contendebat,
1231 524 1314 562 qua
1338 517 1380 552 et
1402 514 1523 554 Grae-
1585 522 1588 528 ’

119 571 156 611 ci
172 571 228 611 ita
242 577 458 611 uterentur
475 577 514 610 et
529 571 558 610 P
573 572 617 609 la
628 575 747 610 utus
771 569 997 609 uerborum
1012 568 1251 609 Latinorum
1269 569 1522 619 elegantissi-

119 640 210 668 mus
242 628 288 668 in
319 627 704 678 Amphitruone
731 625 851 665 dixit:

181 726 191 736 ,
259 726 267 735 ,
553 721 562 729 .
617 690 831 730 Numero
863 690 1035 737 mi(hi)
1068 689 1117 728 in
1147 689 1370 730 mentem
1401 691 1516 739 fuit,

120 772 228 808 non,
246 765 290 799 ut
308 759 387 798 dici
406 759 572 798 solitum
591 763 654 797 est
679 758 741 796 ‘in
763 760 937 796 mente'.

67 854 112 890 13
209 841 293 881 Sed
315 841 421 880 enim
439 845 604 890 praeter
619 840 874 885 Plautum,
896 837 1011 877 cuius
1028 837 1094 876 ille
1111 836 1151 876 in
1168 848 1370 887 praesens
1387 848 1524 877 exem-

119 900 188 949 plo
207 909 309 937 usus
328 903 412 943 est,
439 898 607 936 multam
626 907 702 935 nos
722 906 889 944 quoquc
908 894 1019 944 apud
1035 898 1201 933 ueteres
1220 893 1450 943 scriptores
1466 895 1523 933 lo-

121 955 330 994 cutionum
355 953 496 992 talium
525 952 688 1002 copiam
714 951 964 991 offendimus
983 954 1107 999 atque
1125 949 1189 990 his
1208 951 1334 1000 uulgo
1354 955 1523 990 annota-

63 1023 107 1058 19
119 1011 267 1050 mentis
286 1010 573 1059 inspersimus.
620 1011 675 1047 Vt
695 1014 735 1047 et
751 1008 950 1048 rationem
967 1011 1105 1046 autem
1128 1006 1249 1046 istam
1270 1005 1440 1046 missam
1470 1007 1523 1045 fa-

120 1068 204 1107 cias
223 1073 263 1106 et
280 1066 568 1113 auctoritates,
598 1076 728 1105 sonus
758 1070 895 1103 tamen
922 1069 962 1103 et
978 1062 1167 1113 positura
1189 1062 1283 1113 ipsa
1298 1063 1523 1102 uerborum

119 1124 221 1164 satis
240 1125 441 1169 declarat,
464 1123 505 1161 id
522 1122 662 1172 potius
690 1118 915 1173 ἐπιμελείᾳ
940 1120 1032 1159 τῶν
1056 1117 1218 1167 λέξεων
1242 1119 1523 1160 modulamen-

117 1181 256 1230 tisque
275 1178 472 1220 orationis
489 1180 543 1218 M.
562 1177 714 1217 Tullii
739 1176 1009 1224 conuenisse,
1027 1180 1090 1224 ut,
1111 1175 1305 1225 quoniam
1320 1175 1523 1216 utrumuis

120 1237 200 1276 dici
217 1236 358 1275 Latine
374 1240 543 1286 posset,
574 1238 896 1284 potestatem
922 1233 1061 1272 dicere
1084 1233 1244 1279 mallet,
1273 1243 1356 1272 non
1383 1235 1524 1283 ‘pote-
1576 1261 1577 1266 ¹
1607 1272 1610 1278 ,

61 1299 108 1334 20
120 1296 265 1334 state'.
314 1293 417 1331 Illud
435 1292 542 1331 enim
560 1291 619 1330 sic
637 1290 914 1339 compositum
938 1288 1156 1328 iucundius
1176 1289 1229 1327 ad
1246 1299 1388 1328 aurem
1414 1300 1523 1329 com-
1560 1310 1572 1314 -

118 1350 368 1400 pletiusque,
385 1347 598 1387 insuauius
616 1348 695 1386 hoc
712 1344 1065 1396 inperfectiusque
1084 1350 1166 1392 est,
1185 1344 1220 1384 si
1237 1345 1362 1385 modo
1381 1345 1440 1384 ita
1455 1356 1523 1384 ex-

119 1407 282 1457 plorata
298 1416 396 1444 aure
411 1405 536 1444 homo
556 1403 628 1451 sit,
657 1414 739 1442 non
768 1403 895 1442 surda
914 1413 991 1441 nec
1018 1401 1184 1449 iacenti3
1209 1400 1330 1440 sicuti
1354 1405 1419 1442 est
1434 1401 1524 1440 her-
1562 1434 1567 1440 .

121 1464 196 1510 cle,
218 1462 330 1511 quod
352 1459 641 1510 explicauit
661 1459 799 1498 dicere
818 1458 969 1506 maluit,
991 1469 1113 1508 quam
1133 1457 1389 1508 ‘explicuit’,
1409 1457 1524 1507 quod

120 1530 217 1558 esse
234 1519 315 1558 iam
334 1517 523 1557 usitatius
544 1521 753 1566 coeperat.

204 1575 345 1613 Verba
365 1578 460 1613 sunt
475 1574 578 1612 haec
597 1572 728 1622 ipsius
747 1583 807 1611 ex
834 1571 1006 1611 oratio
1022 1581 1101 1619 ne,
1131 1581 1254 1620 quam
1277 1571 1339 1610 de
1364 1570 1522 1620 impe-

119 1631 197 1671 rio
231 1632 307 1670 Cn.
339 1629 547 1680 Pompei
578 1628 737 1668 habuit:
785 1627 959 1668 Testis
993 1631 1071 1666 est
1115 1626 1322 1675 Sicilia,
1371 1637 1523 1676 quam
1548 1666 1551 1667 γ

119 1687 294 1726 multis
324 1686 558 1736 undique
601 1686 824 1725 cinctam
853 1682 1132 1734 periculis,
1174 1695 1274 1723 non
1318 1688 1524 1722 terrore

118 1744 267 1791 belli,
315 1744 408 1782 sed
439 1742 656 1782 consilii
687 1741 973 1781 celeritate
1011 1738 1327 1789 explicauit.
1389 1741 1447 1778 At
1487 1737 1524 1778 si

120 1804 132 1823 ³
147 1799 361 1850 explicuit'
395 1799 570 1848 diceret,
602 1798 831 1848 inperfecto
865 1801 904 1836 et
935 1795 1060 1836 debili
1089 1806 1262 1836 numero
1298 1795 1523 1836 uerborum

120 1868 250 1897 sonus
275 1856 498 1896 clauderet.

757 1977 850 2018 VIII

148 2063 312 2099 Historia
338 2063 376 2098 in
397 2062 501 2098 libris
520 2061 684 2098 Sotionis
708 2059 926 2107 philosophi
942 2061 1093 2106 reperta
1109 2068 1222 2105 super
1239 2055 1356 2093 Laide
1372 2067 1495 2093 mere·
1538 1980 1567 2186 ἒ
1614 2066 1617 2069 ·

526 2118 616 2154 trice
633 2123 668 2154 et
683 2116 936 2152 Demosthene
951 2115 1116 2151 rhetore.
1518 2120 1522 2123 ’
1540 2134 1547 2137 Α

93 2213 113 2247 1
210 2204 237 2243 S
251 2216 273 2244 o
285 2209 302 2243 t
312 2204 322 2242 i
334 2216 356 2244 0
370 2217 394 2243 11
421 2216 472 2244 ex
499 2203 771 2254 peripatetica
788 2202 1006 2253 disciplina
1019 2202 1119 2240 haut
1135 2211 1236 2240 sane
1253 2198 1445 2251 ignobilis
1459 2197 1525 2240 uir
1540 2199 1547 2234 ἰ

125 2258 211 2300 fuit.
258 2261 297 2299 Is
324 2260 470 2300 librum
495 2262 646 2300 multae
673 2258 897 2309 uariaeque
922 2257 1120 2298 historiae
1142 2257 1338 2297 refertum
1355 2266 1527 2307 compo·
