1619 2476
156 42 236 83 158
741 42 848 80 XVI.
883 52 969 79 v111.

155 155 404 205 appellatum
427 159 509 202 est,
542 165 565 192 a
590 155 643 192 M.
669 154 930 200 Varrone,
959 152 1079 192 sicuti
1103 151 1208 202 dixi,
1237 153 1549 204 ‘proloquium',

155 222 179 250 a
201 211 255 249 M.
286 214 423 249 autem
442 209 690 249 Cicerone
713 211 725 230 ‘
739 208 1088 258 pronuntiatum',
1118 220 1200 259 quo
1226 209 1293 250 ille
1317 214 1453 250 tamen
1478 222 1552 251 uo-

156 266 300 306 cabulo
323 265 526 314 tantisper
545 265 603 304 uti
624 277 670 304 se
686 265 918 305 adtestatus
937 269 1018 313 θεῑ,
1052 277 1150 314 quo
1164 266 1226 305 ad
1254 266 1463 315 melius,
1493 266 1551 306 in·

157 322 264 372 quit,
295 321 559 361 inuenero.

95 382 116 417 9
236 377 319 417 Sed
346 378 459 426 quod
481 377 626 417 Graeci
650 376 963 431 ξσυνημμένον
988 372 1180 430 ἀξίωμα’
1203 377 1364 427 dicunt,
1395 378 1461 418 alii
1479 390 1551 418 no-

154 439 334 474 strorum
357 433 641 482 ‘adiunctum’‚
660 434 725 473 alii
747 438 987 475 ‘conexum’
1008 433 1214 474 dixerunt.
1246 434 1294 473 Id
1309 437 1548 475 ‘conexum’

152 492 233 529 tale
255 495 338 530 est:
371 489 424 530 ‘si
450 491 563 530 Plato
591 491 782 539 ambulat,
814 492 926 531 Plato
946 494 1176 538 mouetur'3
1210 489 1264 530 ‘si
1280 489 1368 531 dies
1388 496 1463 540 est,
1486 493 1548 532 sol

98 552 141 585 1ο
155 558 281 596 super
311 551 442 586 terras
473 551 574 586 est'.
635 549 734 586 Item
758 548 871 597 quod
891 547 945 586 illi
975 543 1439 599 (συμπεπλεγμένονζ
1470 560 1550 588 nos

152 604 220 643 uel
243 607 254 625 ³
269 602 556 642 coniunctum'
575 606 641 643 uel
668 608 679 626 ς
694 605 955 654 copulatum'
986 603 1181 652 dicimus,
1214 604 1327 653 quod
1349 608 1414 643 est
1444 603 1550 644 eius-

154 659 382 699 demmodi:
423 661 487 698 (Ρ.
527 660 686 710 Scipio,
724 661 838 700 Pauli
872 660 1002 712 filius,
1043 665 1085 700 et
1119 659 1183 700 bis
1224 661 1370 700 consul
1401 659 1476 699 fuit
1511 665 1552 700 et

152 715 419 765 triumphauit
455 722 496 755 et
528 727 705 756 censura
733 718 897 757 functus
928 721 992 756 est
1026 722 1066 756 et
1094 717 1268 766 conlega
1293 716 1334 756 in
1373 727 1551 756 censura

98 778 137 811 11
151 773 195 811 L.
220 771 387 811 Mummi
409 772 513 812 fuit'.
554 775 597 813 In
624 773 733 813 omni
756 779 891 813 autern
909 772 1129 814 coniuncto
1152 773 1187 813 si
1207 785 1334 813 unum
1355 779 1419 813 est
1438 784 1549 812 men-

154 825 328 876 dacium,
354 828 513 869 etiamsi
531 835 668 869 cetera
689 842 789 869 uera
810 835 916 878 sunt,
948 834 1081 869 totum
1099 841 1195 869 esse
1209 829 1469 869 mendacium
1493 828 1549 867 di-

154 885 269 924 citur.
331 886 431 924 Nam
449 885 483 924 si
504 887 555 925 ad
573 897 621 926 ea
639 887 794 934 omnia,
829 897 934 936 quae
957 886 1009 925 de
1031 885 1225 935 Scipione
1244 885 1312 926 illo
1334 897 1436 926 uera
1452 885 1548 933 dixi,

153 941 353 982 addidero
392 946 459 981 ‘et
480 942 751 982 Hannibalem
790 943 829 982 in
860 942 1001 982 Africa
1038 941 1287 992 superauit'‚
1335 943 1448 992 quod
1486 947 1551 981 est

153 998 324 1046 falsum,
356 997 554 1038 uniuersa
587 1011 755 1049 quoque
790 999 875 1047 illa,
911 1009 1016 1048 quae
1044 998 1264 1039 coniuncte
1297 998 1406 1038 dicta
1436 1004 1547 1050 sunt,

152 1058 325 1104 propter
355 1054 435 1094 hoc
467 1067 611 1103 unum,
645 1057 757 1106 quod
784 1056 930 1095 falsum
953 1054 1198 1103 accesserit,
1231 1055 1325 1105 quia
1348 1054 1469 1094 simul
1493 1054 1549 1094 di-

98 1116 140 1151 12
153 1114 308 1158 centur,
340 1121 441 1150 uera
458 1123 541 1151 non
565 1117 698 1151 erunt.
760 1113 835 1152 Est
855 1111 952 1151 item
973 1111 1102 1160 aliud,
1138 1113 1249 1161 quod
1276 1111 1422 1151 Graeci
1449 1109 1550 1150 ‘dce-

153 1163 396 1218 ζευγμένον
426 1163 633 1220 ἀξίωμα’,
662 1180 740 1209 nos
769 1168 1069 1208 ‘disiunctum’
1094 1167 1280 1208 dicimus.
1340 1168 1387 1206 Id
1411 1166 1551 1207 huius-

155 1222 316 1262 cemodi
338 1228 418 1262 est:
450 1227 461 1245 (
475 1229 545 1263 aut
569 1226 719 1263 malum
740 1226 935 1275 uoluptas
958 1229 1029 1264 aut
1052 1225 1209 1264 bonum
1230 1229 1300 1264 aut
1321 1235 1458 1273 neque
1478 1224 1549 1263 bo-

98 1285 250 1320 13num
287 1289 423 1328 neque
460 1281 650 1319 malum'.
722 1280 865 1320 Omnia
904 1286 1060 1328 autem,
1098 1291 1204 1329 quae
1246 1279 1549 1328 disiunguntur,

153 1333 378 1384 pugnantia
418 1346 513 1375 esse
553 1335 659 1375 inter
699 1347 794 1375 sese
837 1340 1021 1385 oportet,
1071 1346 1300 1385 eorumque
1342 1334 1549 1385 opposita,

155 1400 260 1440 quae
287 1385 618 1442 ‘dvuxa'usvoc’
659 1391 803 1430 Graeci
834 1391 994 1438 dicunt,
1035 1403 1084 1430 ea
1118 1401 1286 1442 quoque
1318 1392 1411 1441 ipsa
1442 1390 1552 1433 inter

155 1457 201 1486 se
233 1446 412 1485 aduersa
443 1459 551 1487 esse.
612 1448 673 1486 Ex
696 1447 907 1495 omnibus,
941 1459 1047 1497 quae
1080 1447 1390 1498 disiunguntur,
1421 1461 1548 1489 unum

97 1510 142 1545 14
153 1513 247 1542 esse
274 1513 419 1541 uerum
445 1504 587 1551 debet,
615 1504 719 1543 falsa
739 1508 888 1543 cetera.
952 1504 1071 1552 Quod
1102 1503 1136 1543 si
1162 1509 1231 1543 aut
1250 1504 1346 1544 nihil
1368 1505 1549 1545 omnium

152 1569 296 1598 uerum
313 1563 383 1597 aut
405 1559 542 1599 omnia
565 1561 748 1610 pluraue‚
779 1571 901 1609 quam
916 1571 1065 1608 unum,
1096 1571 1197 1600 uera
1212 1565 1332 1600 erunt
1358 1565 1428 1600 aut
1443 1572 1550 1611 quae

154 1614 356 1654 disiuncta
371 1620 478 1664 sunt,
496 1627 579 1656 non
600 1617 842 1666 pugnabunt
861 1622 931 1656 aut
948 1627 1054 1666 quae
1073 1615 1267 1666 opposita
1281 1628 1424 1657 eorum
1440 1622 1549 1665 sunt,

154 1670 361 1711 contraria
393 1671 498 1711 inter
528 1683 623 1712 sese
651 1684 734 1712 non
758 1678 896 1721 erunt,
927 1678 1012 1713 tum
1042 1671 1085 1711 id
1106 1672 1354 1712 disiunctum
1384 1674 1549 1712 menda-

156 1727 262 1766 cium
284 1732 349 1767 est
376 1733 416 1767 et
445 1730 676 1778 appellatur
695 1724 1188 1781 (παραδιεζευγμένονζ
1219 1729 1339 1769 sicuti
1366 1729 1447 1769 hoc
1472 1735 1548 1778 est,

153 1783 194 1822 in
218 1795 321 1833 qu0‚
355 1795 461 1834 quae
478 1784 692 1834 opposita,
722 1797 803 1825 non
830 1789 927 1825 sunt
948 1784 1171 1826 contraria:
1202 1788 1294 1824 ‘aut
1319 1784 1449 1837 curris
1481 1791 1551 1826 aut

155 1840 339 1880 ambulas
372 1845 442 1880 aut
473 1843 590 1880 stas’.
651 1842 752 1880 Nam
783 1841 876 1892 ipsa
910 1840 1076 1891 quidem
1107 1839 1213 1880 inter
1242 1851 1339 1881 sese
1371 1842 1550 1882 aduersa

155 1901 271 1942 sunt,
301 1897 377 1935 sed
413 1896 607 1946 opposita
640 1908 784 1937 eorum
820 1909 903 1937 non
938 1901 1142 1947 pugnant:
1187 1901 1294 1937 ‘non
1319 1897 1548 1938 ambulare'

155 1951 263 1990 enim
287 1957 328 1991 et
345 1955 446 1992 ‘non
471 1956 596 1992 stare’
621 1957 661 1992 et
681 1956 782 1993 <non
806 1956 987 1993 currere’
1006 1952 1212 1993 contraria
1227 1952 1334 1993 inter
1353 1964 1450 1994 sese
1465 1966 1548 1994 non

156 2012 271 2055 sunt,
307 2008 521 2057 quoniam,
554 2009 809 2049 ‘contraria’
842 2021 891 2050 ea
913 2009 1126 2057 dicuntur,
1159 2020 1265 2059 quae
1296 2009 1417 2049 simul
1447 2021 1550 2049 uera

157 2074 253 2103 esse
270 2075 353 2111 non
373 2069 551 2114 queunt3
580 2065 720 2115 possis
744 2065 852 2105 enim
869 2065 989 2105 simul
1012 2066 1247 2115 eodemque
1266 2071 1455 2115 tempore
1482 2077 1550 2104 ne-

158 2130 239 2167 que
255 2120 464 2160 ambulare
488 2132 625 2170 neque
642 2126 752 2162 stare
772 2133 909 2171 neque
932 2132 1110 2161 currere.
1578 2168 1583 2170 ,

100 2180 146 2214 15
237 2175 321 2214 Sed
337 2176 417 2216 hoc
434 2177 513 2216 iam
531 2177 659 2217 breue
676 2189 728 2217 ex
745 2177 958 2217 dialectica
973 2177 1234 2217 libamentum
1253 2175 1420 2216 dedisse
1441 2187 1550 2216 nunc
1569 2225 1574 2230 ,
1592 2213 1594 2215 ,

104 2229 258 2270 16satis
289 2231 364 2270 erit
390 2237 514 2281 atque
543 2232 584 2272 id
622 2235 756 2273 solum
785 2234 1022 2273 addendum
1053 2232 1444 2283 admonendumque
1472 2237 1549 2280 est,
