1635 2492
64 0 172 21 svnt-⁰
184 0 253 19 ‘rw
266 7 275 17 .
292 0 312 2 *⁷

26 0 73 107 {Z
204 54 205 57 ¹
652 32 816 74 XVIIII.
851 41 960 71 vnn.
1431 21 1516 64 231

29 169 34 186 ³
96 161 144 197 et
162 154 272 197 sicut
290 149 629 202 inuoluptatibus
639 149 776 189 cultus
786 151 912 196 atque
928 143 1078 191 uictus,
1101 141 1158 181 ita
1167 140 1207 180 in
1220 137 1519 180 cantilenarum

103 223 275 263 quoque
295 209 435 251 mult1s
457 205 684 248 anteiretis.
717 204 802 245 Sed
816 213 870 242 ne
891 212 984 249 nos,
1004 199 1046 239 id
1065 204 1130 239 est
1150 208 1304 239 nomen
1316 195 1518 243 Latinum,
1535 201 1558 237 9

27 315 30 317 ,
98 274 315 320 tamquam
331 267 524 319 profecto
542 268 688 305 uastos
710 260 918 311 quosdam
935 263 977 298 et
993 256 1213 297 insubidos
1227 288 1236 303 ,
1269 248 1518 305 ἇναφροδι-

49 362 53 366 .
102 325 200 374 σίας
219 321 562 375 condempnetis,
594 318 817 372 permittite
839 315 954 363 mihi,
988 325 1169 365 quaeso,
1203 311 1367 362 operire
1395 309 1519 361 pallio

103 387 251 434 caput,
286 381 402 433 quod
421 380 462 420 in
488 379 669 429 quadam
693 387 841 428 parum
871 371 1024 424 pudica
1050 369 1240 411 oratione
1260 369 1324 409 So
1339 373 1521 407 craten

102 439 257 480 fecisse
283 439 416 487 aiunt,
450 441 492 477 et
512 435 653 476 audite
673 445 723 474 ac
745 431 905 479 discite,
938 435 1110 470 nostros
1131 437 1300 478 quoque
1318 424 1522 476 antiquio-

102 508 173 538 res
190 501 287 537 ante
315 506 410 544 eos,
441 504 549 545 quos
575 490 844 542 nominastis,
875 493 1024 539 poetas
1051 484 1234 524 amasios
1253 495 1301 523 ac
1324 481 1522 523 uenerios

102 553 266 595 fuisse’.

187 612 291 651 Tum
308 607 534 660 resupinus
547 639 558 656 ,
591 605 726 657 capite
745 604 967 644 conuelato
985 633 993 649 ‚
1026 611 1134 641 uoce
1153 597 1379 638 admodum
1398 606 1523 645 quam
1540 598 1582 631 10

105 667 240 717 suam,
257 678 410 708 uersus
430 664 579 706 cecinit
595 664 726 703 Vale
738 661 779 702 ri
796 658 1038 706 Aeditui,
1073 655 1226 697 ueteris
1245 660 1410 706 poetae,
1427 652 1525 691 item

103 724 281 766 Porcii
310 723 478 764 Licini
502 727 543 762 et
568 718 824 772 Q.Catuli‚
860 717 1010 767 quibus
1040 713 1257 760 mundius,
1290 710 1525 756 uenustius‚

105 782 299 830 limatius,
317 780 485 829 tersius,
507 780 711 819 Graecum
731 775 975 816 Latinumue
998 771 1094 812 nihil
1114 770 1336 821 quicquam
1354 766 1528 818 reperiri

106 844 224 891 puto.

192 894 646 937 Aedi‘tuiuersus:
1546 888 1581 921 11

165 972 355 1013 Dicere
385 981 496 1011 cum
534 979 699 1009 conor
734 977 906 1006 curam
946 963 1064 1015 tibi,
1095 960 1386 1012 Pamphila,
1417 969 1528 998 cor-

950 1021 1047 1060 dis.

226 1085 355 1136 Quid
407 1084 468 1124 mi
515 1083 606 1122 abs
653 1087 699 1121 te
758 1062 1045 1130 quaeram?
1089 1075 1313 1115 membra
1368 1071 1530 1112 labris

956 1135 1169 1179 abeunt,

168 1201 263 1241 Per
308 1203 495 1250 pectus
543 1200 714 1235 manat
758 1193 957 1239 subito,
1009 1189 1242 1239 [subito]
1283 1186 1404 1226 mihi
1451 1197 1533 1225 su-

959 1249 1054 1288 dor

230 1313 311 1354 Sic
346 1311 567 1358 tacitus,
598 1309 829 1355 subitus,
863 1307 1056 1356 dupl[o]
1091 1304 1208 1343 ideo
1249 1312 1425 1351 pereo.

113 1395 256 1445 Atque
280 1392 377 1432 item
409 1390 545 1431 alios
577 1399 770 1430 uersus
808 1386 1047 1427 eiusdem
1081 1382 1259 1429 addidit,
1290 1392 1373 1420 non
1398 1380 1593 1418 hex-clem

116 1450 253 1491 minus
271 1450 436 1497 dulces,
463 1459 589 1499 quam
607 1446 792 1497 priores:

176 1517 268 1568 Qui
294 1517 517 1556 faculam
546 1514 810 1566 praefers,
842 1510 1106 1555 Phileros,
1142 1509 1327 1557 quaest
1358 1502 1537 1551 ni(hi)l

960 1577 1094 1615 opus
1118 1562 1298 1604 nobis?

233 1631 429 1672 Ibimus
453 1628 549 1676 sic,
582 1629 722 1668 lucet
749 1631 968 1676 pectore
994 1624 1196 1662 flamma
1220 1618 1367 1659 satis.

177 1691 337 1730 Istam
399 1698 498 1726 non
556 1684 695 1735 potis
748 1688 828 1722 est
881 1681 959 1721 uis
1013 1689 1172 1719 sacua
1225 1674 1540 1724 extinguere

966 1735 1111 1777 uenti

236 1804 338 1842 Aut
369 1800 537 1840 imber
574 1799 724 1838 caelo
764 1794 1023 1836 candidus
1062 1789 1457 1843 praecipitans,

179 1861 245 1900 At
284 1863 471 1898 contra
502 1856 635 1896 hunc
667 1855 839 1905 ignem
872 1851 1120 1897 Veneris,
1155 1847 1255 1888 nisi
1287 1845 1330 1885 si
1365 1845 1543 1883 Venus

970 1908 1106 1958 ipsa,

239 1972 446 2013 Nullast
468 1981 595 2021 quae
623 1967 800 2019 possit
821 1967 899 2007 uis
925 1966 1027 2005 alia
1055 1962 1370 2015 opprimere.

125 2067 230 2107 Item
257 2062 363 2104 dixit
383 2072 535 2102 uersus
558 2061 622 2100 Po
639 2058 731 2098 rcii
757 2057 924 2098 Licini
946 2057 1098 2096 hosce:
1553 2061 1598 2096 13

188 2141 447 2184 Custodes
475 2140 645 2181 ouium
679 2144 703 2186 ÷
726 2138 958 2179 uendere
984 2132 1317 2187 propaginis,
1350 2139 1545 2180 agnum,

245 2196 507 2249 Quaeritis
543 2197 742 2248 ignem?
778 2197 853 2235 Ite
883 2195 994 2233 huc.
1058 2188 1355 2242 Quaeritis?
1407 2184 1548 2236 Ignis

975 2251 1199 2290 homost.
