1619 2476
151 51 234 91 120
652 6 657 20 1
763 48 827 86 ΙΙΙ.
849 58 923 86 vu.

150 166 366 203 uertentur
384 171 553 209 unoque
574 158 642 199 illo
668 159 834 208 negotio
857 171 953 200 sese
973 159 1214 209 alligabunt,
1240 163 1364 208 atque
1384 156 1438 196 illi
1457 167 1540 195 om·

116 231 136 267 7
152 231 227 259 nes
255 216 541 268 quadringenti
564 217 710 266 procul
733 215 856 256 dubio
879 217 1246 256 obtruncabuntur.
1285 216 1399 254 Tunc
1419 213 1540 252 inter-

153 287 221 323 ea,
257 273 471 323 occupatis
503 272 544 311 in
576 283 625 311 ea
658 272 786 310 caede
815 272 1026 320 hostibus,
1059 277 1224 322 tempus
1252 269 1458 311 exercitus
1488 280 1541 307 ex

115 333 230 380 81106
252 333 344 370 1060
366 328 570 368 6(1116611(11
586 327 770 367 habebis.
817 328 922 376 Alia,
941 329 1020 368 nisi
1036 329 1160 376 haec,
1179 327 1322 367 salutis
1344 326 1412 366 uia
1430 326 1542 364 nulla
1605 319 1613 381 J

152 390 252 427 est’.
304 387 456 426 Consul
478 385 642 424 tribuno
665 385 900 434 respondit,
926 384 1142 424 consilium
1161 383 1327 434 quidem
1347 382 1459 423 istud
1476 392 1542 420 ae-

153 455 232 493 que
248 442 476 493 prouidens
495 441 572 481 sibi
592 440 792 488 uiderie1·;
818 445 829 463 <
844 442 919 480 sed
935 441 1076 489 istos',
1095 440 1239 491 inquit,
1262 439 1425 479 emilites
1445 448 1541 487 qua-

152 500 394 549 dringentos
419 499 471 536 ad
497 509 589 537 eum
619 499 754 536 locum
786 497 825 536 in
854 497 1034 536 hostium
1062 508 1218 537 cuneos
1249 495 1437 546 quisnam
1468 493 1543 533 erit

115 570 136 604 9
153 557 221 606 qui
244 556 417 595 ducat?'
460 558 471 576 ‘
486 554 528 593 Si
550 553 670 592 alium
684 556 711 600 ³,
745 553 876 603 inquit
905 553 1114 601 tribunus,
1147 552 1376 592 ‘neminem
1396 561 1542 600 reppe-

152 614 229 660 ris,
262 623 328 651 me
358 611 453 649 licet
483 611 535 648 ad
557 610 637 649 hoc
668 609 894 658 periculum
917 615 1054 658 utare3
1087 622 1163 659 ego
1185 611 1291 649 hanc
1310 608 1382 648 tibi
1405 612 1446 646 et
1468 606 1543 645 rei-

96 685 140 718 10
151 669 341 720 publicae
376 667 551 705 animam
588 667 640 705 do
654 670 681 704 ⁹.
737 667 889 705 Consul
922 665 1086 706 tribuno
1122 666 1275 715 gratias
1314 664 1544 712 laudesque

95 741 139 774 11
153 726 247 775 agit.
291 724 495 763 Tribunus
527 727 567 761 et
598 721 885 772 quadringenti
918 723 970 761 ad
993 723 1252 762 moriendum
1271 719 1543 772 proficiscun-

95 796 138 830 12
155 788 231 821 tur.
274 782 429 820 Hostes
454 791 597 818 eorum
621 778 832 818 audaciam
855 779 1125 827 demirantur,
1153 790 1353 828 quorsum
1374 777 1434 816 ire
1452 787 1544 825 per-

95 853 139 887 13
155 843 273 888 gant,
300 837 340 876 in
371 836 630 886 expectando
662 839 771 874 sunt.
814 835 897 874 Sed
921 835 991 874 ubi
1016 835 1226 886 apparuit,
1259 835 1343 883 [ad]
1369 833 1544 872 eandem

154 905 372 934 uerrucam
398 892 684 942 occupandam
704 891 781 931 iter
801 892 1036 940 intendere,
1069 892 1186 931 mittit
1207 892 1431 931 aduersum
1449 889 1544 927 illos

151 951 376 1001 imperator
395 947 750 997 Karthaginiensis
771 948 999 998 peditatum
1019 948 1350 998 equitatumque,
1375 956 1481 996 quos
1502 943 1544 983 in

97 1022 139 1056 14
154 1006 338 1046 exercitu
355 1005 468 1045 uiros
488 1004 630 1044 habuit
650 1004 975 1044 strenuissimos.
1013 1004 1188 1044 Romani
1207 1004 1355 1043 milites
1375 1002 1545 1041 circum-

95 1078 139 1111 15
152 1063 397 1109 ueniuntur,
423 1060 691 1100 circumuenti
712 1066 966 1111 repugnant:
994 1061 1039 1100 fit
1059 1060 1262 1111 proelium
1284 1059 1354 1099 diu
1373 1069 1543 1107 anceps.

96 1134 138 1168 16
153 1119 334 1158 Tandem
356 1124 525 1167 superat
551 1117 783 1157 multitudo.
838 1117 1132 1167 Quadringenti
1159 1128 1303 1157 omnes
1334 1127 1426 1155 cum
1445 1125 1543 1160 uno,

96 1188 139 1223 17
154 1175 334 1225 perfossi
355 1174 501 1224 gladiis
541 1179 610 1213 aut
640 1173 863 1214 missilibus
904 1174 1057 1223 operti,
1091 1174 1256 1213 cadunt.
1305 1172 1458 1213 Consul
1487 1169 1543 1208 in-

152 1231 285 1279 terim,
309 1232 405 1270 dum
429 1230 483 1270 ibi
505 1235 724 1280 pugnatur,
749 1242 795 1270 se
815 1230 854 1268 in
876 1232 993 1269 locos
1013 1234 1126 1269 tutos
1149 1235 1274 1279 atque
1295 1228 1429 1268 editos
1451 1226 1545 1266 sub·

154 1288 277 1327 ducit.

99 1357 142 1392 18
239 1344 322 1382 Sed
343 1343 455 1391 quod
490 1342 546 1380 illi
578 1342 764 1388 tribuno,
804 1341 903 1380 duci
933 1341 1100 1380 militum
1136 1340 1544 1391 quadringentorum,

156 1399 349 1438 diuinitus
369 1399 409 1437 111
427 1409 475 1436 60
493 1398 650 1447 proelio
669 1409 770 1436 usus
790 1397 915 1444 uenit,
935 1410 1018 1437 non
1034 1397 1113 1437 iam
1130 1396 1298 1444 nostris,
1321 1397 1397 1436 sed
1415 1395 1545 1446 ipsius

98 1470 143 1505 19
158 1457 246 1495 Cat
259 1467 282 1495 0
295 1454 371 1493 nis
394 1454 532 1493 uerbis
555 1454 827 1493 subiecimus:
873 1455 904 1493 D
917 1454 950 1492 ii
977 1454 1088 1493 imm
1101 1455 1270 1494 ortale
1283 1465 1302 1492 s
1334 1450 1508 1492 tri'bun
1521 1463 1544 1491 o

155 1511 370 1551 militum
410 1511 669 1549 fortunam
709 1522 767 1549 ex
786 1509 988 1549 uirtute
1017 1510 1129 1550 eius
1160 1510 1366 1549 dedere.
1428 1509 1546 1547 Nam

153 1568 226 1606 ita
265 1566 460 1606 euenit:
500 1577 604 1605 cum
642 1566 858 1605 saucius
896 1566 1237 1605 multifariam
1271 1565 1342 1604 ibi
1375 1567 1545 1604 factus

156 1628 318 1671 esset,
348 1628 518 1662 tamen
546 1624 736 1662 uulnus
773 1622 932 1672 capiti
967 1624 1162 1661 nullum
1185 1621 1384 1668 euenit,
1408 1632 1545 1659 eum-

157 1691 252 1729 que
274 1679 694 1726 intermortuos,
728 1678 1074 1728 defetigatum
1101 1677 1440 1724 uulneribus,
1474 1680 1546 1715 at-

157 1747 254 1785 que
286 1736 423 1785 quod
455 1746 689 1785 sanguen
720 1735 830 1774 eius
863 1736 1192 1781 defluxerat,
1226 1743 1545 1782 cognouere.

154 1793 273 1831 Eum
304 1793 594 1838 sustulere,
625 1791 776 1841 isque
809 1790 1103 1837 conualuit,
1126 1801 1398 1840 saepeque
1424 1792 1548 1839 post

153 1848 528 1898 illam,operam
550 1847 874 1897 reipublicae
898 1849 1081 1887 fortem
1104 1851 1259 1896 atque
1281 1851 1547 1891 strenuam

154 1904 419 1954 perhibuit
446 1904 648 1953 illoque
681 1905 845 1950 facto,
877 1904 1013 1953 quod
1044 1903 1168 1942 illos
1201 1901 1396 1940 milites
1425 1901 1546 1940 sub-

157 1960 319 2007 duxit,
359 1960 648 2000 exercitum
688 1965 919 1999 ceterum
956 1959 1205 1998 seruauit.
1272 1958 1371 1997 Sed
1415 1957 1546 1996 idem

153 2016 507 2063 benefactum,
545 2027 640 2065 quo
677 2016 724 2054 in
763 2017 879 2055 1060
915 2026 1105 2065 ponas,
1142 2014 1349 2053 nimium
1386 2012 1546 2052 inter-

156 2076 248 2110 est.
298 2072 560 2112 Leonides
601 2073 755 2119 Laco,
801 2071 884 2120 qui
923 2071 1092 2110 simile
1131 2071 1266 2120 apud
1303 2070 1546 2108 Thermo-

154 2128 304 2176 pylas
335 2129 481 2175 fecit,
514 2132 733 2178 propter
755 2128 865 2166 eius
886 2127 1116 2166 uirtutes
1141 2126 1304 2166 omnis
1328 2124 1547 2164 Graecia

154 2183 370 2231 gloriam
401 2189 556 2232 atque
585 2183 808 2232 gratiam
838 2184 1177 2232 praecipuam
1209 2180 1545 2222 claritudinis

154 2238 530 2278 inclitissimae
567 2240 895 2278 decorauere
929 2238 1298 2286 monumentis,
1350 2236 1545 2287 signis,
1607 2228 1611 2243 ²
