1603 2508
608 97 691 135 llll.
723 109 763 136 x.
798 108 855 136 xi.
1352 97 1435 139 149

35 211 214 263 primum
233 214 414 261 rogaret.
464 210 505 248 C.
529 210 681 249 Caesar
699 209 739 248 in
762 212 1004 259 consulatu,
1037 221 1159 260 quem
1181 221 1273 249 cum
1294 210 1348 248 M.
1370 210 1433 249 Bi·
1453 220 1474 253 5

35 269 133 309 bulo
150 267 300 317 gessit,
325 271 503 316 quatuor
520 267 635 306 solos
655 271 772 308 extra
791 267 978 306 ordinem
994 277 1171 317 rogasse
1189 266 1434 306 sententiam

36 323 196 365 dicitur.
225 324 289 363 Ex
308 323 372 363 his
392 328 571 373 quatuor
591 322 821 372 principem
843 325 1019 373 rogabat
1036 325 1090 363 M.
1111 324 1316 371 Crassum,
1343 324 1432 371 sed,

34 385 260 432 postquam
284 379 409 419 filiam
432 380 502 419 Cn.
521 379 720 429 Pompeio
745 380 1053 429 desponderat,
1087 380 1264 429 primum
1287 390 1434 429 coepe-

34 443 99 477 rat
118 436 362 486 Pompeium
391 447 554 486 rogare.

115 492 215 532 Eius
249 492 309 532 rei
341 492 543 533 rationem
578 492 814 532 reddidisse
851 504 943 532 eum
974 492 1136 532 senatui
1167 492 1287 532 Tiro
1319 494 1473 536 Tul-6

34 550 160 597 lius,
183 549 240 588 M.
265 548 538 589 Ciceronis
562 548 756 596 libertus,
779 550 926 597 refert,
951 550 1092 599 itaque
1113 561 1159 589 se
1183 560 1234 588 ex
1254 554 1431 598 patrono

37 618 114 647 suo
135 605 306 645 audisse
339 605 493 655 scribit.
555 606 601 644 Id
633 605 770 655 ipsum
806 606 990 656 Capito
1021 606 1207 645 Ateius
1242 606 1281 644 in
1315 605 1432 651 libro,
1453 613 1472 648 7

35 674 159 713 quem
195 662 255 700 de
289 662 474 702 officio
512 663 788 701 senatorio
824 663 1078 712 composuit,
1118 662 1317 712 scriptum
1345 661 1434 701 reli—

35 719 135 768 quit.

118 776 170 814 In
199 775 380 814 eodem
404 774 539 814 libro
564 775 842 824 Capitonis
868 775 907 814 id
931 787 1099 824 quoque
1122 775 1321 824 scriptum
1347 780 1472 818 estzss

37 834 92 880 C„
116 831 268 881 inquit,
294 832 487 870 Caesar
526 833 714 871 consul
751 833 806 871 M.
833 833 1079 871 Catonem
1113 831 1433 871 sententiam

34 887 262 938 rogauit.
304 888 427 927 Cato
453 898 577 935 rem,
605 899 736 937 quae
759 889 1164 935 consulebatur,
1189 887 1434 936 quoniam

33 956 134 984 non
156 955 178 984 e
200 943 480 994 republica
502 944 807 991 uidebatur,
831 945 1030 994 perfici
1051 945 1280 984 nolebat.
1308 945 1433 982 Eius

35 1001 111 1040 rei
155 1000 432 1040 ducendae
472 1000 644 1049 gratia
687 1002 843 1050 longa
887 1002 1136 1040 oratione
1181 1001 1435 1039 utebatur

35 1057 408 1105 eximebatque
433 1057 660 1096 dicendo
684 1057 831 1096 diem.
870 1058 993 1096 Erat
1018 1058 1150 1095 enim
1175 1057 1256 1096 ius
1282 1067 1433 1096 sena-

36 1112 158 1160 tori,
196 1117 249 1151 ut
280 1112 598 1151 sententiam
633 1119 854 1162 rogatus
894 1114 1103 1153 diceret
1135 1119 1257 1152 ante
1289 1112 1433 1162 quic-

37 1168 165 1218 quid
205 1169 372 1207 uellet
408 1168 545 1207 aliae
588 1169 664 1207 rei
706 1175 753 1208 et
791 1170 965 1219 quoad
1000 1171 1180 1209 uellet.
1243 1170 1435 1208 Caesar

37 1226 229 1264 consul
261 1224 523 1264 uiatorem
556 1226 779 1264 uocauit
827 1237 1070 1275 eumque,
1129 1237 1237 1264 cum
1279 1225 1431 1264 sinen]

35 1292 135 1320 non
169 1282 396 1329 faceret,
428 1281 616 1330 prendi
652 1283 955 1331 loquentem
988 1288 1036 1321 et
1073 1282 1120 1321 in
1163 1293 1433 1320 carcerem

37 1336 158 1376 duci
182 1336 358 1377 iussit.
418 1339 652 1377 Senatus
683 1339 1026 1377 consurrexit
1059 1344 1108 1377 et
1135 1348 1433 1388 proseque-

34 1393 191 1433 batur
213 1394 464 1433 Catonem
489 1393 536 1432 in
559 1405 845 1433 carcerem.
886 1395 1014 1442 Hac,
1047 1395 1197 1444 inquit,
1230 1394 1434 1433 inuidia

37 1450 196 1497 facta,
220 1450 416 1489 Caesar
438 1450 656 1489 destitit
686 1457 733 1489 et
763 1451 898 1489 mitti
922 1452 1169 1491 Catonem
1201 1450 1375 1490 iussit.

698 1562 767 1602 XI.

14 1643 151 1689 ,Quae
182 1645 384 1690 qualiaque
413 1645 505 1689 sint,
545 1656 640 1692 quae
670 1647 920 1681 Aristoxenus
951 1646 1058 1691 quasi
1089 1647 1210 1691 magis
1241 1651 1431 1691 comperta

96 1700 144 1736 de
159 1700 378 1748 Pythagora
396 1702 601 1737 memoriae
623 1701 837 1745 mandauil3
866 1706 900 1736 ct
921 1712 1016 1747 quae
1041 1702 1126 1736 ilem
1148 1702 1370 1737 Plutarchus
1396 1703 1430 1737 in

41 1776 43 1778 ·
99 1755 260 1792 eundem
280 1757 434 1792 modurn
462 1757 508 1793 de
529 1758 665 1793 eodem
686 1758 903 1805 Pythagora
925 1758 1129 1803 scripserit.

123 1844 268 1896 Opinio
303 1850 425 1884 uetus
457 1847 562 1885 salsa
591 1845 812 1895 occupauit
835 1851 875 1885 et
903 1843 1134 1892 conualuit,
1171 1844 1435 1893 Pythago—
1457 1848 1474 1880 l

35 1910 142 1939 ram
160 1900 457 1951 philosophum
480 1914 563 1941 non
589 1902 810 1942 esitauisse
831 1914 882 1940 ex
905 1900 1169 1947 animalibus,
1194 1899 1290 1938 item
1311 1899 1434 1939 absti-

32 1955 180 1996 'nuisse
207 1957 367 2004 fabulo,
402 1969 525 2007 quem
556 1958 702 1998 Graeci
734 1953 963 2009 (κύαμον
990 1957 1212 2006 appellant.
1277 1957 1339 1994 Ex
1360 1957 1435 1996 hac
1452 1959 1474 1992 2

39 2011 236 2061 opinione
260 2013 622 2054 Callimachus
645 2020 772 2063 poeta
795 2013 982 2063 scripsit:

97 2088 202 2131 Καὶ
231 2087 459 2144 κυάμων
499 2087 602 2133 ἄπο
632 2098 822 2146 χεῖρας
860 2092 1063 2144 ἔχεων,
1102 2095 1439 2129 ΑΝΙΩΝΤΟΟ

928 2151 1294 2196 ΕΛΕΣΤΟΤΣ,

153 2195 338 2257 Κάγώ,
369 2201 715 2257 Πυθαγόρας
746 2198 814 2252 ὡς
845 2201 1090 2256 ἐκέλευε,
1122 2202 1271 2256 λέγω.

32 2290 102 2330 Ἐκ
122 2289 269 2332 eadem
287 2293 385 2332 item
407 2294 602 2344 opinione
631 2295 685 2334 Μ.
714 2294 900 2334 Cicero
927 2294 974 2334 in
999 2295 1131 2334 libro
1156 2295 1214 2333 de
1236 2293 1477 2334 diuina-3

21 2418 53 2446 ¹³2.
