1635 2492
11 147 14 149 .
0 0 41 89 ‘³³⁴9

689 42 798 83 XVI.
835 54 874 81 v.
1409 43 1492 86 153

758 156 809 196 V.

70 246 82 254 ’
132 237 371 275 Vestibulum
394 237 486 285 quid
511 237 720 286 significet:
754 238 876 286 deque
903 239 986 274 eius
1009 240 1185 275 uocabuh
1209 240 1430 276 rationibus.

150 324 355 376 Pleraque
371 330 470 366 sunt
485 326 705 375 uocabula,
719 326 869 377 quibus
886 327 1014 376 uulgo
1026 326 1340 378 utimur-,neque
1351 333 1488 368 tamen
1506 335 1523 367 1·

75 381 232 432 liquido
261 382 416 423 scimus
432 414 441 430 ,
475 382 572 433 quid
590 394 640 424 ea
654 383 826 434 proprie
854 388 979 433 atque
997 394 1098 423 uere
1123 383 1378 434 significent,
1411 386 1487 425 sed

74 438 377 490 incompertam
409 444 450 479 et
478 439 708 490 uolgariam
741 439 1007 480 traditionem
1039 440 1099 479 rei
1130 452 1213 480 non
1245 443 1488 491 exploratae

75 494 222 544 secuti,
247 495 439 536 uidemur
455 496 586 546 magis
601 496 755 545 dicere,
784 497 897 547 quod
913 498 1123 545 uolumus,
1144 509 1267 547 quam
1287 498 1486 538 dicimus:

76 551 198 592 sicuti
218 556 284 592 est
299 552 577 593 ‘uestibulum
590 557 617 602 ',
640 554 816 593 uerbum
831 553 872 593 in
890 554 1155 594 sermonibus
1175 554 1340 594 celebre
1362 560 1487 605 atque

76 608 267 657 obuium,
299 620 384 650 non
417 610 609 651 omnibus
635 615 795 655 tamen,
829 610 899 661 qui
921 610 989 650 illo
1013 610 1131 650 facile
1156 616 1349 661 utuntur,
1385 611 1486 651 satis

77 670 324 716 spectatum.
385 666 674 707 Animaduerti
699 667 827 715 enim,
861 667 1068 717 quosdam
1092 668 1404 718 hautquaquam
1429 668 1486 707 in-
1504 675 1525 708 2

76 722 227 763 doctos
250 722 366 763 uiros
394 723 576 774 opinari,
611 723 897 763 ‘uestibulum’
927 735 1024 763 esse
1047 729 1207 774 partem
1235 725 1386 764 domus
1407 724 1487 775 pri-

74 790 254 828 morem,
288 790 413 830 quam
434 781 586 830 uulgus
611 779 792 820 eatrium’
818 785 956 820 uocat.
1021 782 1062 820 C.
1089 781 1273 821 Aelius
1300 782 1483 821 Gallus
1500 787 1527 821 3

75 835 116 876 in
145 835 279 877 libro
303 837 364 876 de
393 837 799 887 significatione
830 838 1132 884 uerborum,
1167 849 1296 887 quae
1322 838 1384 877 ad
1406 838 1486 878 ius

76 891 231 933 ciuile
251 892 548 944 pertinent,
582 895 812 934 secundo
836 893 1123 934 ‘uestibulum’
1153 905 1248 934 esse
1276 894 1375 934 dicit
1402 906 1487 935 non

74 950 115 990 in
136 949 240 1000 ipsis
261 949 436 990 aedibus
466 961 603 1000 neque
633 956 794 1000 pa1tem
822 950 1005 998 aedium,
1037 951 1113 990 sed
1140 951 1278 990 locum
1310 956 1406 991 ante
1433 951 1486 990 ia—

75 1017 200 1046 nuam
221 1007 371 1047 domus
393 1018 593 1055 uacuum,
628 1019 704 1057 per
736 1018 858 1057 quem
888 1019 912 1046 a
932 1007 1000 1047 uia
1034 1008 1169 1047 aditus
1202 1019 1524 1070 accessusque

76 1063 129 1102 ad
149 1062 280 1102 aedis·
291 1068 373 1112 est,
410 1075 503 1103 cum
527 1065 674 1103 dextra
695 1064 946 1113 sinistraque
971 1064 1134 1103 ianuam
1166 1070 1360 1114 tectaque
1391 1054 1524 1104 sunt*

75 1118 169 1159 uiae
191 1119 332 1159 iuncta
358 1126 482 1170 atque
505 1120 598 1170 ipsa
619 1120 743 1160 ianua
772 1121 918 1170 procul
944 1131 968 1158 a
996 1120 1062 1159 uia
1085 1126 1168 1168 est,
1196 1132 1293 1160 area
1322 1121 1487 1160 uacanti

77 1175 276 1215 intersita.

163 1232 279 1283 Quae
294 1243 422 1283 porro
440 1232 536 1272 huic
552 1233 759 1273 uocabulo
778 1232 882 1274 ratio
901 1232 972 1280 sit,
996 1232 1139 1282 quaeri
1156 1235 1327 1273 multum
1351 1235 1481 1280 solet;
1498 1242 1522 1276 4

79 1289 156 1329 sed
182 1299 289 1339 quae
315 1289 470 1340 scripta
494 1290 587 1340 legi,
608 1301 656 1329 ea
677 1291 805 1328 ferme
831 1289 968 1328 omnia
990 1289 1241 1329 inconcinna
1266 1296 1391 1340 atque
1415 1290 1484 1329 ab·

77 1346 202 1386 surda
217 1344 311 1386 uisa
326 1351 435 1386 sunt.
498 1346 618 1396 Quod
649 1345 938 1396 Sulpicium
963 1350 1100 1385 autern
1116 1346 1484 1396 Apollinarem
1502 1356 1523 1389 5

76 1401 243 1442 memini
259 1402 411 1452 dicere,
429 1403 564 1442 uirum
582 1403 759 1453 eleganti
777 1401 949 1442 scientia
966 1407 1169 1450 ornatum,
1196 1402 1483 1444 huiuscemodi

77 1463 158 1499 est:
198 1460 337 1498 “Ve’
363 1459 585 1510 particula,
619 1459 739 1499 sicuti
759 1459 964 1509 quaedam
982 1459 1078 1507 alia,
1110 1465 1197 1499 tum
1213 1460 1484 1499 intentionem

78 1514 306 1566 significat,
338 1520 425 1555 tum
455 1515 739 1556 minutionem.
800 1516 901 1555 Nam
928 1518 1084 1555 ‘uetus’
1111 1522 1152 1555 et
1169 1517 1483 1565 ‘ue(he)mens’‚
1501 1524 1524 1559 6

78 1573 253 1612 alterum
276 1573 328 1611 ab
353 1573 499 1612 aetatis
531 1572 812 1622 magnitudine
843 1572 1122 1622 compositum
1147 1573 1378 1622 elisumque
1407 1578 1483 1619 est,

78 1629 254 1668 alterum
278 1639 303 1668 a
325 1629 473 1669 mentis
489 1628 532 1668 ui
555 1633 681 1678 atque
697 1628 853 1679 impetu
872 1628 1032 1668 dicitur.
1095 1630 1312 1668 ‘Vescum’
1332 1634 1482 1675 autern,

79 1685 194 1735 quod
224 1695 278 1724 ex
309 1688 395 1725 ‘ue'
429 1685 632 1736 particula
663 1690 704 1724 et
728 1688 859 1725 ‘esca’
885 1686 1125 1734 copulatum
1150 1690 1233 1732 est,
1263 1685 1484 1734 utriusque

79 1741 274 1782 diuersae
296 1741 610 1792 significationis
627 1741 711 1780 uim
728 1741 849 1792 capit.
910 1741 1044 1780 Aliter
1075 1741 1183 1780 enim
1204 1742 1305 1781 Luc
1318 1741 1484 1781 retius
1502 1747 1524 1782 7

80 1800 287 1838 ‘uescum’
308 1800 439 1839 salem
461 1798 559 1838 dicit
585 1809 637 1837 ex
660 1798 811 1838 edendi
831 1797 1080 1844 intentione,
1113 1797 1229 1837 aliter
1244 1797 1483 1837 Lucilius

79 1857 286 1895 ‘uescum'
318 1856 500 1906 appellat
528 1866 620 1894 cum
650 1854 800 1894 edendi
831 1853 1009 1895 fastidio.
1071 1854 1147 1904 Qui
1178 1855 1328 1894 domos
1359 1853 1521 1904 igiturS

79 1912 237 1961 amplas
258 1910 484 1961 antiquitus
502 1911 725 1958 faciebant,
755 1912 893 1950 locum
910 1915 1006 1951 ante
1031 1910 1195 1950 ianuam
1219 1921 1400 1951 uacuum
1422 1922 1483 1949 re-

79 1967 339 2017 linquebant,
374 1968 443 2018 qui
472 1969 579 2008 inter
614 1969 726 2008 sores
765 1967 914 2007 domus
940 1972 981 2007 et
1012 1967 1124 2008 uiam
1158 1967 1319 2007 medius
1354 1972 1481 2006 esset.

78 2025 123 2063 In
144 2035 196 2064 eo
230 2025 346 2072 loco,
380 2025 450 2074 qui
470 2024 683 2065 dominum
715 2024 802 2063 eius
833 2024 982 2064 domus
1016 2026 1238 2064 salutatum
1270 2028 1482 2069 uenerant,
1502 2030 1524 2065 9

12 2108 14 2111 -
79 2080 322 2131 priusquam
353 2082 688 2128 admitterentur,
720 2079 1006 2120 consistebant
1028 2086 1069 2120 et
1090 2091 1228 2130 neque
1250 2079 1290 2118 in
1308 2079 1375 2118 uia
1402 2084 1482 2118 sta-

78 2136 201 2185 bant,
232 2146 370 2187 neque
398 2138 505 2178 intra
533 2138 662 2178 aedes
694 2142 821 2176 erant.
882 2138 948 2176 Ab
975 2137 1043 2177 illa
1072 2148 1173 2187 ergo
1201 2135 1372 2186 grandis
1403 2134 1483 2175 loci
1497 2142 1550 2175 10*
1578 2160 1599 2177 ἢ

79 2193 339 2234 consistione
355 2199 398 2234 et
415 2195 535 2245 quasi
557 2194 736 2244 quadam
763 2193 1053 2241 stabulatione,
1078 2192 1317 2232 ‘uestibula’
1343 2192 1484 2242 appel-

78 2250 163 2290 lata
178 2255 294 2299 sunt,
328 2251 481 2302 spatia,
514 2250 633 2291 sicuti
652 2250 849 2297 diximus,
881 2250 1054 2299 grandia
1072 2253 1165 2288 ante
1183 2249 1297 2288 sores
1315 2247 1483 2287 aedium
