1619 2476
100 61 156 102 60
633 60 719 99 XII.
751 72 789 98 v,
806 71 863 99 v1.
884 71 955 98 vn.

101 172 305 223 potiendis
330 171 544 213 doloribus
571 171 886 211 exercitatione:
927 173 1091 221 qualem
1118 172 1247 212 fuisse
1268 171 1508 222 accepimus

102 231 232 269 serum
256 229 461 278 quendam
481 227 521 266 in
548 228 645 267 ludo
676 228 863 267 Caesaris
886 228 1176 278 gladiatorem,
1200 229 1290 279 qui,
1313 240 1406 268 cum
1421 230 1509 268 uul—

101 297 202 325 nera
225 285 312 324 eius
336 296 359 323 a
380 284 551 324 medicis
575 285 874 332 execabantur,
898 285 1034 324 ridere
1055 286 1201 326 solitus
1222 285 1317 334 fuit3
1361 285 1437 324 sed
1460 296 1506 325 ea

103 353 201 381 uera
232 347 272 380 et
306 342 440 391 proba
478 341 733 390 fortitudost,
773 353 896 391 quam
928 341 1096 382 maioris
1127 342 1260 382 nostri
1296 341 1509 381 scientiam

103 409 197 438 esse
236 397 429 437 dixerunt
466 409 603 437 rerum
640 399 948 438 tolerandarum
985 403 1025 438 et
1061 410 1144 438 non
1184 399 1507 438 tolerandarum.

46 460 88 493 14
100 456 177 494 Per
199 455 311 504 quod
331 460 524 504 apparet,
552 465 646 493 esse
670 456 872 504 quaedam
894 455 1187 503 intolerabilia,
1217 466 1241 494 a
1259 455 1408 504 quibus
1429 455 1509 494 for-

101 517 164 550 tes
190 511 266 550 uiri
292 517 362 550 aut
382 511 586 551 obeundis
609 511 858 551 abhorreant
875 516 944 551 aut
960 511 1246 551 sustinendis'.

44 573 88 607 15
189 568 288 607 Cum
310 568 413 607 haec
435 569 629 607 Taurus
654 567 827 608 dixisset
845 569 1142 618 uidereturque
1163 567 1204 607 in
1229 568 1403 607 eandem
1423 578 1510 606 rem

102 626 218 674 plura
240 624 445 672 dicturus,
467 630 714 674 peruentum
739 631 802 664 est
826 625 878 664 ad
901 624 1091 664 uehicula
1112 630 1152 664 et
1174 623 1508 665 conscendimus.

767 738 835 779 VI.

655 821 708 856 De
727 823 954 868 aenigmate.

64 919 82 952 1
187 910 299 958 Quae
329 908 474 948 Graeci
508 908 647 948 dicunt
676 910 969 960 ‘aenigmata’,
1009 910 1090 950 hoc
1116 920 1247 959 genus
1272 908 1436 958 quidam
1458 919 1510 947 ex

102 966 256 1006 nostris
281 965 492 1005 ueteribus
515 966 728 1016 escirpos’
755 968 1081 1017 appellauerunt.
1144 966 1269 1015 Quale
1294 970 1370 1013 est,
1396 965 1508 1014 quod

101 1033 235 1072 nuper
250 1022 481 1062 inuenimus
499 1034 575 1072 per
595 1023 733 1062 hercle
750 1023 983 1073 antiquum,
1009 1034 1207 1073 perquam
1226 1022 1421 1072 lepidum,
1443 1020 1510 1060 tri-

101 1079 179 1117 bus
196 1079 388 1118 uersibus
416 1079 660 1126 sena(to)ris
684 1080 961 1129 compositum
985 1079 1185 1129 aenigma,
1209 1079 1322 1128 quod
1347 1077 1510 1127 reliqui-

102 1147 193 1174 mus
226 1135 524 1182 inenarratum,
566 1140 611 1174 ut
645 1136 867 1186 legentium
890 1136 1150 1176 coniecturas
1186 1135 1226 1174 in
1256 1134 1508 1184 requirendo

64 1201 85 1235 2
102 1202 361 1231 acueremus.
423 1193 583 1232 Versus
605 1197 690 1232 tres
715 1193 755 1231 hi
778 1198 893 1232 sunt:

161 1267 325 1308 Semel
358 1268 616 1316 minusne,
650 1280 707 1308 an
738 1266 1001 1308 bisminus
1028 1272 1178 1315 (non)
1210 1267 1275 1307 sit
1303 1265 1509 1312 nescim

159 1326 224 1364 At
263 1323 543 1374 utrumque
588 1336 783 1372 eorum,
827 1323 1175 1376 utvquondam
1215 1321 1394 1363 audiui
1438 1319 1509 1360 di·

935 1380 1062 1431 cier,

161 1436 271 1476 Ioui
301 1435 400 1486 ipsi
431 1436 539 1486 regi
569 1435 737 1477 noluit
769 1435 1072 1476 concedere.

65 1533 88 1568 3
105 1527 195 1567 Hoc
220 1526 289 1576 qui
305 1526 406 1566 nolit
422 1526 572 1566 diutius
598 1532 697 1576 aput
719 1537 814 1566 sese
837 1537 1049 1576 quaerere,
1075 1525 1257 1565 inueniet
1278 1525 1377 1576 quid
1398 1525 1451 1566 sit
1471 1524 1511 1565 in

103 1584 156 1622 M.
180 1583 433 1622 Varronis
465 1583 525 1622 de
557 1594 799 1623 sermone
828 1582 1011 1622 Latino
1040 1583 1101 1622 ad
1125 1583 1426 1622 Marcellum
1453 1581 1511 1620 li·

104 1640 194 1680 bro
228 1639 478 1679 secundo.

763 1752 851 1793 VII.

106 1836 225 1880 Quam
248 1835 294 1871 ob
311 1844 467 1871 causam
485 1832 550 1870 Cn.
568 1833 763 1870 Dolabella
779 1835 985 1880 proconsul
1001 1843 1104 1868 ream
1124 1832 1318 1873 mulierem
1340 1828 1514 1868 ueneficii

393 1890 704 1937 confitentemque
720 1890 769 1926 ad
784 1890 1027 1938 Ariopagitas
1043 1889 1228 1925 reiecerit.

70 1986 87 2019 1
188 1973 254 2013 Ad
296 1974 365 2012 Cn.
408 1974 684 2021 Dolabellam,
724 1972 1014 2024 proconsulari
1048 1971 1220 2022 imperio
1257 1970 1514 2022 prouinciam

67 2029 248 2074 2Asiam
279 2028 552 2079 optinentem,
599 2030 778 2069 deducta
806 2029 950 2070 mulier
979 2029 1183 2080 Smyrnae
1219 2032 1295 2068 est.
1356 2028 1514 2068 Eadem

106 2086 251 2125 mulier
285 2085 420 2125 uirum
454 2091 493 2124 et
525 2086 651 2125 filium
685 2087 832 2127 eodem
862 2092 1051 2136 tempore
1078 2084 1252 2124 uenenis
1276 2085 1381 2123 clam
1405 2084 1512 2124 datis

103 2141 187 2179 uita
204 2142 486 2189 interfecerat3
511 2147 635 2192 atque
652 2142 692 2181 id
720 2142 869 2183 fecisse
887 2154 932 2182 se
958 2141 1232 2181 confitebatur
1253 2141 1513 2190 dicebatque,

104 2196 301 2237 habuisse
333 2208 379 2237 se
403 2197 579 2238 faciendi
603 2210 790 2246 causam,
828 2198 1021 2248 quoniam
1052 2197 1160 2237 idem
1194 2197 1249 2236 illi
1277 2197 1448 2237 maritus
1472 2201 1514 2236 et
1561 2208 1587 2226 -·

104 2252 212 2292 filius
237 2255 409 2292 alterum
432 2253 557 2293 filium
581 2254 784 2302 mulieris,
810 2266 860 2293 ex
886 2255 973 2294 uiro
997 2254 1135 2304 priore
1155 2253 1352 2304 genitum,
1373 2254 1512 2293 adule-
