1619 2476
151 36 206 78 88
729 38 775 74 ll.
808 48 876 75 xv.
894 48 978 76 xv1.

114 157 135 191 3
236 149 319 189 Sed
341 154 564 198 postquam
590 149 760 187 suboles
786 149 938 189 ciuitati
961 148 1200 188 necessaria
1219 148 1312 189 uisa
1335 154 1401 190 est
1424 153 1466 189 et
1494 150 1549 189 ad

154 207 312 256 prolem
342 205 487 255 populi
505 204 846 253 frequentandam
876 204 1069 255 praemiis
1107 209 1232 255 atque
1268 205 1549 246 inuitamentis

156 274 257 302 usus
276 262 367 309 suit,
397 267 480 300 tum
497 261 662 300 antelati
682 261 928 310 quibusdam
946 261 986 300 in
1003 261 1151 309 rebus,
1181 261 1251 310 qui
1265 273 1440 302 uxorem
1462 261 1549 312 qui-

157 330 235 369 que
253 319 406 357 liberos
431 318 684 365 hab[er]ent‚
718 318 952 357 senioribus
969 329 1106 367 neque
1125 318 1278 358 liberos
1293 329 1431 368 neque
1446 330 1549 358 uxo-

115 384 220 417 4res
243 374 502 414 habentibus.
565 374 693 413 Sicuti
718 373 902 424 kapite
933 375 1035 413 VlI.
1069 373 1202 424 legis
1232 374 1398 414 Iuliae
1422 373 1550 424 priori

154 443 204 471 ex
220 431 459 471 consulibus
479 432 614 469 fasces
632 430 822 470 sumendi
838 435 1026 480 potestas
1047 431 1115 478 fit,
1148 441 1231 470 non
1250 430 1320 480 qui
1334 430 1464 481 pluris
1481 442 1551 469 an-

153 500 230 528 nos
262 493 382 527 natus
416 492 499 534 est,
530 487 605 526 sed
624 487 692 536 qui
708 487 835 535 pluris
852 487 1029 535 liberos,
1064 498 1186 536 quam
1203 488 1383 536 collega,
1415 484 1552 526 autin

115 553 134 586 5
154 556 229 585 sua
248 548 455 594 potestate
480 544 603 582 habet
620 548 688 582 aut
709 543 816 583 bello
836 543 983 583 amisit.
1045 543 1130 583 Sed
1156 543 1191 583 si
1205 554 1282 593 par
1297 542 1464 593 utrique
1478 554 1552 582 nu·

153 612 291 641 merus
321 600 543 639 liberorum
574 605 655 646 est,
688 599 857 639 maritus
875 605 944 639 aut
963 599 1032 649 qui
1059 599 1098 638 in
1117 610 1289 639 numero
1309 599 1551 639 maritorum

115 665 137 700 6
155 663 219 697 est
235 658 487 707 praesertum
520 656 554 695 si
572 667 672 695 uero
700 657 819 695 ambo
844 661 885 695 et
901 655 1033 695 mariti
1050 661 1089 695 et
1106 660 1246 705 patres
1265 655 1438 695 totidem
1454 655 1550 694 libe-

153 725 291 754 rorum
310 718 416 759 sunt,
436 718 520 751 tum
538 712 602 750 ille
621 712 817 761 pristinus
835 713 970 752 honos
987 712 1237 752 instauratus
1256 716 1316 760 et,
1336 711 1405 761 qui
1420 711 1552 751 maior
1587 744 1590 745 γ

115 777 135 813 7
153 775 248 810 natu
268 775 342 817 est,
360 770 473 819 prior
490 770 624 808 fasces
645 769 779 807 sumit.
811 769 947 819 Super
962 768 1010 808 iis
1030 772 1179 817 autern,
1199 768 1268 818 qui
1284 773 1354 808 aut
1371 768 1550 807 caelibes

154 827 274 866 ambo
306 830 402 865 sunt
429 830 498 864 aut
528 836 669 875 parem
700 837 916 864 numerum
942 825 1118 864 filiorum
1143 825 1297 864 habent
1323 829 1394 864 aut
1418 823 1553 863 mariti

153 888 248 922 sunt
266 888 306 921 et
323 882 476 921 liberos
494 893 576 921 non
594 882 765 928 habent,
785 881 881 920 nihil
898 881 1097 931 scriptum
1114 881 1154 920 in
1172 882 1263 930 lege
1281 881 1333 920 de
1351 891 1401 920 ea
1416 884 1553 919 aetate

114 946 136 980 8
155 944 228 979 est.
289 938 443 978 Solitos
475 943 611 977 tamen
638 938 782 985 audio,
819 938 889 987 qui
905 939 996 987 lege
1013 938 1199 988 potiores
1217 942 1379 984 essent,
1413 938 1551 976 fasces

152 995 271 1044 primi
299 995 453 1034 mensis
477 994 645 1043 collegis
673 995 907 1034 concedere
937 998 1007 1033 aut
1034 995 1158 1044 longe
1186 997 1320 1033 aetate
1342 992 1552 1043 prioribus

153 1057 222 1090 aut
239 1051 510 1092 nobilioribus
529 1052 656 1090 multo
677 1056 746 1089 aut
764 1051 993 1090 secundum
1012 1052 1272 1091 consulatum
1297 1048 1551 1089 ineuntibus.
1582 1097 1589 1099 λ

801 1173 909 1213 XVI.

156 1261 264 1304 Quod
293 1260 500 1296 Caesellius
520 1261 672 1297 Vindex
699 1272 719 1296 a
737 1261 903 1307 Sulpicio
921 1261 1130 1308 Apollinari
1161 1259 1416 1306 reprehensus
1440 1262 1553 1298 estin

527 1328 662 1352 sensus
692 1318 900 1364 Vergiliani
932 1317 1182 1353 enarratione.

117 1429 134 1461 l
237 1415 466 1464 Vergilii
496 1428 644 1456 uersus
673 1422 769 1456 sunt
799 1428 820 1455 e
851 1417 985 1456 libro
1019 1420 1204 1456 sexto:

211 1493 338 1539 Ille,
371 1492 555 1538 uides,
587 1503 715 1541 pura
744 1491 954 1530 iuuenis
987 1491 1071 1541 qui
1100 1490 1289 1530 nititur
1317 1491 1495 1538 hasta,

210 1548 450 1587 Proxima
493 1553 635 1588 sorte
678 1554 830 1586 tenet
870 1547 1003 1587 lucis
1048 1549 1179 1586 loca.
1248 1546 1450 1586 Primus
1493 1545 1585 1585 ad-

984 1615 1144 1643 auras

212 1661 494 1699 Aetherias
526 1661 656 1699 Italo
689 1660 1009 1700 commixtus
1040 1658 1295 1708 sanguine
1322 1664 1509 1707 surget

214 1716 430 1763 Siluius,
456 1717 713 1755 Albanum
740 1729 949 1764 nomen,
979 1722 1064 1756 tua
1084 1719 1330 1766 postuma
1349 1715 1554 1763 proles,

213 1774 364 1820 Quem
395 1773 488 1812 tibi
520 1774 780 1821 longaeuo
813 1771 1226 1812 serum·Lauinia
1258 1770 1488 1810 coniunx

210 1829 409 1868 Educet
440 1829 594 1868 siluis
626 1840 803 1878 regem
833 1840 1115 1878 regumque
1144 1831 1450 1877 parentem:

210 1885 352 1923 Vnde
384 1897 544 1934 genus
571 1886 740 1933 Longa
772 1891 1005 1925 nostrum
1033 1880 1553 1926 dominabitur'Alba.

119 1986 141 2019 2
240 1970 498 2009 Videbantur
518 1971 619 2011 haec
645 1982 906 2020 nequaquam
933 1968 1175 2009 conuenire:

707 2053 791 2086 tua
818 2052 1053 2097 postuma
1077 2047 1274 2096 proles,

157 2109 214 2142 et:

215 2159 361 2207 Quem
387 2160 481 2198 tibi
512 2162 767 2209 longaeuo
797 2170 965 2199 serum
987 2157 1200 2197 Lauinia
1230 2156 1457 2197 coniunx

211 2214 406 2254 Educet
437 2227 622 2265 regern.
