1603 2508
683 66 748 105 111.
771 75 859 105 XVI.
1385 62 1465 106 131

49 192 140 220 rum
157 178 402 230 opinionum
419 180 489 218 uel
508 178 802 229 peritissimus.
846 179 1010 218 Versus
1029 177 1118 217 eius
1137 188 1266 228 super
1283 188 1333 217 ea
1350 189 1395 217 re
1413 178 1467 217 de

49 237 187 277 sabula
200 237 252 276 Pl
266 248 290 276 0
306 235 385 276 cio
407 235 554 286 posui:

119 305 271 364 Γυνὴ
310 316 440 351 κυεῖ
468 309 606 351 δέκα
636 310 836 364 μῆνας;

50 403 135 443 Sed
151 406 296 442 noster
314 400 553 441 Caeciliu
567 413 586 441 s
600 433 609 449 ‚
637 412 731 441 cum
757 402 914 440 faceret
938 401 1089 440 eodem
1108 400 1276 440 nomine
1300 406 1340 440 et
1359 401 1465 442 eius·
1482 417 1506 452 4

49 461 145 499 dem
162 457 395 509 argumenti
413 458 675 498 comoediam
693 469 741 497 ac
757 459 959 508 pleraque
976 469 999 496 a
1013 459 1054 497 M
1065 469 1086 497 e
1104 470 1128 497 n
1140 469 1164 496 a
1176 469 1201 496 n
1217 458 1243 496 d
1254 470 1274 496 r
1287 470 1309 497 ο
1330 470 1465 498 sume-

49 521 133 565 ret,
158 516 198 555 in
223 515 437 555 mensibus
463 520 601 554 tamen
627 515 876 564 genitalibus
896 514 1160 554 nominandis
1179 526 1262 554 non
1282 520 1466 565 praeter-

49 573 161 613 misit
186 577 381 613 octauum
394 604 403 620 ,
431 583 554 621 quem
579 571 851 622 praeterierat
878 572 920 611 M
932 583 952 611 e
965 584 990 610 n
1005 583 1028 610 a
1040 582 1064 610 n
1077 572 1102 610 d
1117 583 1139 611 e
1151 584 1182 610 r.
1247 572 1274 610 C
1286 583 1309 610 a
1321 583 1342 611 e
1356 571 1398 611 ci
1411 571 1467 611 lii

48 641 200 670 uersus
230 628 322 668 hice
356 634 473 669 sunt:

123 710 230 758 (In)
264 707 484 749 Soletne
531 708 718 748 mulier
765 707 969 748 decimo
1018 719 1199 748 mense
1242 709 1467 760 parere?

882 766 961 813 [B.]
993 765 1082 805 Pol

123 827 148 870 -ι-
176 823 432 872 Nouoque
463 823 615 862 etiam
649 821 876 873 septimo
910 827 1069 871 atque
1103 829 1309 863 octauo.

51 915 152 954 Eam
176 923 264 952 rem
292 913 575 954 Caecilium
603 926 686 954 non
713 913 1024 953 inconsiderate
1051 913 1208 954 dixisse
1243 926 1381 964 neque
1406 920 1462 954 te·
1480 923 1501 957 5

50 980 164 1010 mere
189 981 214 1008 a
243 970 535 1011 Menandro
575 976 700 1020 atque
727 982 751 1009 a
776 972 999 1010 multorum
1032 970 1298 1020 opinionibus
1333 971 1465 1011 desci-

49 1026 189 1074 uisse,
206 1027 262 1065 M.
279 1027 318 1064 V
332 1037 450 1066 arro
476 1027 536 1067 uti
554 1028 774 1067 credamus
795 1027 902 1067 facit.
964 1024 1064 1066 Nam
1090 1039 1235 1068 mense
1261 1040 1466 1068 nonnum-
1483 1035 1505 1070 6

54 1094 177 1133 quam
207 1087 357 1122 octauo
384 1083 539 1123 editum
575 1095 671 1124 esse
703 1089 866 1134 partum
902 1084 948 1122 in
987 1083 1055 1122 lib
1069 1095 1122 1124 ro
1160 1090 1348 1135 quarto
1382 1085 1465 1124 de·

54 1139 184 1179 cimo
217 1149 388 1178 rerum
420 1140 719 1180 diuinarum
752 1141 952 1191 scriptum
978 1140 1162 1189 reliquit;
1198 1153 1280 1191 quo
1300 1141 1340 1180 in
1360 1142 1464 1182 libro

54 1195 176 1236 etiam
192 1195 413 1236 undecimo
433 1208 576 1237 mense
595 1197 817 1247 aliquando
843 1196 958 1236 nasci
976 1208 1106 1246 posse
1124 1197 1335 1238 hominem
1354 1198 1463 1245 dicit,

53 1252 230 1302 eiusque
251 1252 493 1301 sententiae,
510 1259 593 1293 tam
604 1254 655 1293 de
674 1259 839 1302 octauo,
861 1265 983 1303 quam
1003 1254 1053 1293 de
1068 1255 1290 1294 undecimo
1307 1266 1463 1302 mense,

0 1347 2 1350 ,
53 1308 401 1349 Aristotelem
418 1314 632 1350 auctorem
650 1311 804 1350 laudat.
838 1310 921 1350 Sed
937 1309 1058 1349 huius
1079 1311 1130 1350 de
1148 1323 1292 1351 mense
1312 1317 1461 1351 octauo
1481 1318 1502 1350 7

54 1365 331 1406 dissensionis
354 1377 482 1406 causa
515 1367 715 1417 cognosci
747 1372 888 1418 potest
916 1367 967 1406 in
1001 1367 1105 1406 libi
1117 1379 1139 1407 0
1166 1369 1297 1419 Hipp
1313 1380 1335 1408 ο
1351 1380 1405 1407 ci
1416 1380 1464 1406 a·

53 1422 91 1462 ti
105 1434 149 1471 s,
188 1421 258 1473 qui
281 1421 508 1489 inscriptus
535 1430 599 1464 est
623 1421 749 1475 περὶ
773 1423 951 1494 τ’ροφῆ
964 1438 1005 1476 ς,
1038 1435 1089 1463 ex
1108 1436 1189 1490 quo
1211 1425 1314 1465 libro
1335 1425 1466 1464 uerba

52 1478 157 1519 haec
188 1484 305 1519 sunt:
340 1473 523 1521 ’Ἑστιν
553 1479 607 1521 δὲ
636 1480 717 1521 καὶ
748 1477 844 1522 οὐκ
871 1481 1013 1521 ἔστιν
1043 1475 1104 1519 τὰ
1151 1475 1457 1533 ὀκτάμηνα.

53 1535 101 1576 Id
129 1541 214 1575 tam
242 1536 422 1576 obscure
446 1541 571 1587 atque
604 1536 793 1587 praecise
825 1542 1053 1586 (tamquam
1078 1538 1276 1579 aduerse)
1304 1538 1498 1578 dictumS

47 1591 85 1632 S
99 1591 252 1632 abinu
263 1604 282 1632 s
300 1592 486 1633 medicus
492 1593 584 1644 ‚qui
599 1594 655 1633 Η
647 1607 657 1632 1
668 1607 694 1644 p
706 1606 732 1644 p
749 1606 771 1633 o
786 1605 806 1632 c
818 1605 837 1632 r
850 1604 872 1631 a
886 1599 901 1631 t
913 1605 982 1632 em
1002 1595 1341 1635 commodissime
1354 1606 1464 1635 com-

0 1662 8 1676 =.
46 1653 263 1689 mentatus
298 1654 382 1698 est,
416 1649 480 1689 his
510 1650 652 1691 ueibis
685 1642 1109 1692 ena1r‘1mt'E6mv
1139 1647 1233 1703 μὲν
1257 1647 1427 1703 φαινό
1441 1673 1466 1679 -

44 1711 192 1769 ’μενοι
225 1699 294 1754 ὡς
325 1682 428 1754 ζοέα
458 1701 588 1771 μετὰ
618 1702 721 1759 τὴν
763 1706 1056 1757 ἔκτρωσιν·
1094 1704 1191 1750 οὐκ
1221 1707 1364 1748 ἔστιν
1383 1705 1464 1772 δέ,

0 1766 12 1808 Ι,
50 1758 387 1816 θνήσκοντα
417 1759 551 1816 μετὰ
581 1764 776 1803 ταῦτα·
807 1760 896 1802 καὶ
921 1760 1077 1801 ἐστιν
1104 1761 1208 1802 ούν
1239 1760 1327 1803 καὶ
1362 1757 1465 1803 οὐκ

56 1816 234 1872 ἔστιν,
273 1819 559 1887 φαντασίᾳ
591 1817 692 1872 μὲν
723 1818 1044 1871 παοαυτίκα
1085 1813 1242 1872 ὄντα,
1283 1815 1466 1860 δυνά-

47 1881 146 1927 μει
173 1872 230 1914 δὲ
262 1870 464 1916 οὐκέτι.

141 1931 351 1982 Antiquos
384 1938 523 1973 autem
552 1935 765 1973 Romanos
797 1935 901 1972 Va1
916 1944 968 1972 ro
1011 1932 1108 1972 dicit
1136 1944 1219 1972 non
1250 1933 1505 1984 recepisses)

60 1986 348 2029 huiuscemodi
373 1990 493 2040 quasi
518 1995 808 2030 monstruosas
834 1988 1047 2036 raritates,
1080 1989 1156 2029 sed
1181 2001 1293 2029 nono
1321 2001 1465 2030 mense

63 2048 134 2084 aut
149 2044 330 2093 decimo,
358 2057 496 2096 neque
519 2052 685 2097 praeter
707 2047 786 2086 hos
804 2045 917 2092 aliis,
949 2045 1182 2095 partionem
1203 2045 1385 2085 mulieris
1403 2058 1466 2086 se-

65 2101 244 2140 cundum
276 2107 465 2142 naturam
497 2103 587 2142 fieri
618 2102 881 2143 existimasse
909 2078 1153 2151 'idoneoque
1186 2113 1261 2142 eos
1297 2102 1467 2142 nomina

62 2155 171 2197 Fatis
183 2157 316 2198 tribus
335 2159 485 2199 fecisse
501 2170 526 2198 a
541 2158 741 2210 pariendo
761 2165 802 2198 et
819 2170 842 2197 a
861 2170 972 2198 nono
992 2163 1116 2207 atque
1126 2158 1287 2198 decimo
1306 2170 1464 2199 mense.

57 2205 163 2252 Nam
180 2214 404 2263 ‘Parca',
435 2215 589 2265 inquit,
619 2215 841 2255 inmutat
853 2226 876 2253 a
908 2226 1007 2254 una
1039 2215 1220 2263 litera,
1254 2227 1278 2254 a
1306 2221 1459 2266 partu
1480 2221 1524 2256 10

19 2307 23 2316 Α,
65 2268 348 2320 nominata,
397 2272 521 2311 item
563 2273 750 2312 ‘Nona'
800 2277 850 2310 et
896 2271 1151 2310 ‘Decima’
1200 2283 1224 2310 a
1269 2278 1463 2322 partus

82 2345 88 2350 .
1187 2327 1250 2367 9*

60 2454 76 2471 ιο
85 2439 99 2471 ἶ.
124 2448 131 2455 ”
