1587 2476
62 42 141 100 &⁷111
363 67 588 100 VARIETAS
614 67 846 102 LEc‘noms
874 68 1204 104 GnouoviANAn.

64 169 100 191 re
121 160 198 202 ipsa
213 156 229 202 ΙΙ
259 159 303 191 25
330 158 410 190 add.
435 165 491 190 aut
513 165 593 192 ante
614 161 756 203 paribus
775 179 822 184 ——
845 171 905 197 om.
931 168 982 194 est
1004 168 1081 196 ante
1102 172 1264 207 magnum
1286 181 1334 186 —
1359 162 1441 195 add.
1462 161 1499 195 fit

60 211 139 246 post
162 205 235 237 auri
259 202 275 248 Η
311 204 356 237 26
379 197 447 235 οὐκ
473 198 547 236 οἷδ’
571 203 683 238 εἵπου
708 202 827 251 τούτῳ
847 225 894 230 -
919 202 1035 250 ὃόξειῤ
1058 206 1074 253 ΙΙ
1114 210 1158 242 27
1181 203 1320 242 τούτου
1346 201 1446 241 ἐστὶν
1469 205 1486 254 ss

64 250 109 284 28
132 251 252 292 inquit,
281 255 312 282 et
335 269 382 273 ——
407 250 487 290 alia,
514 253 610 292 quasi
627 250 641 296 ΙΙ
670 252 714 286 29
736 253 1033 296 disceptandique]
1059 255 1324 299 disputandique
1347 272 1395 277 —
1415 255 1501 287 scri·

64 295 148 339 bsit]
165 296 542 339 disseruit—profecto
566 307 685 331 causas
705 300 879 339 scientiae,
908 309 1088 343 corporum
1111 302 1306 341 uarietates,
1329 301 1499 344 discepta-

62 345 262 384 tionumque
285 342 510 375 differentiam
531 344 738 386 ignorantes,
766 346 930 378 directum
961 353 1059 387 atque
1075 344 1090 390 ΙΙ
1121 346 1165 380 30
1187 344 1403 389 *cautulum]
1426 353 1500 378 tan-

63 395 134 421 tum
159 407 206 412 -
230 399 290 422 om.
316 394 347 421 et
373 394 449 421 ante
475 399 595 422 osurus
611 387 627 435 ΙΙ
655 390 697 424 31
725 386 1007 433 συνεπάγεσθαι
1028 391 1158 433 φιλίας
1179 390 1244 425 καὶ
1259 390 1276 438 Π
1304 393 1369 426 ΠΙΙ
1387 394 1405 424 1
1425 393 1499 436 ple-

64 446 170 476 raque
199 434 508 468 omnia—factum
535 446 609 469 esse
635 439 842 471 examussim
864 436 884 482 H
912 440 934 471 2
956 435 1052 483 quass
1081 438 1103 472 3
1127 438 1172 482 is]
1199 449 1258 472 aes
1284 437 1300 484 ss
1328 441 1500 473 5seruare

62 486 178 524 posset
195 478 215 525 ss
230 483 249 514 7
263 481 405 514 uerbum
421 482 635 526 cum—sed]
653 484 742 525 quod
758 481 773 528 Η
790 484 811 518 8
825 485 946 525 inquit,
963 485 1406 526 et—quas-lectitabant
1427 483 1446 529 Η
1467 485 1500 517 V

63 528 299 560 histrionicum
315 524 331 571 Η
362 528 380 560 1
407 527 669 562 Demosthenem
691 530 827 562 tradunt
848 536 879 563 et
901 532 1026 564 uestitu
1047 532 1179 564 sincero
1207 537 1238 564 et
1263 532 1356 564 cultu
1374 540 1496 563 —om.

64 574 279 608 Et—etimn
293 568 423 615 κομψή
445 574 504 606 illa
523 572 667 616 χλαινὶς
689 573 752 607 καὶ,
770 573 785 621 ll
817 578 836 609 2
851 587 910 609 om.
939 576 977 615 Q.
999 595 1045 600 —
1066 578 1242 619 probrosis
1258 575 1274 622 ss
1302 578 1351 610 Vl
1369 574 1500 618 *quem

65 628 180 655 contra
203 622 237 653 in
262 620 401 653 modum
418 616 432 664 ΙΙ
462 621 483 652 2
507 620 665 662 Quirites,
692 632 870 665 possemus
896 641 941 646 -·
966 632 1025 658 om.
1054 629 1104 655 est
1127 621 1144 668 Η
1171 623 1192 656 3
1218 634 1279 659 om,
1305 623 1343 661 Q.
1366 641 1414 646 —
1435 633 1498 656 om.

64 679 173 710 neque
198 686 243 690 —
265 677 374 708 neque
399 665 572 699 adhortari
593 686 639 691 —
663 669 698 700 in
720 668 806 701 illud
823 666 838 713 {l
867 671 890 702 4
910 679 971 703 om.
994 670 1141 702 uersutis
1162 688 1209 692 —
1233 670 1264 702 si
1288 669 1390 702 modo
1409 669 1500 701 ueri·
1553 695 1556 697 Α

63 715 194 747 similes
221 719 298 746 sunt
323 720 353 745 et
379 719 521 756 possunt
543 715 586 746 ad
612 715 799 748 mouendos
824 733 870 738 ——
895 716 1131 759 impugnatum
1147 713 1162 760 ΙΙ
1189 715 1211 749 6
1236 725 1296 748 om.
1320 720 1433 747 autem
1452 732 1499 737 —

61 761 330 802 frequentatione
348 758 362 804 ξ]
399 761 417 791 7
444 770 502 792 om.
528 759 565 798 Q.
593 779 639 783 —
663 771 721 793 om.
747 767 823 794 sunt
857 759 862 805 Ι
891 761 913 794 8
937 762 997 794 His
1023 762 1158 795 demum
1171 762 1261 795 Deos
1278 758 1294 807 {l
1320 761 1385 794 VII
1405 771 1500 794 men-

63 808 202 840 dam—
218 806 345 838 uiolant
371 806 475 838 libros
494 804 509 851 Η
546 807 560 839 l
586 808 633 839 ita
655 804 840 851 seriptum}
880 809 900 841 2
916 814 1050 841 ante—
1077 808 1181 841 ‚Haec
1205 818 1332 840 una—
1346 807 1452 840 ciueis
1468 803 1484 851 ΙῙ

63 853 84 887 3
106 864 166 886 om.
194 852 360 896 putabant
376 850 393 896 Η
421 852 442 885 6
465 858 553 885 extr.
581 864 641 886 om.
671 859 720 886 cst
737 851 752 898 Η
781 855 801 885 7
827 853 881 897 Ρ.]
911 854 1032 892 Quinto
1050 872 1097 877 —
1117 855 1238 896 inquit,
1265 854 1446 893 dicturum,
1467 857 1500 886 et

62 910 140 939 non,
165 896 181 944 Η
210 898 232 931 8
257 909 316 931 om.
340 891 438 940 ἐρεῖν
463 917 510 922 —-
532 900 612 935 add,
635 895 753 939 λέξειν
776 906 851 933 ante
873 906 905 933 et
928 898 943 945 Η
971 900 992 933 9
1017 900 1081 934 CL.
1107 898 1125 946 Η
1166 901 1208 934 10
1229 911 1287 934 om.
1311 902 1347 933 in
1368 917 1416 923 —
1437 909 1497 932 om.

63 946 148 979 libro
169 964 215 968 —
237 949 295 978 oms.
326 955 401 977 esse
425 963 471 968 —
497 945 562 978 hae
578 943 594 990 Η
625 946 665 978 11
691 944 876 979 *Etiamne
903 947 1005 980 habet
1028 947 1150 980 Casina
1171 946 1349 990 gladium?
1377 945 1498 985 Habet,

64 993 125 1025 sed
151 991 248 1030 duos,
278 990 430 1033 mnibus,
456 991 561 1024 altero
584 999 616 1024 te
641 993 830 1025 occisurum
856 994 915 1032 ait,
939 993 1044 1026 altero
1069 993 1232 1026 uillicum.
1274 991 1280 1037 Ι
1321 991 1364 1026 13
1390 998 1421 1025 et
1438 992 1499 1024 be-

61 1038 286 1077 nefacturum,
311 1042 341 1069 et
367 1038 517 1076 Plautus,
548 1039 748 1078 occisurum,
774 1045 805 1071 et
831 1040 963 1079 Antias,
990 1036 1255 1085 processuruml
1294 1039 1339 1072 14
1359 1047 1497 1082 genera,

62 1095 172 1126 neque
198 1086 233 1116 in
255 1080 443 1128 temporaH
472 1085 516 1117 15
539 1085 637 1125 dixit,
663 1085 812 1117 futurum
829 1083 844 1129 Η
874 1085 918 1119 16
929 1092 1011 1127 post
1035 1086 1139 1118 Tullii
1164 1086 1245 1118 add.
1266 1084 1500 1118 Ciceronis—-

63 1130 225 1163 *ratione
253 1131 380 1162 dictum
407 1136 497 1163 certa
520 1136 550 1162 et
575 1132 683 1174 proba
705 1150 752 1154 —
774 1130 886 1163 *mihi
904 1129 919 1176 Η
952 1131 994 1165 19
1017 1133 1062 1163 Vt
1087 1133 1253 1165 rationem
1275 1131 1426 1164 istam-
1447 1130 1500 1163 fa-

63 1179 195 1210 ciamus
212 1174 227 1221 Η
256 1177 336 1208 VIII
362 1178 383 1209 2
409 1177 520 1210 Cornu
538 1174 552 1221 ΙΙ
582 1178 692 1218 5post
716 1172 886 1219 δραχμάς
911 1179 993 1210 add.
1019 1172 1046 1220 ἢ
1065 1173 1251 1210 τάλαντον
1267 1174 1284 1222 [Ι
1311 1177 1410 1210 VIIII
1435 1175 1500 1215 Qui

60 1223 182 1256 modus
196 1241 242 1246 -
257 1223 392 1255 dicendi
409 1221 428 1266 Η
458 1225 498 1256 12
524 1223 669 1265 *atque]
696 1225 752 1265 qui
765 1242 812 1247 —
832 1223 933 1256 fuerit
951 1242 998 1247 —-
1017 1224 1102 1266 iure]
1135 1235 1171 1257 re
1187 1221 1204 1268 Π
1231 1223 1264 1256 Χ
1284 1221 1412 1266 prisce]
1440 1233 1500 1255 ue-

59 1275 148 1302 tuste
171 1267 186 1314 l}
222 1270 240 1302 1
260 1274 339 1310 post
362 1269 428 1300 uiri
454 1270 535 1301 add.
562 1271 669 1301 nostri
694 1287 740 1292 —
766 1270 947 1302 incoluisse
969 1267 984 1314 Η
1026 1270 1075 1302 XI
1099 1271 1270 1302 Haliatten
1292 1287 1340 1292 —
1365 1269 1500 1301 concio-

61 1316 194 1348 natoria
209 1312 224 1360 Η
257 1316 272 1347 1
295 1324 376 1346 usos
401 1325 476 1347 esse
501 1333 547 1338 —
572 1313 700 1357 autem]
725 1316 825 1348 etiam
842 1312 857 1359 Η
885 1315 906 1348 3
932 1317 1115 1348 instructae
1131 1313 1147 1360 Ι]
1176 1317 1199 1348 4
1207 1321 1297 1368 post
1314 1314 1500 1356 tranquilla

62 1369 93 1394 et
115 1362 193 1394 add.
220 1360 413 1394 delectabili
437 1367 537 1402 atque
563 1361 647 1394 adeo
672 1359 687 1405 ΙΙ
727 1362 746 1395 5
773 1362 899 1393 ποιεῖν
927 1355 966 1393 ἐν
986 1362 1069 1399 ταῖς
1092 1359 1311 1404 προσοδοις.
1338 1360 1356 1406 Η
1392 1362 1414 1394 7
1435 1371 1498 1394 om.

56 1409 153 1450 prius
177 1407 296 1440 habuit
312 1404 327 1451 Η
356 1406 377 1439 8
399 1413 477 1448 post
499 1408 725 1449 tibiarumque
739 1409 838 1448 ponit
858 1414 1033 1448 concentu,
1054 1413 1133 1450 post
1157 1409 1413 1450 animorumque
1433 1417 1495 1442 om.

60 1472 106 1477 —
133 1455 328 1497 conspiratu
343 1451 360 1497 Η
388 1452 409 1486 9
429 1460 499 1485 tuin
526 1454 627 1486 etiam
652 1452 666 1498 Ι]
700 1454 741 1487 10
768 1455 1098 1488 concionatoriae—
1119 1456 1233 1498 agenti
1253 1472 1301 1478 —-
1318 1462 1499 1497 praemon-

61 1506 186 1533 strasse
202 1497 221 1545 Η
248 1499 289 1532 11
317 1505 349 1532 et
361 1498 482 1542 uariis]
508 1501 680 1541 uariisque
707 1498 721 1543 Η
754 1501 793 1533 12
808 1502 872 1533 ista
889 1499 903 1544 ῙῘ
934 1501 976 1534 13
1003 1497 1283 1544 deprimendum}
1323 1500 1367 1534 16
1379 1499 1499 1532 habuit

61 1546 119 1579 ille
134 1564 181 1569 -——
199 1552 277 1589 post
297 1547 412 1589 ipsum
435 1546 564 1578 occulte
580 1543 596 1590 ΙΙ
626 1547 666 1579 17
690 1545 970 1589 *problematum
992 1545 1013 1593 Η
1039 1547 1083 1581 19
1108 1544 1361 1589 κινδυνευειν]
1389 1545 1499 1578 πολε-

61 1593 145 1634 μεῖν
170 1590 185 1636 Η
215 1592 280 1624 XII
306 1593 366 1624 illa
390 1603 449 1625 om.
473 1611 519 1615 —
541 1592 625 1634 eius]
656 1593 686 1625 ei
721 1593 738 1634 Η
774 1594 789 1625 1
806 1593 846 1625 de
869 1593 1000 1626 Vestali
1032 1595 1167 1637 uirgine
1191 1590 1208 1638 l}
1235 1591 1257 1626 3
1279 1592 1445 1626 diminuta
1467 1589 1484 1636 ΙΙ

65 1640 85 1672 5
109 1639 323 1671 diuersantur
338 1636 358 1684 H
373 1638 394 1672 6
419 1645 495 1671 ante
511 1640 754 1682 septemnirum
774 1639 917 1680 praebet
936 1641 993 1681 qui
1010 1637 1025 1684 Η
1042 1640 1064 1673 9
1085 1640 1254 1681 posterius
1269 1644 1320 1672 est
1341 1648 1402 1671 om.
1419 1635 1436 1682 11
1456 1639 1499 1672 12

62 1683 154 1717 *om.
180 1685 260 1717 illae
277 1682 292 1729 Η
324 1685 368 1717 14
393 1686 485 1727 capit
507 1703 552 1708 —
577 1695 617 1717 ea
640 1687 782 1728 uestigia
807 1687 1033 1728 antiquitatis,
1067 1696 1153 1728 qnae
1175 1686 1343 1718 aduersus
1369 1685 1498 1718 testium

57 1732 155 1773 fidem
174 1737 208 1763 et
228 1733 260 1763 z'n
279 1731 366 1764 lianc
381 1738 414 1764 et
433 1733 465 1763 z'n
484 1733 573 1764 alias
585 1732 750 1772 formulas
773 1734 946 1765 sollemnes
967 1732 1009 1765 ab
1030 1732 1213 1766 editoribus
1226 1733 1367 1764 inmissa
1386 1736 1497 1769 erant,

68 1778 207 1816 detersi,
235 1778 338 1810 ueluti
358 1777 390 1813 Iz.
414 1780 437 1812 l.
463 1779 538 1810 ious
560 1796 606 1800 -—
627 1778 754 1820 popolo
776 1796 822 1800 —
847 1780 976 1811 utei—
991 1783 1130 1821 optuma
1150 1796 1197 1801 ——
1218 1777 1305 1810 fouit
1324 1794 1371 1800 -
1392 1786 1498 1818 prae-

61 1830 156 1856 terea
180 1822 358 1861 Quiritium
376 1821 391 1868 {l
420 1824 461 1856 17
484 1822 555 1856 *ob
583 1834 657 1856 eam
678 1834 748 1856 rem
775 1834 938 1867 augurem
952 1822 972 1868 VJ
1001 1824 1043 1858 19
1067 1834 1188 1857 nomen
1203 1820 1221 1869 ΙΙ
1247 1823 1330 1856 XIII
1352 1822 1373 1856 3
1392 1832 1498 1866 nego-

62 1871 145 1902 tium
169 1870 204 1902 id
227 1888 274 1892 —
299 1870 423 1911 aliquis
443 1888 490 1892 —
508 1871 731 1913 imparentiae
756 1867 771 1914 Η
808 1870 830 1903 6
851 1869 1039 1903 *adessent
1063 1869 1078 1915 Η
1114 1869 1136 1903 9
1162 1880 1201 1902 ac
1225 1869 1378 1902 inlustris
1404 1866 1420 1913 ΙΙ
1453 1868 1494 1902 11

63 1917 302 1948 circumsidere
322 1935 368 1939 —
393 1916 523 1949 Leucas
550 1916 714 1959 oppidum
738 1934 784 1938 —
819 1917 862 1949 ad
893 1918 1092 1959 magistrum
1125 1915 1386 1949 architectonem
1417 1914 1498 1948 Ela-

61 1963 206 1994 tensium
223 1960 238 2006 Η
269 1963 312 1995 12
337 1963 422 1994 Tum
442 1964 605 2006 magister
625 1962 830 1994 architecton
891 1962 989 1994 XIIII
1013 1963 1029 1995 1
1052 1973 1112 2005 pro
1138 1961 1372 2005 magnitudine
1387 1957 1410 2005 Π
1431 1960 1498 1993 XV

64 2008 80 2040 1
104 2006 282 2040 *humidis
299 2006 315 2053 ΙΙ
342 2009 365 2041 4
390 2003 437 2050 δὴ
466 2003 555 2051 ρ’-
573 2006 633 2040 ἵει.
662 2003 818 2050 ΙΤέκνον
859 2002 944 2050 μὸν,
973 2007 1088 2041 ποῖόν
1115 2006 1186 2052 σεΗ
1214 2007 1236 2041 8
1257 2006 1497 2040 huiuscemodi

74 2051 93 2097 Η
120 2052 141 2087 9
164 2054 297 2087 Coelius
320 2055 397 2087 trib.
423 2055 514 2097 pleb.
540 2073 586 2078 —
611 2056 658 2087 ita
680 2060 729 2087 cst
753 2055 895 2097 cupidus
921 2056 1094 2094 orationis,
1118 2060 1153 2086 ut
1179 2054 1344 2087 conducat
1363 2070 1411 2077 —
1434 2050 1497 2085 *ei

61 2102 201 2133 inseruit
223 2107 300 2133 ante
326 2112 362 2134 se
378 2098 394 2145 Η
434 2102 476 2134 10
498 2101 612 2133 Coelio
634 2101 725 2133 Trib.
742 2101 832 2143 pleb.
853 2098 868 2145 {l
906 2101 945 2132 11
972 2103 1069 2141 prius
1092 2107 1123 2133 et
1137 2110 1197 2135 om.
1212 2118 1259 2123 -
1275 2099 1376 2132 modo
1390 2098 1498 2131 uerba

63 2146 155 2179 illius
181 2165 202 2169 -
231 2153 309 2180 ante
335 2141 477 2179 ἐκολώα
499 2146 583 2190 (sie)
604 2148 685 2179 add.
711 2141 946 2188 αμετροεπής
971 2144 985 2190 Η
1025 2148 1067 2181 15
1092 2139 1168 2187 τόγ’
1201 2138 1279 2178 ἐσσὶ
1312 2155 1372 2178 om.
1399 2141 1415 2188 ΙΙ
1453 2143 1496 2176 16

63 2192 126 2230 Qui
150 2211 196 2216 —-
217 2195 326 2236 potuit
351 2195 446 2225 unius
470 2203 588 2226 uersus
612 2195 722 2234 speeie
743 2194 881 2234 scripsit
895 2190 910 2235 l}
940 2192 983 2225 20
1011 2193 1198 2236 lingulacas
1216 2189 1231 2236 Η
1257 2191 1339 2223 XVI
1358 2190 1496 2223 lieentia

77 2236 92 2282 ΙΙ
120 2240 141 2271 2
164 2239 218 2271 Ad
241 2246 372 2282 portam
397 2237 502 2278 mille,
530 2249 549 2270 a
574 2246 671 2281 poma
701 2245 749 2270 est
774 2249 834 2271 sex
856 2239 935 2270 inde
952 2236 967 2282 ll
1003 2238 1023 2272 3
1047 2237 1299 2271 octauodecimo
1325 2233 1340 2280 ΙΙ
1368 2237 1392 2268 4
1415 2240 1496 2278 pas-

62 2294 160 2316 suum
178 2283 193 2328 ss
221 2285 242 2318 6
261 2287 430 2326 posterius
454 2286 486 2316 in
510 2295 570 2317 om.
591 2282 606 2328 Η
636 2285 678 2317 10
704 2291 838 2327 praeter
864 2285 953 2325 quod
971 2282 986 2328 {1
1016 2285 1105 2318 llu.
1132 2283 1165 2317 3.
1186 2293 1246 2318 om.
1261 2283 1295 2314 in
1310 2279 1328 2326 ΙΙ
1359 2281 1401 2315 12
1426 2281 1495 2314 alio
