<?xml version="1.0" encoding="UTF-8"?>
<!DOCTYPE html PUBLIC "-//W3C//DTD XHTML 1.0 Transitional//EN"
    "http://www.w3.org/TR/xhtml1/DTD/xhtml1-transitional.dtd">
<html xmlns="http://www.w3.org/1999/xhtml" xml:lang="en" lang="en">
 <head>
  <title>
</title>
<meta http-equiv="Content-Type" content="text/html;charset=utf-8" />
  <meta name='ocr-system' content='tesseract 3.04.00' />
  <meta name='ocr-capabilities' content='ocr_page ocr_carea ocr_par ocr_line ocrx_word'/>
</head>
<body>
  <div class='ocr_page' id='page_1' title='image "./agelliinoctivmat00gelluoft_0464.png"; bbox 0 0 1619 2476; ppageno 0'>
   <div class='ocr_carea' id='block_1_1' title="bbox 165 5 1006 73">
    <p class='ocr_par' dir='ltr' id='par_1_1' title="bbox 165 5 1006 73">
     <span class='ocr_line' id='line_1_1' title="bbox 165 5 1006 73; baseline -0.008 0"><span class='ocrx_word' id='word_1_1' title='bbox 165 30 246 73; x_wconf 78' lang='lat'>178</span> <span class='ocrx_word' id='word_1_2' title='bbox 671 5 675 12; x_wconf 62' lang='grc'><em>’</em></span> <span class='ocrx_word' id='word_1_3' title='bbox 739 29 864 68; x_wconf 49' lang='lat' dir='ltr'>nvn</span> <span class='ocrx_word' id='word_1_4' title='bbox 888 40 926 67; x_wconf 87' lang='lat' dir='ltr'><strong>v</strong></span> <span class='ocrx_word' id='word_1_5' title='bbox 949 39 1006 66; x_wconf 64' lang='grc' dir='ltr'>ιη.</span> 
     </span>
    </p>
   </div>
   <div class='ocr_carea' id='block_1_2' title="bbox 105 137 1560 359">
    <p class='ocr_par' dir='ltr' id='par_1_2' title="bbox 105 137 1560 359">
     <span class='ocr_line' id='line_1_2' title="bbox 105 137 1560 194; baseline -0.004 -9"><span class='ocrx_word' id='word_1_6' title='bbox 105 149 151 185; x_wconf 82' lang='lat'>14</span> <span class='ocrx_word' id='word_1_7' title='bbox 161 155 246 184; x_wconf 91' lang='lat' dir='ltr'>non</span> <span class='ocrx_word' id='word_1_8' title='bbox 262 155 337 194; x_wconf 91' lang='lat' dir='ltr'>per</span> <span class='ocrx_word' id='word_1_9' title='bbox 352 143 485 192; x_wconf 81' lang='lat' dir='ltr'>ipsam</span> <span class='ocrx_word' id='word_1_10' title='bbox 501 145 729 189; x_wconf 80' lang='lat' dir='ltr'>perpetuae</span> <span class='ocrx_word' id='word_1_11' title='bbox 755 137 1016 188; x_wconf 81' lang='lat' dir='ltr'>benignitatis</span> <span class='ocrx_word' id='word_1_12' title='bbox 1036 138 1323 178; x_wconf 82' lang='lat' dir='ltr'>constantiam.</span> <span class='ocrx_word' id='word_1_13' title='bbox 1361 139 1445 178; x_wconf 90' lang='lat' dir='ltr'>Sed</span> <span class='ocrx_word' id='word_1_14' title='bbox 1467 150 1560 179; x_wconf 89' lang='lat' dir='ltr'>cum</span> 
     </span>
     <span class='ocr_line' id='line_1_3' title="bbox 163 188 1560 244; baseline -0.004 -5"><span class='ocrx_word' id='word_1_15' title='bbox 163 199 394 239; x_wconf 77' lang='lat' dir='ltr'>‘beneficos</span> <span class='ocrx_word' id='word_1_16' title='bbox 427 198 718 244; x_wconf 82' lang='lat' dir='ltr'>libe1alesque’</span> <span class='ocrx_word' id='word_1_17' title='bbox 749 194 896 234; x_wconf 86' lang='lat' dir='ltr'>dixerit</span> <span class='ocrx_word' id='word_1_18' title='bbox 929 205 1065 243; x_wconf 84' lang='lat' dir='ltr'>neque</span> <span class='ocrx_word' id='word_1_19' title='bbox 1095 193 1199 234; x_wconf 85' lang='lat' dir='ltr'>alius</span> <span class='ocrx_word' id='word_1_20' title='bbox 1225 188 1342 234; x_wconf 85' lang='lat' dir='ltr'>modi·</span> <span class='ocrx_word' id='word_1_21' title='bbox 1366 194 1434 234; x_wconf 90' lang='lat' dir='ltr'>isti</span> <span class='ocrx_word' id='word_1_22' title='bbox 1464 194 1560 242; x_wconf 89' lang='lat' dir='ltr'>sint,</span> 
     </span>
     <span class='ocr_line' id='line_1_4' title="bbox 164 249 1559 305; baseline -0.004 -12"><span class='ocrx_word' id='word_1_23' title='bbox 164 266 287 305; x_wconf 87' lang='lat' dir='ltr'>quam</span> <span class='ocrx_word' id='word_1_24' title='bbox 322 254 438 292; x_wconf 87' lang='lat' dir='ltr'>cuius</span> <span class='ocrx_word' id='word_1_25' title='bbox 462 263 557 291; x_wconf 88' lang='lat' dir='ltr'>esse</span> <span class='ocrx_word' id='word_1_26' title='bbox 589 263 664 290; x_wconf 91' lang='lat' dir='ltr'>eos</span> <span class='ocrx_word' id='word_1_27' title='bbox 696 262 822 301; x_wconf 92' lang='lat' dir='ltr'>supra</span> <span class='ocrx_word' id='word_1_28' title='bbox 850 249 1047 297; x_wconf 85' lang='lat' dir='ltr'>diximus,</span> <span class='ocrx_word' id='word_1_29' title='bbox 1079 249 1266 298; x_wconf 73' lang='lat' dir='ltr'>‘inlotis’,</span> <span class='ocrx_word' id='word_1_30' title='bbox 1296 251 1409 300; x_wconf 91' lang='lat' dir='ltr'>quod</span> <span class='ocrx_word' id='word_1_31' title='bbox 1433 249 1559 298; x_wconf 81' lang='lat' dir='ltr'>aiunt,</span> 
     </span>
     <span class='ocr_line' id='line_1_5' title="bbox 162 305 1504 359; baseline -0.002 -11"><span class='ocrx_word' id='word_1_32' title='bbox 162 309 362 359; x_wconf 77' lang='lat' dir='ltr'>‘pedibus</span> <span class='ocrx_word' id='word_1_33' title='bbox 376 311 389 329; x_wconf 80' lang='lat'><strong><em>³</em></strong></span> <span class='ocrx_word' id='word_1_34' title='bbox 413 313 453 347; x_wconf 88' lang='lat' dir='ltr'>et</span> <span class='ocrx_word' id='word_1_35' title='bbox 477 307 616 347; x_wconf 88' lang='lat' dir='ltr'>uerbis</span> <span class='ocrx_word' id='word_1_36' title='bbox 638 305 906 356; x_wconf 86' lang='lat' dir='ltr'>reprehendit</span> <span class='ocrx_word' id='word_1_37' title='bbox 927 305 1156 345; x_wconf 83' lang='lat' dir='ltr'>doctissimi</span> <span class='ocrx_word' id='word_1_38' title='bbox 1167 317 1243 344; x_wconf 81' lang='lat' dir='ltr'>uiri</span> <span class='ocrx_word' id='word_1_39' title='bbox 1262 306 1504 346; x_wconf 85' lang='lat' dir='ltr'>orationem.</span> 
     </span>
    </p>
   </div>
   <div class='ocr_carea' id='block_1_3' title="bbox 824 417 892 457">
    <p class='ocr_par' dir='ltr' id='par_1_3' title="bbox 824 417 892 457">
     <span class='ocr_line' id='line_1_6' title="bbox 824 417 892 457; baseline -0.029 0"><span class='ocrx_word' id='word_1_40' title='bbox 824 417 892 457; x_wconf 90' lang='lat' dir='ltr'>VI.</span> 
     </span>
    </p>
   </div>
   <div class='ocr_carea' id='block_1_4' title="bbox 160 487 1560 603">
    <p class='ocr_par' dir='ltr' id='par_1_4' title="bbox 160 487 1560 603">
     <span class='ocr_line' id='line_1_7' title="bbox 160 487 1560 547; baseline -0.001 -9"><span class='ocrx_word' id='word_1_41' title='bbox 160 504 312 539; x_wconf 85' lang='lat' dir='ltr'>Falsum</span> <span class='ocrx_word' id='word_1_42' title='bbox 338 513 447 545; x_wconf 70' lang='lat' dir='ltr'>esse,</span> <span class='ocrx_word' id='word_1_43' title='bbox 472 501 572 547; x_wconf 88' lang='lat' dir='ltr'>quod</span> <span class='ocrx_word' id='word_1_44' title='bbox 588 487 744 535; x_wconf 79' lang='lat' dir='ltr'>Verrius</span> <span class='ocrx_word' id='word_1_45' title='bbox 760 500 919 535; x_wconf 74' lang='lat' dir='ltr'>Flaccus</span> <span class='ocrx_word' id='word_1_46' title='bbox 941 500 978 534; x_wconf 91' lang='lat' dir='ltr'>in</span> <span class='ocrx_word' id='word_1_47' title='bbox 995 499 1087 534; x_wconf 89' lang='lat' dir='ltr'>libro</span> <span class='ocrx_word' id='word_1_48' title='bbox 1107 499 1150 534; x_wconf 95' lang='grc' dir='ltr'>ΙΙ.</span> <span class='ocrx_word' id='word_1_49' title='bbox 1165 527 1173 543; x_wconf 89' lang='grc'><strong><em>,</em></strong></span> <span class='ocrx_word' id='word_1_50' title='bbox 1196 510 1290 545; x_wconf 92' lang='lat' dir='ltr'>quos</span> <span class='ocrx_word' id='word_1_51' title='bbox 1316 498 1364 535; x_wconf 90' lang='lat' dir='ltr'>de</span> <span class='ocrx_word' id='word_1_52' title='bbox 1387 501 1560 537; x_wconf 86' lang='lat' dir='ltr'>obscuris</span> 
     </span>
     <span class='ocr_line' id='line_1_8' title="bbox 224 555 1502 603; baseline -0.002 -9"><span class='ocrx_word' id='word_1_53' title='bbox 224 560 274 594; x_wconf 81' lang='lat' dir='ltr'>M.</span> <span class='ocrx_word' id='word_1_54' title='bbox 294 558 445 594; x_wconf 83' lang='lat' dir='ltr'>Catonis</span> <span class='ocrx_word' id='word_1_55' title='bbox 468 557 690 603; x_wconf 85' lang='lat' dir='ltr'>composuit,</span> <span class='ocrx_word' id='word_1_56' title='bbox 718 556 763 591; x_wconf 90' lang='lat' dir='ltr'>de</span> <span class='ocrx_word' id='word_1_57' title='bbox 784 566 894 590; x_wconf 86' lang='lat' dir='ltr'>seruo</span> <span class='ocrx_word' id='word_1_58' title='bbox 912 556 1114 602; x_wconf 81' lang='lat' dir='ltr'>recepticio</span> <span class='ocrx_word' id='word_1_59' title='bbox 1141 555 1319 601; x_wconf 88' lang='lat' dir='ltr'>scriptum</span> <span class='ocrx_word' id='word_1_60' title='bbox 1340 556 1502 602; x_wconf 90' lang='lat' dir='ltr'>reliquit.</span> 
     </span>
    </p>
   </div>
   <div class='ocr_carea' id='block_1_5' title="bbox 124 641 1559 1020">
    <p class='ocr_par' dir='ltr' id='par_1_5' title="bbox 124 641 1559 1020">
     <span class='ocr_line' id='line_1_9' title="bbox 124 641 1559 691; baseline 0.001 -10"><span class='ocrx_word' id='word_1_61' title='bbox 124 649 144 681; x_wconf 90' lang='lat'>1</span> <span class='ocrx_word' id='word_1_62' title='bbox 240 646 294 684; x_wconf 89' lang='grc' dir='ltr'>Μ.</span> <span class='ocrx_word' id='word_1_63' title='bbox 323 646 443 684; x_wconf 85' lang='lat' dir='ltr'>Cato</span> <span class='ocrx_word' id='word_1_64' title='bbox 479 643 763 683; x_wconf 81' lang='lat' dir='ltr'>Voconiam</span> <span class='ocrx_word' id='word_1_65' title='bbox 796 644 960 691; x_wconf 83' lang='lat' dir='ltr'>legem</span> <span class='ocrx_word' id='word_1_66' title='bbox 999 641 1228 681; x_wconf 82' lang='lat' dir='ltr'>suadens</span> <span class='ocrx_word' id='word_1_67' title='bbox 1267 642 1408 681; x_wconf 88' lang='lat' dir='ltr'>uerbis</span> <span class='ocrx_word' id='word_1_68' title='bbox 1445 642 1559 683; x_wconf 87' lang='lat' dir='ltr'>hisce</span> 
     </span>
     <span class='ocr_line' id='line_1_10' title="bbox 158 698 1558 748; baseline -0.002 -7"><span class='ocrx_word' id='word_1_69' title='bbox 158 713 261 741; x_wconf 88' lang='lat' dir='ltr'>usus</span> <span class='ocrx_word' id='word_1_70' title='bbox 280 705 362 739; x_wconf 86' lang='lat' dir='ltr'>est:</span> <span class='ocrx_word' id='word_1_71' title='bbox 399 699 667 748; x_wconf 88' lang='lat' dir='ltr'>Principio</span> <span class='ocrx_word' id='word_1_72' title='bbox 706 698 860 737; x_wconf 89' lang='lat' dir='ltr'>uobis</span> <span class='ocrx_word' id='word_1_73' title='bbox 898 698 1080 736; x_wconf 86' lang='lat' dir='ltr'>mulier</span> <span class='ocrx_word' id='word_1_74' title='bbox 1127 709 1353 747; x_wconf 82' lang='lat' dir='ltr'>magnam</span> <span class='ocrx_word' id='word_1_75' title='bbox 1389 699 1558 738; x_wconf 88' lang='lat' dir='ltr'>dotem</span> 
     </span>
     <span class='ocr_line' id='line_1_11' title="bbox 159 753 1559 804; baseline -0.001 -8"><span class='ocrx_word' id='word_1_76' title='bbox 159 756 375 803; x_wconf 82' lang='lat' dir='ltr'>adtulit,</span> <span class='ocrx_word' id='word_1_77' title='bbox 422 761 522 795; x_wconf 88' lang='lat' dir='ltr'>tum</span> <span class='ocrx_word' id='word_1_78' title='bbox 571 766 799 804; x_wconf 80' lang='lat' dir='ltr'>magnam</span> <span class='ocrx_word' id='word_1_79' title='bbox 848 754 1116 803; x_wconf 82' lang='lat' dir='ltr'>pecuniam</span> <span class='ocrx_word' id='word_1_80' title='bbox 1153 753 1372 804; x_wconf 84' lang='lat' dir='ltr'>recipit,</span> <span class='ocrx_word' id='word_1_81' title='bbox 1411 766 1559 803; x_wconf 89' lang='lat' dir='ltr'>quam</span> 
     </span>
     <span class='ocr_line' id='line_1_12' title="bbox 157 810 1558 861; baseline -0.001 -9"><span class='ocrx_word' id='word_1_82' title='bbox 157 814 207 853; x_wconf 89' lang='lat' dir='ltr'>in</span> <span class='ocrx_word' id='word_1_83' title='bbox 254 812 353 851; x_wconf 85' lang='lat' dir='ltr'>uiri</span> <span class='ocrx_word' id='word_1_84' title='bbox 396 816 720 861; x_wconf 87' lang='lat' dir='ltr'>potestatem</span> <span class='ocrx_word' id='word_1_85' title='bbox 761 822 860 850; x_wconf 90' lang='lat' dir='ltr'>non</span> <span class='ocrx_word' id='word_1_86' title='bbox 907 810 1207 856; x_wconf 85' lang='lat' dir='ltr'>conmittat;</span> <span class='ocrx_word' id='word_1_87' title='bbox 1254 821 1365 849; x_wconf 86' lang='lat' dir='ltr'>eam</span> <span class='ocrx_word' id='word_1_88' title='bbox 1399 822 1558 860; x_wconf 92' lang='lat' dir='ltr'>pecu-</span> 
     </span>
     <span class='ocr_line' id='line_1_13' title="bbox 159 865 1558 916; baseline -0.001 -9"><span class='ocrx_word' id='word_1_89' title='bbox 159 870 293 908; x_wconf 80' lang='lat' dir='ltr'>niam</span> <span class='ocrx_word' id='word_1_90' title='bbox 337 869 448 907; x_wconf 89' lang='lat' dir='ltr'>uiro</span> <span class='ocrx_word' id='word_1_91' title='bbox 485 872 709 906; x_wconf 86' lang='lat' dir='ltr'>mutuam</span> <span class='ocrx_word' id='word_1_92' title='bbox 747 867 848 913; x_wconf 83' lang='lat' dir='ltr'>dat,</span> <span class='ocrx_word' id='word_1_93' title='bbox 891 871 1092 916; x_wconf 86' lang='lat' dir='ltr'>postea,</span> <span class='ocrx_word' id='word_1_94' title='bbox 1135 865 1220 905; x_wconf 87' lang='lat' dir='ltr'>ubi</span> <span class='ocrx_word' id='word_1_95' title='bbox 1250 865 1386 906; x_wconf 80' lang='lat' dir='ltr'>irata</span> <span class='ocrx_word' id='word_1_96' title='bbox 1421 867 1558 906; x_wconf 84' lang='lat' dir='ltr'>facta</span> 
     </span>
     <span class='ocr_line' id='line_1_14' title="bbox 161 922 1557 972; baseline -0.001 -8"><span class='ocrx_word' id='word_1_97' title='bbox 161 931 264 972; x_wconf 90' lang='lat' dir='ltr'>est,</span> <span class='ocrx_word' id='word_1_98' title='bbox 323 935 531 964; x_wconf 85' lang='lat' dir='ltr'>seruum</span> <span class='ocrx_word' id='word_1_99' title='bbox 580 922 932 972; x_wconf 83' lang='lat' dir='ltr'>recepticium</span> <span class='ocrx_word' id='word_1_100' title='bbox 978 922 1179 961; x_wconf 83' lang='lat' dir='ltr'>sectari</span> <span class='ocrx_word' id='word_1_101' title='bbox 1215 926 1367 972; x_wconf 89' lang='lat' dir='ltr'>atque</span> <span class='ocrx_word' id='word_1_102' title='bbox 1409 923 1557 972; x_wconf 76' lang='lat' dir='ltr'>flagi-</span> 
     </span>
     <span class='ocr_line' id='line_1_15' title="bbox 158 979 656 1020; baseline -0.004 -1"><span class='ocrx_word' id='word_1_103' title='bbox 158 987 269 1020; x_wconf 80' lang='lat' dir='ltr'>tare</span> <span class='ocrx_word' id='word_1_104' title='bbox 308 979 470 1018; x_wconf 90' lang='lat' dir='ltr'>uirum</span> <span class='ocrx_word' id='word_1_105' title='bbox 502 979 656 1017; x_wconf 86' lang='lat' dir='ltr'>iubet.</span> 
     </span>
    </p>
   </div>
   <div class='ocr_carea' id='block_1_6' title="bbox 120 1043 1558 1664">
    <p class='ocr_par' dir='ltr' id='par_1_6' title="bbox 120 1043 1558 1318">
     <span class='ocr_line' id='line_1_16' title="bbox 120 1043 1558 1095; baseline -0.001 -9"><span class='ocrx_word' id='word_1_106' title='bbox 120 1052 142 1086; x_wconf 80' lang='lat'><strong>2</strong></span> <span class='ocrx_word' id='word_1_107' title='bbox 244 1047 537 1095; x_wconf 82' lang='lat' dir='ltr'>Quaerebatur‚</span> <span class='ocrx_word' id='word_1_108' title='bbox 571 1050 736 1084; x_wconf 68' lang='lat' dir='ltr'>&lt;seruus</span> <span class='ocrx_word' id='word_1_109' title='bbox 761 1043 1024 1093; x_wconf 89' lang='lat' dir='ltr'>recepticius&#39;</span> <span class='ocrx_word' id='word_1_110' title='bbox 1053 1044 1150 1092; x_wconf 86' lang='lat' dir='ltr'>quid</span> <span class='ocrx_word' id='word_1_111' title='bbox 1172 1049 1298 1083; x_wconf 87' lang='lat' dir='ltr'>esset.</span> <span class='ocrx_word' id='word_1_112' title='bbox 1345 1043 1454 1083; x_wconf 84' lang='lat' dir='ltr'>Libri</span> <span class='ocrx_word' id='word_1_113' title='bbox 1477 1050 1558 1084; x_wconf 84' lang='lat' dir='ltr'>sta-</span> 
     </span>
     <span class='ocr_line' id='line_1_17' title="bbox 158 1100 1556 1152; baseline -0.001 -12"><span class='ocrx_word' id='word_1_114' title='bbox 158 1103 228 1141; x_wconf 85' lang='lat' dir='ltr'>tim</span> <span class='ocrx_word' id='word_1_115' title='bbox 258 1101 433 1152; x_wconf 79' lang='lat' dir='ltr'>quaesiti</span> <span class='ocrx_word' id='word_1_116' title='bbox 460 1101 650 1150; x_wconf 82' lang='lat' dir='ltr'>allatique</span> <span class='ocrx_word' id='word_1_117' title='bbox 677 1106 772 1139; x_wconf 89' lang='lat' dir='ltr'>sunt</span> <span class='ocrx_word' id='word_1_118' title='bbox 802 1100 984 1138; x_wconf 88' lang='lat' dir='ltr'>Verrii</span> <span class='ocrx_word' id='word_1_119' title='bbox 1016 1100 1191 1139; x_wconf 80' lang='lat' dir='ltr'>Flacci</span> <span class='ocrx_word' id='word_1_120' title='bbox 1220 1101 1281 1138; x_wconf 93' lang='lat' dir='ltr'>de</span> <span class='ocrx_word' id='word_1_121' title='bbox 1313 1100 1556 1140; x_wconf 83' lang='lat' dir='ltr'>obscuris</span> 
     </span>
     <span class='ocr_line' id='line_1_18' title="bbox 160 1156 1556 1206; baseline -0.001 -9"><span class='ocrx_word' id='word_1_122' title='bbox 160 1158 385 1198; x_wconf 87' lang='lat' dir='ltr'>Catonis.</span> <span class='ocrx_word' id='word_1_123' title='bbox 448 1160 490 1196; x_wconf 90' lang='lat' dir='ltr'>ln</span> <span class='ocrx_word' id='word_1_124' title='bbox 522 1158 659 1196; x_wconf 68' lang='lat' dir='ltr'>lib1²o</span> <span class='ocrx_word' id='word_1_125' title='bbox 690 1157 925 1196; x_wconf 89' lang='lat' dir='ltr'>secundo</span> <span class='ocrx_word' id='word_1_126' title='bbox 952 1156 1149 1206; x_wconf 88' lang='lat' dir='ltr'>scriptum</span> <span class='ocrx_word' id='word_1_127' title='bbox 1177 1160 1217 1194; x_wconf 90' lang='lat' dir='ltr'>et</span> <span class='ocrx_word' id='word_1_128' title='bbox 1236 1156 1447 1196; x_wconf 87' lang='lat' dir='ltr'>inuentum</span> <span class='ocrx_word' id='word_1_129' title='bbox 1479 1161 1556 1205; x_wconf 78' lang='lat' dir='ltr'>est,</span> 
     </span>
     <span class='ocr_line' id='line_1_19' title="bbox 160 1211 1554 1263; baseline -0.001 -11"><span class='ocrx_word' id='word_1_130' title='bbox 160 1219 170 1236; x_wconf 68' lang='lat'><strong>²</strong></span> <span class='ocrx_word' id='word_1_131' title='bbox 186 1214 450 1263; x_wconf 73' lang='lat' dir='ltr'>receptiCium</span> <span class='ocrx_word' id='word_1_132' title='bbox 471 1216 663 1252; x_wconf 87' lang='lat' dir='ltr'>seruum&#39;</span> <span class='ocrx_word' id='word_1_133' title='bbox 684 1213 763 1251; x_wconf 88' lang='lat' dir='ltr'>dici</span> <span class='ocrx_word' id='word_1_134' title='bbox 789 1224 964 1261; x_wconf 81' lang='lat' dir='ltr'>nequam</span> <span class='ocrx_word' id='word_1_135' title='bbox 991 1217 1032 1251; x_wconf 90' lang='lat' dir='ltr'>et</span> <span class='ocrx_word' id='word_1_136' title='bbox 1049 1211 1147 1251; x_wconf 88' lang='lat' dir='ltr'>nulli</span> <span class='ocrx_word' id='word_1_137' title='bbox 1166 1211 1305 1261; x_wconf 86' lang='lat' dir='ltr'>pretii,</span> <span class='ocrx_word' id='word_1_138' title='bbox 1339 1212 1430 1261; x_wconf 88' lang='lat' dir='ltr'>qui,</span> <span class='ocrx_word' id='word_1_139' title='bbox 1462 1224 1554 1251; x_wconf 88' lang='lat' dir='ltr'>cum</span> 
     </span>
     <span class='ocr_line' id='line_1_20' title="bbox 159 1267 1556 1318; baseline -0.001 -10"><span class='ocrx_word' id='word_1_140' title='bbox 159 1282 311 1309; x_wconf 87' lang='lat' dir='ltr'>uenum</span> <span class='ocrx_word' id='word_1_141' title='bbox 327 1275 441 1310; x_wconf 88' lang='lat' dir='ltr'>esset</span> <span class='ocrx_word' id='word_1_142' title='bbox 458 1271 591 1316; x_wconf 78' lang='lat' dir='ltr'>datus,</span> <span class='ocrx_word' id='word_1_143' title='bbox 611 1269 838 1308; x_wconf 74' lang='lat' dir='ltr'>redhibitus</span> <span class='ocrx_word' id='word_1_144' title='bbox 859 1269 911 1307; x_wconf 89' lang='lat' dir='ltr'>ob</span> <span class='ocrx_word' id='word_1_145' title='bbox 934 1268 1102 1316; x_wconf 80' lang='lat' dir='ltr'>aliquod</span> <span class='ocrx_word' id='word_1_146' title='bbox 1120 1267 1259 1306; x_wconf 90' lang='lat' dir='ltr'>uitium</span> <span class='ocrx_word' id='word_1_147' title='bbox 1276 1272 1556 1318; x_wconf 84' lang='lat' dir='ltr'>receptusque</span> 
     </span>
    </p>

    <p class='ocr_par' dir='ltr' id='par_1_7' title="bbox 121 1323 1557 1596">
     <span class='ocr_line' id='line_1_21' title="bbox 121 1323 1557 1375; baseline 0.001 -14"><span class='ocrx_word' id='word_1_148' title='bbox 121 1326 224 1363; x_wconf 81' lang='lat' dir='ltr'>3sit.</span> <span class='ocrx_word' id='word_1_149' title='bbox 284 1326 588 1375; x_wconf 77' lang='lat' dir='ltr'>Propterea,</span> <span class='ocrx_word' id='word_1_150' title='bbox 632 1325 781 1373; x_wconf 85' lang='lat' dir='ltr'>inquit,</span> <span class='ocrx_word' id='word_1_151' title='bbox 822 1334 1013 1362; x_wconf 89' lang='lat' dir='ltr'>seruus</span> <span class='ocrx_word' id='word_1_152' title='bbox 1055 1323 1319 1362; x_wconf 88' lang='lat' dir='ltr'>eiusmodi</span> <span class='ocrx_word' id='word_1_153' title='bbox 1354 1324 1557 1363; x_wconf 81' lang='lat' dir='ltr'>sectari</span> 
     </span>
     <span class='ocr_line' id='line_1_22' title="bbox 158 1378 1554 1428; baseline 0 -9"><span class='ocrx_word' id='word_1_154' title='bbox 158 1381 394 1426; x_wconf 84' lang='lat' dir='ltr'>maritum</span> <span class='ocrx_word' id='word_1_155' title='bbox 426 1387 472 1419; x_wconf 91' lang='lat' dir='ltr'>et</span> <span class='ocrx_word' id='word_1_156' title='bbox 500 1379 742 1428; x_wconf 78' lang='lat' dir='ltr'>flagitare</span> <span class='ocrx_word' id='word_1_157' title='bbox 774 1378 1051 1428; x_wconf 84' lang='lat' dir='ltr'>pecuniam</span> <span class='ocrx_word' id='word_1_158' title='bbox 1076 1378 1380 1426; x_wconf 84' lang='lat' dir='ltr'>iubebatur,</span> <span class='ocrx_word' id='word_1_159' title='bbox 1411 1385 1464 1419; x_wconf 88' lang='lat' dir='ltr'>ut</span> <span class='ocrx_word' id='word_1_160' title='bbox 1495 1391 1554 1419; x_wconf 88' lang='lat' dir='ltr'>eo</span> 
     </span>
     <span class='ocr_line' id='line_1_23' title="bbox 156 1434 1555 1486; baseline -0.001 -11"><span class='ocrx_word' id='word_1_161' title='bbox 156 1436 276 1486; x_wconf 90' lang='lat' dir='ltr'>ipso</span> <span class='ocrx_word' id='word_1_162' title='bbox 308 1437 459 1476; x_wconf 89' lang='lat' dir='ltr'>dolor</span> <span class='ocrx_word' id='word_1_163' title='bbox 485 1436 644 1474; x_wconf 82' lang='lat' dir='ltr'>maior</span> <span class='ocrx_word' id='word_1_164' title='bbox 667 1440 715 1474; x_wconf 86' lang='lat' dir='ltr'>et</span> <span class='ocrx_word' id='word_1_165' title='bbox 743 1434 1056 1474; x_wconf 81' lang='lat' dir='ltr'>contumelia</span> <span class='ocrx_word' id='word_1_166' title='bbox 1079 1434 1293 1482; x_wconf 61' lang='lat' dir='ltr'>grauior</span> <span class='ocrx_word' id='word_1_167' title='bbox 1321 1434 1435 1474; x_wconf 90' lang='lat' dir='ltr'>uiro</span> <span class='ocrx_word' id='word_1_168' title='bbox 1462 1435 1555 1474; x_wconf 85' lang='lat' dir='ltr'>fie-</span> 
     </span>
     <span class='ocr_line' id='line_1_24' title="bbox 157 1490 1555 1541; baseline -0.001 -10"><span class='ocrx_word' id='word_1_169' title='bbox 157 1497 253 1540; x_wconf 87' lang='lat' dir='ltr'>ret,</span> <span class='ocrx_word' id='word_1_170' title='bbox 288 1493 427 1541; x_wconf 86' lang='lat' dir='ltr'>quod</span> <span class='ocrx_word' id='word_1_171' title='bbox 461 1503 566 1531; x_wconf 88' lang='lat' dir='ltr'>eum</span> <span class='ocrx_word' id='word_1_172' title='bbox 605 1503 794 1530; x_wconf 91' lang='lat' dir='ltr'>seruus</span> <span class='ocrx_word' id='word_1_173' title='bbox 827 1490 976 1529; x_wconf 85' lang='lat' dir='ltr'>nihili</span> <span class='ocrx_word' id='word_1_174' title='bbox 1002 1491 1270 1539; x_wconf 84' lang='lat' dir='ltr'>petendae</span> <span class='ocrx_word' id='word_1_175' title='bbox 1298 1491 1555 1540; x_wconf 80' lang='lat' dir='ltr'>pecuniae</span> 
     </span>
     <span class='ocr_line' id='line_1_25' title="bbox 159 1549 700 1596; baseline -0.006 -8"><span class='ocrx_word' id='word_1_176' title='bbox 159 1559 320 1588; x_wconf 82' lang='lat' dir='ltr'>causa</span> <span class='ocrx_word' id='word_1_177' title='bbox 351 1549 700 1596; x_wconf 83' lang='lat' dir='ltr'>conpellaret.</span> 
     </span>
    </p>

    <p class='ocr_par' dir='ltr' id='par_1_8' title="bbox 120 1614 1553 1664">
     <span class='ocr_line' id='line_1_26' title="bbox 120 1614 1553 1664; baseline -0.001 -9"><span class='ocrx_word' id='word_1_178' title='bbox 120 1621 142 1654; x_wconf 84' lang='lat'>4</span> <span class='ocrx_word' id='word_1_179' title='bbox 246 1617 343 1655; x_wconf 90' lang='lat' dir='ltr'>Cum</span> <span class='ocrx_word' id='word_1_180' title='bbox 367 1626 470 1664; x_wconf 80' lang='lat' dir='ltr'>pace</span> <span class='ocrx_word' id='word_1_181' title='bbox 487 1619 623 1654; x_wconf 84' lang='lat' dir='ltr'>autem</span> <span class='ocrx_word' id='word_1_182' title='bbox 644 1626 821 1664; x_wconf 90' lang='lat' dir='ltr'>cumque</span> <span class='ocrx_word' id='word_1_183' title='bbox 837 1614 960 1654; x_wconf 78' lang='lat' dir='ltr'>uenia</span> <span class='ocrx_word' id='word_1_184' title='bbox 980 1614 1173 1662; x_wconf 89' lang='lat' dir='ltr'>istorum,</span> <span class='ocrx_word' id='word_1_185' title='bbox 1201 1615 1236 1654; x_wconf 94' lang='lat' dir='ltr'>si</span> <span class='ocrx_word' id='word_1_186' title='bbox 1259 1614 1327 1664; x_wconf 90' lang='lat' dir='ltr'>qui</span> <span class='ocrx_word' id='word_1_187' title='bbox 1344 1618 1451 1662; x_wconf 85' lang='lat' dir='ltr'>sunt,</span> <span class='ocrx_word' id='word_1_188' title='bbox 1483 1614 1553 1663; x_wconf 89' lang='lat' dir='ltr'>qui</span> 
     </span>
    </p>
   </div>
   <div class='ocr_carea' id='block_1_7' title="bbox 121 1669 1619 1778">
    <p class='ocr_par' dir='ltr' id='par_1_9' title="bbox 121 1669 1619 1778">
     <span class='ocr_line' id='line_1_27' title="bbox 121 1669 1619 1724; baseline -0.001 -13"><span class='ocrx_word' id='word_1_189' title='bbox 121 1678 141 1710; x_wconf 82' lang='lat'>5</span> <span class='ocrx_word' id='word_1_190' title='bbox 160 1671 332 1711; x_wconf 86' lang='lat' dir='ltr'>Verrii</span> <span class='ocrx_word' id='word_1_191' title='bbox 353 1672 527 1710; x_wconf 83' lang='lat' dir='ltr'>Flacci</span> <span class='ocrx_word' id='word_1_192' title='bbox 554 1670 796 1710; x_wconf 85' lang='lat' dir='ltr'>auctoritate</span> <span class='ocrx_word' id='word_1_193' title='bbox 815 1671 1051 1720; x_wconf 86' lang='lat' dir='ltr'>capiuntur,</span> <span class='ocrx_word' id='word_1_194' title='bbox 1084 1671 1236 1710; x_wconf 90' lang='lat' dir='ltr'>dictum</span> <span class='ocrx_word' id='word_1_195' title='bbox 1252 1671 1332 1710; x_wconf 92' lang='lat' dir='ltr'>hoc</span> <span class='ocrx_word' id='word_1_196' title='bbox 1355 1669 1419 1710; x_wconf 89' lang='lat' dir='ltr'>sit.</span> <span class='ocrx_word' id='word_1_197' title='bbox 1453 1671 1553 1709; x_wconf 70' lang='lat' dir='ltr'>‘Re-</span> <span class='ocrx_word' id='word_1_198' title='bbox 1617 1713 1619 1724; x_wconf 28' lang='grc' dir='ltr'><em>Α</em></span> 
     </span>
     <span class='ocr_line' id='line_1_28' title="bbox 160 1725 1619 1778; baseline -0.002 -11"><span class='ocrx_word' id='word_1_199' title='bbox 160 1728 385 1778; x_wconf 81' lang='lat' dir='ltr'>cepticius&#39;</span> <span class='ocrx_word' id='word_1_200' title='bbox 411 1726 518 1766; x_wconf 88' lang='lat' dir='ltr'>enim</span> <span class='ocrx_word' id='word_1_201' title='bbox 538 1730 550 1749; x_wconf 66' lang='lat'><strong>‘</strong></span> <span class='ocrx_word' id='word_1_202' title='bbox 566 1729 739 1766; x_wconf 89' lang='lat' dir='ltr'>seruus&#39;</span> <span class='ocrx_word' id='word_1_203' title='bbox 764 1727 803 1765; x_wconf 94' lang='lat' dir='ltr'>in</span> <span class='ocrx_word' id='word_1_204' title='bbox 829 1738 877 1765; x_wconf 79' lang='lat' dir='ltr'>ea</span> <span class='ocrx_word' id='word_1_205' title='bbox 902 1738 966 1774; x_wconf 90' lang='lat' dir='ltr'>re,</span> <span class='ocrx_word' id='word_1_206' title='bbox 1000 1738 1122 1776; x_wconf 79' lang='lat' dir='ltr'>quam</span> <span class='ocrx_word' id='word_1_207' title='bbox 1148 1727 1245 1766; x_wconf 89' lang='lat' dir='ltr'>dicit</span> <span class='ocrx_word' id='word_1_208' title='bbox 1263 1727 1409 1773; x_wconf 85' lang='lat' dir='ltr'>Cato,</span> <span class='ocrx_word' id='word_1_209' title='bbox 1442 1725 1552 1765; x_wconf 84' lang='lat' dir='ltr'>aliud</span> <span class='ocrx_word' id='word_1_210' title='bbox 1616 1730 1619 1774; x_wconf 66' lang='grc' dir='ltr'>ἶ</span> 
     </span>
    </p>
   </div>
   <div class='ocr_carea' id='block_1_8' title="bbox 159 1781 1619 1832">
    <p class='ocr_par' dir='ltr' id='par_1_10' title="bbox 159 1781 1619 1832">
     <span class='ocr_line' id='line_1_29' title="bbox 159 1781 1619 1832; baseline -0.002 -9"><span class='ocrx_word' id='word_1_211' title='bbox 159 1784 323 1823; x_wconf 89' lang='lat' dir='ltr'>omnino</span> <span class='ocrx_word' id='word_1_212' title='bbox 345 1790 418 1830; x_wconf 83' lang='lat' dir='ltr'>est,</span> <span class='ocrx_word' id='word_1_213' title='bbox 454 1794 574 1832; x_wconf 85' lang='lat' dir='ltr'>quam</span> <span class='ocrx_word' id='word_1_214' title='bbox 592 1784 662 1821; x_wconf 93' lang='lat' dir='ltr'>Ve</span> <span class='ocrx_word' id='word_1_215' title='bbox 678 1783 817 1822; x_wconf 89' lang='lat' dir='ltr'>rrius</span> <span class='ocrx_word' id='word_1_216' title='bbox 840 1781 1018 1832; x_wconf 83' lang='lat' dir='ltr'>scripsit.</span> <span class='ocrx_word' id='word_1_217' title='bbox 1061 1785 1200 1831; x_wconf 89' lang='lat' dir='ltr'>Atque</span> <span class='ocrx_word' id='word_1_218' title='bbox 1216 1783 1258 1821; x_wconf 92' lang='lat' dir='ltr'>id</span> <span class='ocrx_word' id='word_1_219' title='bbox 1279 1781 1410 1821; x_wconf 91' lang='lat' dir='ltr'>cuiuis</span> <span class='ocrx_word' id='word_1_220' title='bbox 1435 1782 1552 1821; x_wconf 85' lang='lat' dir='ltr'>facile</span> <span class='ocrx_word' id='word_1_221' title='bbox 1616 1816 1619 1825; x_wconf 88' lang='grc'>,</span> 
     </span>
    </p>
   </div>
   <div class='ocr_carea' id='block_1_9' title="bbox 119 1838 1553 2158">
    <p class='ocr_par' dir='ltr' id='par_1_11' title="bbox 119 1838 1553 2056">
     <span class='ocr_line' id='line_1_30' title="bbox 119 1838 1553 1888; baseline -0.001 -11"><span class='ocrx_word' id='word_1_222' title='bbox 119 1843 140 1876; x_wconf 87' lang='grc'>6</span> <span class='ocrx_word' id='word_1_223' title='bbox 158 1841 364 1879; x_wconf 89' lang='lat' dir='ltr'>intellectu</span> <span class='ocrx_word' id='word_1_224' title='bbox 383 1844 445 1878; x_wconf 89' lang='lat' dir='ltr'>est</span> <span class='ocrx_word' id='word_1_225' title='bbox 454 1853 463 1886; x_wconf 91' lang='lat'>;</span> <span class='ocrx_word' id='word_1_226' title='bbox 495 1851 562 1878; x_wconf 89' lang='lat' dir='ltr'>res</span> <span class='ocrx_word' id='word_1_227' title='bbox 586 1839 691 1877; x_wconf 86' lang='lat' dir='ltr'>enim</span> <span class='ocrx_word' id='word_1_228' title='bbox 714 1840 859 1888; x_wconf 88' lang='lat' dir='ltr'>procul</span> <span class='ocrx_word' id='word_1_229' title='bbox 882 1839 1006 1878; x_wconf 89' lang='lat' dir='ltr'>dubio</span> <span class='ocrx_word' id='word_1_230' title='bbox 1024 1838 1084 1878; x_wconf 89' lang='lat' dir='ltr'>sic</span> <span class='ocrx_word' id='word_1_231' title='bbox 1101 1843 1182 1877; x_wconf 89' lang='lat' dir='ltr'>est:</span> <span class='ocrx_word' id='word_1_232' title='bbox 1217 1838 1382 1887; x_wconf 88' lang='lat' dir='ltr'>quando</span> <span class='ocrx_word' id='word_1_233' title='bbox 1407 1838 1553 1877; x_wconf 89' lang='lat' dir='ltr'>mulier</span> 
     </span>
     <span class='ocr_line' id='line_1_31' title="bbox 159 1893 1552 1944; baseline -0.002 -9"><span class='ocrx_word' id='word_1_234' title='bbox 159 1897 297 1935; x_wconf 87' lang='lat' dir='ltr'>dotem</span> <span class='ocrx_word' id='word_1_235' title='bbox 314 1895 459 1935; x_wconf 86' lang='lat' dir='ltr'>marito</span> <span class='ocrx_word' id='word_1_236' title='bbox 482 1896 617 1942; x_wconf 85' lang='lat' dir='ltr'>dabat,</span> <span class='ocrx_word' id='word_1_237' title='bbox 644 1900 730 1934; x_wconf 87' lang='lat' dir='ltr'>tum</span> <span class='ocrx_word' id='word_1_238' title='bbox 749 1906 854 1944; x_wconf 85' lang='lat' dir='ltr'>quae</span> <span class='ocrx_word' id='word_1_239' title='bbox 876 1906 927 1934; x_wconf 89' lang='lat' dir='ltr'>ex</span> <span class='ocrx_word' id='word_1_240' title='bbox 949 1894 1034 1934; x_wconf 90' lang='lat' dir='ltr'>suis</span> <span class='ocrx_word' id='word_1_241' title='bbox 1051 1894 1171 1933; x_wconf 90' lang='lat' dir='ltr'>bonis</span> <span class='ocrx_word' id='word_1_242' title='bbox 1195 1893 1397 1933; x_wconf 82' lang='lat' dir='ltr'>retinebat</span> <span class='ocrx_word' id='word_1_243' title='bbox 1414 1904 1552 1943; x_wconf 86' lang='lat' dir='ltr'>neque</span> 
     </span>
     <span class='ocr_line' id='line_1_32' title="bbox 157 1948 1552 2000; baseline -0.001 -11"><span class='ocrx_word' id='word_1_244' title='bbox 157 1953 209 1990; x_wconf 79' lang='lat' dir='ltr'>ad</span> <span class='ocrx_word' id='word_1_245' title='bbox 243 1951 376 1991; x_wconf 88' lang='lat' dir='ltr'>uirum</span> <span class='ocrx_word' id='word_1_246' title='bbox 414 1951 686 1998; x_wconf 84' lang='lat' dir='ltr'>tramittebat,</span> <span class='ocrx_word' id='word_1_247' title='bbox 726 1962 774 1990; x_wconf 86' lang='lat' dir='ltr'>ea</span> <span class='ocrx_word' id='word_1_248' title='bbox 811 1950 1128 2000; x_wconf 73' lang='lat' dir='ltr'>&lt;reciper(ar)e&#39;</span> <span class='ocrx_word' id='word_1_249' title='bbox 1159 1949 1390 1997; x_wconf 85' lang='lat' dir='ltr'>dicebatur,</span> <span class='ocrx_word' id='word_1_250' title='bbox 1431 1948 1552 1988; x_wconf 85' lang='lat' dir='ltr'>sicuti</span> 
     </span>
     <span class='ocr_line' id='line_1_33' title="bbox 159 2004 1552 2056; baseline -0.002 -10"><span class='ocrx_word' id='word_1_251' title='bbox 159 2019 266 2046; x_wconf 91' lang='lat' dir='ltr'>nunc</span> <span class='ocrx_word' id='word_1_252' title='bbox 289 2012 458 2056; x_wconf 84' lang='lat' dir='ltr'>quoque</span> <span class='ocrx_word' id='word_1_253' title='bbox 475 2006 514 2046; x_wconf 89' lang='lat' dir='ltr'>in</span> <span class='ocrx_word' id='word_1_254' title='bbox 540 2006 847 2047; x_wconf 87' lang='lat' dir='ltr'>uenditionibus</span> <span class='ocrx_word' id='word_1_255' title='bbox 871 2005 1046 2055; x_wconf 78' lang='lat' dir='ltr'>‘recipi&#39;</span> <span class='ocrx_word' id='word_1_256' title='bbox 1066 2005 1275 2053; x_wconf 89' lang='lat' dir='ltr'>dicuntur,</span> <span class='ocrx_word' id='word_1_257' title='bbox 1307 2016 1414 2055; x_wconf 85' lang='lat' dir='ltr'>quae</span> <span class='ocrx_word' id='word_1_258' title='bbox 1444 2004 1552 2044; x_wconf 89' lang='lat' dir='ltr'>exci-</span> 
     </span>
    </p>

    <p class='ocr_par' dir='ltr' id='par_1_12' title="bbox 120 2060 1549 2158">
     <span class='ocr_line' id='line_1_34' title="bbox 120 2060 1549 2112; baseline -0.001 -12"><span class='ocrx_word' id='word_1_259' title='bbox 120 2072 139 2105; x_wconf 88' lang='lat'><strong>7</strong></span> <span class='ocrx_word' id='word_1_260' title='bbox 160 2063 324 2110; x_wconf 83' lang='lat' dir='ltr'>piuntur</span> <span class='ocrx_word' id='word_1_261' title='bbox 356 2074 492 2112; x_wconf 86' lang='lat' dir='ltr'>neque</span> <span class='ocrx_word' id='word_1_262' title='bbox 524 2067 718 2102; x_wconf 86' lang='lat' dir='ltr'>ueneunt.</span> <span class='ocrx_word' id='word_1_263' title='bbox 795 2064 882 2111; x_wconf 82' lang='lat' dir='ltr'>Quo</span> <span class='ocrx_word' id='word_1_264' title='bbox 918 2062 1048 2101; x_wconf 90' lang='lat' dir='ltr'>uerbo</span> <span class='ocrx_word' id='word_1_265' title='bbox 1079 2063 1287 2101; x_wconf 78' lang='lat' dir='ltr'>Plautus</span> <span class='ocrx_word' id='word_1_266' title='bbox 1319 2072 1487 2111; x_wconf 88' lang='lat' dir='ltr'>quoque</span> <span class='ocrx_word' id='word_1_267' title='bbox 1510 2060 1549 2099; x_wconf 91' lang='lat' dir='ltr'>in</span> 
     </span>
     <span class='ocr_line' id='line_1_35' title="bbox 159 2118 995 2158; baseline 0 -2"><span class='ocrx_word' id='word_1_268' title='bbox 159 2119 447 2158; x_wconf 87' lang='lat' dir='ltr'>Trinummo</span> <span class='ocrx_word' id='word_1_269' title='bbox 473 2130 575 2158; x_wconf 88' lang='lat' dir='ltr'>usus</span> <span class='ocrx_word' id='word_1_270' title='bbox 608 2123 671 2158; x_wconf 84' lang='lat' dir='ltr'>est</span> <span class='ocrx_word' id='word_1_271' title='bbox 689 2118 729 2157; x_wconf 90' lang='lat' dir='ltr'>in</span> <span class='ocrx_word' id='word_1_272' title='bbox 752 2119 831 2158; x_wconf 91' lang='lat' dir='ltr'>hoc</span> <span class='ocrx_word' id='word_1_273' title='bbox 851 2130 995 2157; x_wconf 88' lang='lat' dir='ltr'>uersu:</span> 
     </span>
    </p>
   </div>
   <div class='ocr_carea' id='block_1_10' title="bbox 214 2203 1609 2257">
    <p class='ocr_par' dir='ltr' id='par_1_13' title="bbox 214 2203 1609 2257">
     <span class='ocr_line' id='line_1_36' title="bbox 214 2203 1609 2257; baseline -0.001 -13"><span class='ocrx_word' id='word_1_274' title='bbox 214 2205 529 2248; x_wconf 86' lang='lat' dir='ltr'>Posticulum</span> <span class='ocrx_word' id='word_1_275' title='bbox 564 2210 658 2248; x_wconf 86' lang='lat' dir='ltr'>hoc</span> <span class='ocrx_word' id='word_1_276' title='bbox 694 2207 923 2257; x_wconf 76' lang='lat' dir='ltr'>recepit,</span> <span class='ocrx_word' id='word_1_277' title='bbox 970 2218 1075 2245; x_wconf 88' lang='lat' dir='ltr'>cum</span> <span class='ocrx_word' id='word_1_278' title='bbox 1116 2206 1259 2246; x_wconf 83' lang='lat' dir='ltr'>aedis</span> <span class='ocrx_word' id='word_1_279' title='bbox 1293 2203 1609 2253; x_wconf 56' lang='lat' dir='ltr'>uendidit,„2</span> 
     </span>
    </p>
   </div>
   <div class='ocr_carea' id='block_1_11' title="bbox 1579 1833 1619 2476">
    <p class='ocr_par' dir='ltr' id='par_1_14' title="bbox 1579 1833 1619 2476">
     <span class='ocr_line' id='line_1_37' title="bbox 1579 1833 1619 2476; baseline 0 0"><span class='ocrx_word' id='word_1_280' title='bbox 1579 1833 1619 2476; x_wconf 95' lang='lat' dir='ltr'> </span> 
     </span>
    </p>
   </div>
  </div>
 </body>
</html>
