1635 2492
699 29 769 70 XI.
793 41 834 69 v.
1312 0 1320 4 ³
1418 25 1474 68 35

743 144 795 185 V.

17 233 34 266 .’
57 227 113 265 De
149 225 332 277 Pyrronis
372 225 615 274 philosophis
652 225 840 273 quaedam
875 225 999 272 deque
1033 223 1279 262 Academicis
1318 223 1473 259 strictim

373 287 522 329 notata3
555 283 679 331 deque
712 283 807 319 inter
841 293 908 318 eos
941 281 1169 318 differentia.

5 415 14 426 ζ
146 372 261 422 Quos
294 370 623 423 Pyrroni[o]s
658 370 939 421 philosophos
975 380 1202 416 uocamus,
1240 367 1280 407 hi
1314 368 1474 407 Graeco
1496 375 1513 408 1

0 455 4 479 v,
59 434 343 480 cognomento
378 424 659 468 “σκεπτικοὶ’
697 429 981 478 appellantur;
1023 427 1062 466 id
1101 427 1229 465 ferme
1270 424 1477 474 significat
1493 431 1516 465 2

0 489 11 526 .'²
59 485 182 537 quasi
203 489 216 508 ‘
231 485 496 535 quaesitores
510 488 524 507 '
545 489 587 524 et
604 488 616 507 ³
631 485 1012 525 consideratores'.
1075 482 1179 523 Nihil
1201 481 1310 522 enim
1335 482 1476 521 decer·
1492 487 1516 522 3

0 557 4 595 g
58 547 183 595 nunt,
223 541 322 582 nihil
347 541 626 590 constituunt,
657 543 733 582 sed
754 541 794 581 in
827 541 1070 591 quaerendo
1096 550 1264 590 semper
1287 538 1478 578 conside-

0 599 5 643 ὲ
57 600 279 650 randoque
301 604 418 648 sunt,
449 599 647 650 quidnam
666 598 719 639 sit
737 599 918 639 omnium
947 609 1105 646 rerum,
1129 598 1182 636 de
1204 607 1288 646 quo
1308 595 1478 634 decerni

0 675 7 715 ῃ
59 656 346 707 constituique
369 656 519 708 possit.
581 658 644 696 Ac
670 668 722 695 ne
748 655 891 695 uidere
917 666 1087 705 quoque
1112 655 1235 704 plane
1254 651 1477 703 quicquam
1497 658 1519 692 4

0 715 5 754 ζ
58 725 198 764 neque
215 713 361 754 audire
379 724 476 754 sese
493 718 652 765 putant,
667 713 742 752 sed
761 713 814 752 ita
831 712 917 762 pati
934 711 1156 761 adficique,
1171 709 1291 760 quasi
1308 709 1479 748 uideant

0 779 7 826 j,
56 772 124 812 uel
139 770 322 820 audiant,
336 782 470 820 eaque
484 771 588 821 ipsa,
603 782 710 820 quae
724 769 983 809 adfectiones
998 769 1100 808 istas
1114 768 1153 807 in
1166 779 1263 807 sese
1281 765 1477 811 efficiant,

0 858 3 877 ,
60 827 198 879 qualia
215 833 256 868 et
272 828 509 868 cuiusmodi
528 827 622 875 sint,
649 831 872 866 contuntur
892 832 1018 875 atque
1043 825 1251 871 insistunt,
1278 823 1478 864 omnium-

0 885 6 916 ἱ
59 895 142 936 que
158 895 298 926 rerum
316 885 442 925 sidem
460 885 764 933 ueritatemque
787 883 924 923 mixtis
943 882 1216 932 confusisque
1240 880 1370 930 signis
1388 880 1478 919 ueri

3 980 6 986 .
59 947 185 993 atque
208 942 302 982 falsi
325 941 380 982 ita
405 941 719 993 inprensibilem
741 940 874 980 uideri
906 940 1038 987 aiunt,
1073 945 1115 979 ut
1141 938 1332 988 quisquis
1350 937 1476 976 homo

0 1003 2 1005 '
58 1003 228 1040 estnon
252 1010 458 1050 praeceps
487 1010 622 1049 neque
646 997 784 1037 iudicii
811 997 875 1037 sui
902 997 1127 1047 prodigus,
1163 995 1225 1035 his
1247 995 1306 1035 uti
1336 993 1477 1035 uerbis

0 1058 6 1086 ὲ
59 1055 232 1104 debeat,
271 1056 422 1106 quibus
462 1061 677 1095 auctorem
714 1054 1007 1105 philosophi-te
1034 1054 1155 1093 istius
1188 1053 1353 1117 Pyrro
1369 1062 1478 1090 nem

59 1123 158 1152 esse
180 1123 305 1152 usum
331 1113 518 1153 tradunt:
545 1107 625 1151 ὀὐ
652 1111 824 1164 μᾶλλον
854 1106 1000 1159 οὕτως
1024 1110 1113 1162 ἔχει
1130 1102 1277 1149 τόδε“
1249 1122 1276 1160 η
1295 1105 1478 1155 ἐκείνως

58 1162 86 1221 ἢ
117 1162 407 1223 οὐθετέρως’.
468 1169 623 1209 Indicit
645 1169 752 1208 enim
778 1168 836 1208 rei
866 1168 1069 1232 ‹zu-iusque
1099 1173 1140 1206 et
1168 1166 1354 1206 sinceras
1384 1176 1477 1215 pro-

58 1224 258 1277 prietates
276 1231 430 1277 negant
452 1237 584 1277 posse
609 1226 728 1266 nosci
750 1231 791 1265 et
811 1225 982 1276 peicipi‚
1008 1225 1133 1274 idque
1158 1224 1297 1274 ipsum
1321 1223 1476 1262 docere

0 1334 2 1337 .
59 1287 186 1333 atque
209 1283 436 1323 ostendere
459 1283 596 1323 multis
620 1283 756 1322 modis
779 1292 996 1322 conantur.
1061 1282 1197 1332 Super
1220 1292 1302 1330 qua
1324 1291 1369 1319 re
1391 1279 1475 1318 Fa·
1494 1287 1515 1320 5

58 1339 278 1380 uorinus
317 1351 488 1391 quoque
518 1339 787 1380 subtilissime
818 1339 1172 1389 argutissimeque
1207 1338 1382 1377 decem
1415 1336 1477 1374 li-

0 1396 36 1446 ?ss
59 1395 180 1437 bros
202 1397 460 1448 composuit;
494 1397 877 1449 Πυρρωνείων
909 1391 1130 1448 τρόπων
1159 1394 1358 1434 inscribit.

28 1503 32 1507 ι
145 1454 278 1494 Vetus
307 1460 445 1494 autem
469 1454 658 1504 quaestio
692 1460 732 1494 et
764 1466 787 1492 a
827 1454 964 1493 multis
1003 1452 1278 1506 scriptoribus
1303 1449 1470 1490 Graeci<
1490 1457 1512 1492 6

13 1560 21 1570 ΰ
57 1514 245 1559 tractata,
271 1521 322 1550 an
349 1511 449 1561 quid
471 1516 512 1551 et
530 1517 729 1561 quantum
751 1512 880 1574 Pyr]
893 1511 1043 1551 onios
1069 1516 1108 1549 et
1129 1508 1474 1549 Academicos

58 1567 338 1634 philosophos
359 1568 532 1608 intersit.
594 1569 769 1618 Vtrique
792 1568 937 1607 enim
952 1566 1202 1614 σκεπτικοί
1231 1563 1474 1617 ἐφεκτικοί,

0 1622 26 1680 ᾗ
60 1617 343 1677 ἄπορητικοὶ’
364 1625 569 1672 dicuntur,
601 1625 797 1674 quoni-tm
820 1625 986 1674 utiique
1005 1624 1101 1663 nihil
1124 1599 1474 1663 αόἧῑῑῐηιηῑηίὴίί-

0 1681 37 1724 ξ’·-
29 1691 142 1732 que
175 1682 475 1732 comprehendi
508 1687 669 1732 putant.
732 1682 816 1721 Sed
838 1693 889 1721 cx
913 1682 1104 1721 omnibus
1136 1681 1262 1719 rebus
1298 1678 1474 1729 pioinde

0 1733 35 1766 ²³
58 1737 152 1778 uisa
171 1737 315 1779 dicunt
338 1739 438 1787 sieri,
473 1751 577 1789 quas
602 1738 883 1790 ‹pavraot'wg
910 1739 1133 1788 appellant,
1168 1748 1251 1776 non
1275 1741 1474 1774 utrerum

15 1795 22 1804 ‘
58 1793 244 1846 ipsarum
260 1800 407 1836 natura
425 1801 502 1843 est,
532 1797 608 1836 sed
630 1801 675 1835 ut
698 1795 877 1834 adfectio
902 1795 1023 1834 animi
1048 1793 1294 1844 corporisne
1318 1798 1381 1831 est
1405 1803 1472 1831 eo-

19 1867 31 1903 3
59 1863 162 1900 rum,
191 1853 244 1891 ad
269 1864 377 1903 quos
400 1865 450 1893 ea
465 1853 557 1893 uisu
576 1852 839 1903 perueniunt.
868 1853 1010 1901 Itaque
1031 1862 1176 1891 omnes
1197 1849 1364 1890 omnino
1388 1859 1470 1894 res,
1491 1858 1511 1894 7

61 1919 168 1958 quae
190 1921 343 1950 sensus
366 1910 579 1951 hominum
602 1915 785 1958 mouent7
806 1909 913 1948 ετῶν
932 1905 1043 1961 πρός
1062 1907 1393 1948 n'essedicunt.
1426 1905 1472 1943 ld
1504 1933 1513 1942 .

0 1954 26 2020 R
60 1966 234 2006 uerbum
256 1966 481 2017 significat,
514 1968 611 2007 nihil
644 1979 740 2007 esse
774 1966 1016 2016 quicquam,
1051 1966 1164 2015 quod
1184 1976 1234 2003 ex
1258 1974 1354 2003 sese
1377 1973 1473 2002 con-

0 2041 27 2087 ἢ
62 2026 144 2062 stet
164 2034 242 2063 nec
266 2025 381 2074 quod
408 2025 558 2064 habeat
584 2024 666 2064 uim
691 2024 903 2074 propriam
930 2029 969 2062 et
995 2029 1202 2062 naturam.
1239 2021 1315 2060 sed
1338 2018 1474 2059 omnia

63 2089 257 2128 prorsum
279 2082 333 2120 ad
354 2080 509 2132 aliquid
529 2081 674 2121 referri
702 2081 881 2130 taliaque
904 2080 1055 2120 uideri.
1091 2079 1223 2129 qualis
1255 2077 1307 2117 sit
1329 2087 1474 2116 eorum

62 2136 239 2186 species,
265 2139 362 2177 dum
385 2138 592 2186 uidentur,
626 2138 844 2188 qualiaque
869 2138 979 2188 apud
998 2148 1149 2177 sensus
1173 2140 1356 2180 nostros,
1390 2144 1472 2182 quo

18 2197 29 2245 fl
62 2201 354 2243 peruenerunt,
387 2201 592 2241 creantur,
627 2207 707 2235 non
728 2195 838 2244 apud
866 2206 982 2235 sese.
1015 2195 1126 2233 unde
1154 2193 1342 2243 profecta
1365 2195 1473 2230 sunt.

22 2264 23 2267 ¹
47 2249 164 2310 VCum
185 2251 287 2292 haec
312 2257 449 2293 autem
484 2252 753 2292 consimiliter
775 2258 856 2290 tani
888 2251 1128 2301 Pyrronii
1162 2251 1320 2295 dicant,
1348 2259 1468 2299 quain
1488 2253 1511 2287 8
