1603 2508
0 0 30 70 effi

697 21 747 60 X.
781 31 841 60 111.
865 30 944 59 1111.
1501 18 1527 61 7

115 136 336 184 habebant,
368 134 445 174 sed
459 132 768 184 magistratibus
787 133 827 172 in
845 131 1085 183 prouincias
1105 133 1298 173 euntibus
1316 143 1465 184 parere
1489 138 1531 172 et

114 190 452 244 praeministrare
471 202 691 231 seruorum
707 190 843 230 uicem
858 190 1084 229 iusserunt.
1145 191 1290 241 Itaque
1315 190 1357 229 hi
1379 200 1529 239 seque-

115 250 266 289 bantur
294 248 581 298 magistratus,
608 253 821 297 tamquam
847 246 889 286 in
913 246 1118 286 scaenicis
1152 247 1301 286 fabulis
1326 246 1397 297 qui
1419 246 1528 285 dice-

113 306 265 345 bantur
290 304 477 353 ‘lorarii',
509 309 550 343 et
575 316 682 354 quos
704 309 822 343 erant
840 302 943 343 iussi
973 303 1213 343 uinciebant
1243 308 1313 343 aut
1335 303 1528 343 uerbera-

112 362 232 410 bant3
253 362 367 412 quod
383 365 520 401 autem
537 372 590 401 ex
605 360 774 401 Bruttiis
793 365 921 407 erant,
948 361 1144 410 appellati
1162 366 1258 401 sunt
1277 359 1526 400 ςΒιίιτῑίειηίἃ

784 495 869 535 1111.

116 588 227 634 Quod
249 590 291 626 P.
309 587 486 637 Nigidius
508 588 750 636 argutissime
777 586 925 631 docuit,
956 587 1111 623 nomina
1138 598 1213 623 non
1240 588 1406 634 positiua
1427 597 1528 630 esse,

677 643 747 680 sed
773 644 972 680 naturalia.

199 757 376 797 Nomina
397 757 611 806 uerbaque
636 767 720 796 non
743 755 885 806 positu
907 753 1091 801 fortuito,
1127 754 1203 793 sed
1225 753 1405 804 quadam
1429 752 1472 793 ui
1490 759 1529 793 et
1550 757 1566 789 1

109 814 275 854 ratione
312 818 484 853 naturae
516 815 624 853 facta
656 823 772 860 esse,
808 812 852 851 P.
880 809 1123 860 Nigidius
1155 810 1195 849 in
1225 810 1528 860 grammati-

108 870 190 911 -cis
220 869 613 910 commentariis
638 870 780 916 docet,
814 879 902 907 rem
930 866 1091 907 sanein
1125 866 1420 917 philosophiae
1448 866 1528 906 dis-

114 927 415 967 certationibus
439 927 659 966 celebrem.
723 924 873 975 Quaeri
899 924 1008 964 enim
1030 924 1199 964 solitum
1221 929 1322 974 aput
1341 923 1528 974 philoso-
1544 928 1567 962 2

109 984 235 1035 phos,
255 979 426 1035 ‘muoso’
449 978 503 1022 τὰ
518 978 718 1034 ὀνόματα
735 974 858 1033 εἰηῐῆ
877 978 1053 1021 (θέσειζ
1115 982 1159 1020 In
1183 992 1274 1020 eam
1295 992 1383 1020 rem
1401 981 1530 1020 multa
1545 985 1567 1019 3

110 1045 360 1090 argumenta
380 1039 490 1087 dicit,
523 1051 597 1080 cur
613 1038 747 1079 uideri
766 1037 932 1088 possint
952 1038 1084 1077 uerba
1103 1048 1199 1078 esse
1225 1037 1429 1078 naturalia
1446 1048 1528 1077 ma-

109 1096 176 1146 gis
212 1107 335 1147 quam
365 1096 593 1136 arbitraria.
654 1097 718 1135 Ex
741 1094 891 1145 quibus
923 1095 1005 1133 hoc
1027 1094 1163 1134 uisum
1196 1100 1261 1134 est
1283 1094 1468 1144 lepidum
1488 1099 1530 1134 et

113 1152 330 1193 festiuum:
375 1154 561 1200 ‘Vos',
597 1152 742 1202 inquit,
776 1162 884 1191 cum
925 1150 1178 1203 dicimus,
1211 1156 1352 1191 motu
1398 1154 1570 1201 quo-4

107 1209 226 1249 dam
263 1209 373 1250 oris
407 1209 759 1250 conueniente
789 1219 902 1247 cum
932 1207 1107 1257 ipsius
1139 1207 1287 1247 uerbi
1317 1208 1529 1248 demon-

112 1266 380 1306 stratione
402 1266 589 1306 utimur
613 1270 664 1305 et
687 1265 868 1304 labeas
892 1264 1090 1304 sensim
1109 1263 1370 1314 primores
1392 1275 1528 1304 emo·

111 1334 292 1363 uemus
325 1334 382 1362 ac
410 1322 656 1373 spiritum
689 1326 850 1372 atque
878 1320 1091 1360 animam
1121 1333 1281 1371 porro
1315 1333 1528 1361 uersum

110 1379 258 1418 etad
301 1390 420 1428 eos,
470 1379 778 1429 quibuscum
808 1377 1253 1426 sermocinamur,
1291 1378 1529 1418 intendi-

111 1446 233 1475 mus.
293 1438 364 1475 At
389 1442 573 1476 contra
594 1447 703 1476 cum
726 1434 955 1474 dicimus
989 1438 1172 1487 ‘nos',
1205 1447 1380 1485 neque
1407 1447 1528 1486 pro-

112 1492 230 1532 fuso
259 1492 576 1542 intentoque
616 1494 750 1532 flatu
779 1491 930 1532 uocis
958 1502 1125 1541 neque
1157 1491 1419 1541 proiectis
1455 1494 1531 1531 la-

112 1548 220 1589 bris
260 1550 686 1599 pronuntiamus,
737 1549 831 1588 sed
881 1553 933 1586 et
978 1547 1226 1598 spiritum
1259 1554 1314 1588 et
1344 1549 1530 1588 labeas

112 1605 259 1654 quasi
298 1605 437 1644 intra
471 1605 836 1654 nosmetipsos
881 1614 1206 1644 coercemus.
1269 1605 1530 1645 Hocidem

111 1661 176 1701 fit
212 1667 262 1701 et
304 1662 351 1701 in
397 1673 481 1714 eo,
526 1662 663 1712 quod
690 1660 912 1700 dicimus
951 1663 1072 1708 ttu',
1117 1664 1263 1710 ‘ego'
1296 1667 1344 1700 et
1382 1662 1528 1702 ‘tibi’

112 1723 163 1757 et
193 1717 380 1758 ‘mihin
459 1719 577 1758 Nam
608 1717 791 1767 sicuti,
828 1728 939 1756 cum
971 1717 1244 1757 adnuimus
1273 1723 1322 1757 et
1348 1719 1530 1758 abnui-

112 1785 238 1823 mus,
279 1779 450 1815 motus
492 1775 701 1825 quidam
736 1774 827 1813 ille
867 1773 950 1813 uel
992 1773 1183 1824 capitis
1222 1775 1309 1814 uel
1348 1777 1529 1816 oculo-

112 1842 217 1871 rum
251 1843 276 1870 a
311 1837 500 1871 natura
531 1831 627 1879 rei,
674 1842 824 1882 quam
863 1829 1163 1880 significat,
1204 1843 1302 1872 non
1341 1832 1529 1873 abhor-

111 1892 211 1936 ret,
260 1887 331 1928 ita
373 1888 471 1928 iam
516 1888 600 1928 his
641 1887 865 1929 uocibus
904 1886 1058 1936 quasi
1096 1893 1280 1937 gestus
1322 1889 1528 1938 quidam

113 1943 225 1985 oris
258 1949 306 1984 et
334 1945 564 1994 spiritus
595 1943 856 1984 naturalis
884 1948 976 1982 est.
1037 1944 1227 1984 Eadem
1266 1945 1401 1986 ratio
1447 1951 1529 1986 est

112 2000 163 2040 in
196 2001 414 2041 Graecis
453 2013 668 2051 quoque
713 1999 957 2047 uocibus,
1000 2011 1150 2050 quam
1191 2012 1311 2041 esse
1352 2002 1399 2041 in
1441 2014 1529 2042 no-

115 2056 249 2097 stris
278 2057 768 2098 animaduertimus.
