1619 2476
122 54 204 95 142
557 51 647 89 XV.
678 60 782 87 xxm.
808 59 929 87 xxm.
952 58 1090 87 xxnn.

123 172 203 216 ret,
237 178 261 205 a
292 175 417 206 cerua
446 174 541 203 sese
572 162 772 203 monitum
803 160 1084 211 praedicabat.
1145 159 1190 198 Id
1228 169 1321 199 cum
1350 157 1524 209 dixerat,

84 231 105 265 6
121 222 318 269 uniuersi,
350 226 560 269 tamquam
578 218 612 258 si
630 218 724 266 deo,
752 216 925 257 libentes
942 215 1166 267 parebant:
1202 216 1262 255 Ea
1279 226 1404 256 cerua
1425 227 1526 266 quo·

123 281 217 321 dam
236 279 323 325 dic,
356 287 449 316 cum
471 274 653 315 incursio
677 279 792 314 esset
808 272 990 315 hostium
1016 271 1202 313 nuntiata
1217 301 1229 324 ,
1261 271 1527 313 festinatione

123 347 170 375 ac
196 335 372 374 tumultu
390 335 657 373 consternata
679 330 718 370 in
737 331 874 381 sugam
897 341 943 370 se
963 327 1153 380 prorupit
1172 332 1297 378 atque
1316 328 1356 368 in
1373 329 1526 380 palude

124 391 312 441 proxima
352 388 512 429 delituit
549 392 590 427 et
629 392 778 438 postea
815 386 1016 437 requisita
1052 385 1216 437 perisse
1255 385 1412 425 credita
1448 390 1525 425 est.

85 455 103 489 7
122 450 264 497 Neque
297 445 434 486 multis
467 444 613 484 diebus
646 450 744 495 post
774 444 984 484 inuentam
1015 453 1112 483 esse
1144 452 1310 482 ceruam
1339 441 1525 483 Sertorio

81 504 343 545 enuntiatur.
406 503 529 549 Tum,
559 501 628 551 qui
656 500 936 548 nuntiauerat,
962 499 1082 539 iussit
1104 502 1262 546 tacere,
1294 509 1346 538 ne
1370 498 1436 539 cui
1457 509 1526 550 pa—

122 563 202 599 lam
226 560 402 606 diceret,
436 557 720 598 interminatus
745 562 809 598 est
835 555 1149 608 praecepitque,
1179 560 1225 595 ut
1247 565 1337 595 eam
1353 559 1525 606 postero

122 617 187 657 die
205 621 378 667 repente
396 616 435 654 in
462 626 555 654 eum
584 616 734 662 locum,
767 614 805 653 in
826 625 907 663 quo
930 613 1021 664 ipse
1040 623 1133 652 cum
1155 611 1296 652 amicis
1314 617 1441 661 esset,
1471 611 1527 651 in-

122 673 313 713 mitteret.
376 671 583 712 Admissis
607 671 757 710 deindc
775 670 915 710 amicis
934 668 1148 719 postridie,
1179 668 1315 709 uisum
1332 668 1410 709 sibi
1430 680 1527 708 esse

122 729 178 769 ait
194 730 232 769 in
255 729 404 779 quiete,
430 739 607 775 ceruam,
639 739 745 778 quae
759 728 951 778 perisset,
983 727 1036 766 ad
1053 737 1098 766 se
1118 725 1271 766 reuerti
1287 730 1339 774 et,
1353 730 1398 766 ut
1412 724 1527 776 prius

87 790 370 834 9consuerat,
414 785 527 836 quod
559 796 666 836 opus
702 790 766 824 est
797 785 926 831 sacto,
965 782 1228 834 praedicere3
1269 787 1352 822 tum
1387 793 1526 827 seruo,

128 843 241 893 quod
267 842 567 893 imperauerat,
607 840 824 892 significat.
897 841 1027 880 Cerua
1058 839 1188 880 missa
1222 839 1262 878 in
1295 838 1527 879 cubiculum

125 899 299 940 Sertorii
322 898 560 949 introrupit,
579 899 735 938 clamor
752 899 884 937 sactus
903 901 942 936 et
968 902 1058 937 orta
1075 895 1288 936 admiratio
1307 901 1384 937 est.

210 957 354 1006 anue
387 955 597 996 hominum
617 955 890 995 barbarorum
922 953 1143 994 credulitas
1168 952 1353 994 Sertorio
1385 952 1425 992 in
1446 963 1527 993 ma-

70 1023 112 1057 10
123 1012 215 1063 gnis
237 1013 361 1052 rebus
383 1024 532 1063 magno
556 1011 651 1052 usui
682 1011 768 1052 suit.
832 1010 1031 1052 Memoria
1060 1009 1226 1061 prodita
1257 1014 1344 1058 est,
1376 1020 1428 1049 ex
1463 1008 1528 1048 his

124 1069 372 1117 nationibus,
406 1080 512 1119 quae
539 1080 630 1109 cum
649 1068 833 1110 Sertorio
854 1066 1070 1115 faciebant,
1091 1078 1183 1107 cum
1205 1065 1341 1106 multis
1358 1065 1528 1117 proeliis

124 1131 347 1176 superatus
366 1131 490 1175 esset,
524 1125 730 1165 neminem
753 1136 949 1175 umquam
971 1125 1021 1164 ab
1040 1135 1089 1165 eo
1113 1122 1358 1171 desciuisse,
1388 1134 1528 1172 quam·

126 1193 250 1231 quam
268 1183 309 1222 id
331 1194 464 1232 genus
487 1183 697 1222 hominum
715 1188 829 1223 esset
845 1180 1172 1222 mobilissimum.

757 1295 899 1334 XXIII.

212 1376 264 1411 Dc
293 1377 475 1412 aetatibus
509 1376 770 1412 historicorum
797 1376 992 1419 nobilium,
1023 1375 1202 1411 Hellanici
1216 1403 1224 1418 ‚
1254 1373 1447 1418 Herodoti,

707 1431 957 1479 Thucydidis.

90 1530 105 1562 1
240 1519 574 1568 Hellanicus,
622 1520 942 1567 Herodotus,
994 1517 1354 1570 Thucydides,
1402 1515 1528 1558 histo-

125 1577 210 1617 riae
241 1577 489 1628 scriptores,
520 1576 560 1616 in
585 1576 718 1616 isdem
738 1577 823 1616 sere
847 1575 1104 1626 temporibus
1130 1575 1252 1615 laude
1276 1572 1431 1624 ingenti
1451 1573 1525 1613 flo—

124 1639 295 1675 ruerunt
322 1638 362 1673 ct
393 1645 475 1675 non
515 1632 633 1672 nimis
675 1634 797 1683 longe
828 1632 1074 1673 distantibus
1117 1633 1280 1672 fuerunt
1309 1629 1527 1671 aetatibus.

88 1698 110 1731 2
127 1692 228 1731 Nam
248 1691 337 1730 Hel
351 1690 455 1730 lani
470 1701 490 1730 c
504 1701 559 1730 us
584 1689 696 1730 initio
714 1689 808 1729 belli
827 1688 1171 1740 Peloponnesiaci
1194 1687 1323 1728 fuisse
1346 1685 1528 1736 quinque

126 1753 167 1787 et
187 1747 405 1797 sexaginta
427 1758 560 1788 annos
580 1751 702 1787 natus
718 1746 896 1795 uidetur,
928 1746 997 1786 He
1007 1758 1027 1786 r
1037 1757 1061 1786 o
1074 1746 1101 1785 d
1111 1757 1134 1787 0
1146 1749 1198 1785 tu
1208 1756 1228 1784 s
1251 1749 1339 1783 tres
1358 1746 1399 1782 et
1413 1742 1528 1793 quin-

127 1803 322 1854 quaginta
332 1835 341 1852 ,
373 1804 404 1843 T
414 1804 440 1843 h
451 1816 478 1843 u
492 1802 609 1855 cydi
621 1803 647 1842 d
657 1814 680 1842 e
690 1814 710 1843 s
738 1802 1022 1853 quadraginta.
1085 1800 1291 1851 Scriptum
1312 1803 1376 1839 est
1391 1799 1471 1849 hoc
1487 1799 1527 1838 in

126 1860 262 1901 libro
286 1860 559 1902 undecimo
585 1859 892 1910 Pamphilae.

745 1971 908 2012 xxnn.
940 2028 945 2031 ‘

127 2054 226 2098 Quid
241 2055 438 2091 Vulcatius
457 2054 650 2102 Sedigitus
668 2056 705 2091 in
724 2056 838 2099 libro,
865 2064 974 2101 quem
991 2052 1038 2089 de
1057 2052 1179 2099 poetis
1197 2052 1367 2099 scripsit,
1392 2051 1439 2088 de
1465 2062 1526 2087 eo·

580 2112 687 2148 micis
715 2111 853 2148 Latinis
884 2109 1069 2146 iudicarit.

95 2202 112 2235 l
215 2197 499 2248 Sedigitus
523 2198 564 2237 in
590 2198 748 2246 libro,
784 2195 1091 2248 quem-scripsit
1115 2196 1175 2236 de
1199 2197 1393 2246 poetis,
1427 2193 1527 2245 quid
1587 2201 1619 2244 ,s

130 2252 181 2291 de
198 2253 260 2292 his
285 2254 448 2302 sentiat,
483 2254 552 2304 qui
576 2254 815 2296 comoedias
836 2256 1033 2301 fecerunt,
1060 2257 1100 2292 et
1118 2263 1240 2303 quem
1261 2263 1313 2293 ex
1335 2250 1527 2293 omnibus
