1619 2476
89 67 146 110 28
524 69 673 105 INDEX
713 68 1073 106 CAPITVLORVM.

202 183 320 220 XXX.
372 182 621 226 Vehiculum,
667 181 767 229 quod
812 182 1035 228 petorritum
1085 182 1315 229 appellatur,
1366 183 1509 220 cuiatis

88 242 242 289 linguae
267 239 492 277 uocabulum
516 240 581 282 sit,
615 238 784 274 Graecae
804 249 851 274 an
872 237 1054 274 Gallicae.

201 296 336 332 XXXI.
382 296 487 339 Quae
524 296 641 330 uerba
671 296 884 341 legauerint
920 293 1059 330 Rhodii
1093 293 1142 330 ad
1171 293 1336 330 hostium
1366 294 1508 331 ducem

87 354 337 396 Demetrium,
372 363 456 387 eum
494 352 540 387 ab
572 362 615 387 eo
648 351 931 395 obsiderentur,
969 362 1084 398 super
1116 351 1181 386 illa
1212 351 1353 387 incluta
1384 351 1500 399 Ialysi
1559 366 1564 394 ;
1614 347 1617 352 ’

88 412 267 457 imagine.

363 497 624 537 CAPITVLA
662 497 802 536 LIBRI
838 496 992 536 SEXTI
1028 497 1222 536 DECIMI.

200 579 228 614 Ι.
272 578 401 614 Verba
436 578 585 613 Musoni
618 576 837 623 philosophi
879 576 1044 621 Graeca,
1088 576 1206 624 digna
1249 581 1359 624 atque
1397 578 1504 613 utilia

89 635 211 671 audiri
233 635 528 681 obseruarique;
558 633 807 679 eiusdemque
833 633 1003 668 utilitatis
1023 635 1228 678 sententia,
1252 645 1274 669 a
1291 633 1343 669 M.
1362 632 1510 670 Catone

86 692 213 727 multis
237 695 322 727 ante
352 693 460 727 annis
478 690 705 726 Numantiae
724 689 773 725 ad
791 690 936 735 equites
955 689 1070 726 dicta.

201 748 245 783 II.
286 746 506 783 Cuiusmodi
531 748 578 783 sit
594 748 655 782 lex
675 745 775 792 apud
795 745 1017 782 dialecticos
1039 746 1288 793 percontandi
1311 746 1502 782 disseren-

87 804 224 851 dique;
257 808 291 839 et
310 814 407 850 quae
432 805 479 839 sit
504 804 586 839 eius
604 803 701 849 legis
723 802 985 849 reprehensio.

200 861 260 896 III.
297 860 469 904 Quanam
499 861 646 896 ratione
673 858 771 894 effici
798 858 936 894 dixerit
962 859 1215 895 Erasistratus
1245 858 1440 904 medicus,
1470 861 1505 896 si

88 919 193 954 cibus
218 918 312 953 sorte
331 916 469 960 deerit,
501 920 541 952 ut
564 917 715 951 tolerari
744 915 1016 962 aliquantisper
1044 916 1172 952 inedia
1194 916 1318 962 possit
1345 920 1382 951 et
1411 915 1504 952 tole-

86 975 161 1009 rari
180 973 322 1018 fames3
354 974 546 1019 uerbaque
563 974 645 1019 ipsa
662 972 881 1007 Erasistrati
901 982 1015 1018 super
1033 983 1078 1008 ea
1094 983 1135 1007 re
1158 973 1314 1019 scripta.

199 1030 275 1065 IlII.
306 1029 386 1074 Quo
417 1031 490 1065 ritu
521 1030 731 1076 quibusque
762 1029 889 1064 uerbis
913 1029 1050 1065 fetialis
1078 1029 1208 1075 populi
1240 1028 1402 1065 Romani
1424 1029 1502 1064 bel—

86 1087 161 1122 lum
179 1086 346 1122 indicere
370 1087 503 1122 solitus
528 1087 575 1121 sit
597 1086 676 1123 his,
711 1086 844 1131 quibus
869 1086 1032 1131 populus
1051 1087 1191 1122 bellum
1211 1084 1294 1121 fieri
1317 1087 1500 1130 iusserat3

88 1148 123 1178 et
158 1144 246 1178 item
280 1144 318 1178 in
350 1153 445 1189 quae
484 1143 601 1178 uerba
635 1147 858 1188 conceptum
889 1143 1000 1177 suerit
1032 1141 1295 1179 iusiurandum
1320 1141 1367 1177 de
1393 1142 1507 1178 furtis

86 1200 310 1236 militaribus
336 1199 554 1235 sanciendis
578 1203 614 1233 et
643 1200 692 1234 uti
715 1199 852 1234 milites
879 1200 1007 1245 scripti
1027 1199 1124 1236 intra
1144 1198 1383 1246 praedictum
1401 1198 1501 1235 diem

87 1257 124 1291 in
148 1257 230 1291 loeo
248 1261 349 1292 certo
373 1256 700 1302 srequenfitamnt,
733 1255 860 1289 causis
883 1255 1108 1301 quibusdam
1125 1255 1313 1302 exeeptis,
1347 1259 1507 1302 propter

88 1323 183 1359 quas
205 1311 244 1347 id
260 1312 522 1348 iusiurandum
539 1312 674 1347 remitti
697 1321 828 1346 aecum
847 1315 961 1346 esset.

201 1368 249 1402 V.
298 1369 536 1404 Vestibulum
573 1367 662 1414 quid
699 1366 907 1413 significet3
952 1367 1074 1414 deque
1115 1368 1196 1403 eius
1230 1369 1406 1404 uocabuli
1442 1379 1500 1403 ra-

87 1425 265 1460 tionibus.
1150 1456 1163 1465 ,,

201 1480 265 1515 VI.
296 1481 469 1524 Hostiae,
500 1491 596 1527 quae
621 1479 794 1515 dicuntur
817 1480 1010 1525 bidentes,
1040 1480 1130 1527 quid
1162 1483 1236 1516 sint
1266 1486 1301 1517 et
1317 1492 1430 1528 quam
1453 1481 1506 1516 ob-

88 1548 245 1573 causam
266 1538 316 1573 ita
335 1538 548 1584 appellatae
571 1538 662 1580 sint;
693 1547 881 1583 superque
904 1548 949 1573 ea
972 1548 1013 1572 re
1036 1538 1078 1573 P.
1102 1537 1245 1584 Nigidii
1267 1542 1303 1572 et
1318 1538 1401 1574 Iulii
1424 1537 1503 1584 Hy·

88 1595 165 1640 gini
188 1595 410 1629 sententiae.

201 1650 282 1685 VII.
312 1650 421 1694 Quod
439 1651 620 1685 Laberius
645 1651 762 1685 uerba
786 1650 965 1696 pleraque
989 1651 1163 1686 licentius
1191 1651 1500 1697 petulantiusque

87 1705 217 1751 finXIt3
247 1712 283 1742 et
299 1706 399 1753 quod
422 1707 548 1742 mulus
566 1707 653 1742 item
677 1707 802 1741 uerbis
831 1707 964 1751 utitur,
999 1707 1044 1742 de
1068 1708 1222 1754 quibus,
1254 1717 1302 1743 an
1330 1707 1403 1743 sint
1431 1708 1501 1744 La-

88 1764 184 1807 tina,
217 1764 347 1809 quaeri
367 1764 475 1799 solet.

199 1820 296 1855 VIII.
333 1819 433 1863 Quid
465 1818 654 1866 significet
685 1821 720 1853 et
744 1818 833 1864 quid
857 1830 879 1855 a
904 1821 1043 1856 nostris
1072 1820 1302 1866 appellatum
1328 1819 1375 1856 sit
1398 1818 1501 1866 quod

88 1875 239 1911 axioma
265 1875 455 1912 dialectici
481 1875 629 1918 dicunt3
664 1879 699 1910 et
727 1874 912 1920 quaedam
933 1876 1029 1920 alia,
1062 1887 1158 1923 quae
1177 1877 1302 1923 prima
1323 1876 1362 1911 in
1385 1874 1501 1912 disci-

87 1932 193 1978 plina
219 1932 421 1968 dialectiea
438 1931 648 1967 traduntur.
1241 1971 1243 1973 ¹
1390 1926 1395 1930 '

201 1988 314 2023 VIIII.
349 1988 448 2032 Quid
473 1987 662 2034 significet
688 1989 844 2023 uerbum
875 1990 913 2024 in
944 1989 1049 2025 libris
1073 1994 1242 2025 ueterum
1268 1988 1503 2024 ereberrime

87 2045 272 2090 positum:
306 2055 445 2090 susque
464 2044 602 2091 deque.

201 2099 249 2134 X.
281 2100 379 2145 Quid
404 2102 478 2136 sint
499 2101 714 2146 proletarii,
739 2102 830 2147 quid
851 2103 973 2148 capite
999 2103 1126 2146 censig
1159 2100 1251 2147 quid
1271 2101 1361 2136 item
1388 2100 1436 2136 sit
1459 2100 1499 2135 in
1568 2124 1570 2126 v

87 2155 168 2191 XII.
190 2157 326 2192 tabulis
347 2157 546 2200 assiduus3
578 2161 613 2192 et
631 2167 726 2203 quae
748 2159 828 2193 eius
853 2158 1024 2194 uocabuli
1042 2158 1137 2193 ratio
1164 2159 1224 2193 sit.
1538 2200 1543 2203 .

201 2211 266 2247 XI.
300 2212 465 2248 Historia
483 2223 532 2247 ex
547 2213 725 2248 Herodoti
753 2213 857 2250 libris
876 2217 1025 2260 sumpta
1041 2213 1088 2249 de
1104 2214 1318 2261 Psyllorum
1333 2213 1498 2256 interitu,

90 2269 151 2315 qui
170 2269 208 2303 in
225 2266 400 2316 Syrtibus
414 2269 605 2304 Africanis
628 2269 813 2305 colebant.
