1635 2492
700 66 790 107 XX.
821 78 851 107 1.
1415 67 1500 110 245

10 181 200 237 ί,ι·ἰ[ε]
241 182 377 224 endo
422 181 534 223 dies
568 182 705 222 dato.
769 181 820 222 Si
858 181 1007 222 uolet
1038 183 1160 231 plus
1205 182 1340 222 dato.
1402 183 1555 225 Erat46

74 245 214 281 autem
232 239 298 280 ius
324 239 486 280 interea
507 238 749 291 paciscendi
765 249 834 287 ac,
867 237 946 279 nisi
968 238 1080 288 pacti
1100 239 1258 290 forent,
1288 239 1498 279 habeban-

77 295 198 337 turin
222 296 402 338 uinculis
424 296 513 337 dies
535 295 766 347 sexaginta.
828 296 939 336 Inter
955 306 1030 336 eos
1050 296 1139 336 dies
1158 295 1276 336 trinis
1301 296 1498 337 nundinis
1509 302 1553 338 47

76 353 285 394 continuis
308 356 361 394 ad
377 359 616 405 praetorem
631 353 672 393 in
691 353 901 394 comitium
920 353 1275 404 producebantur,
1300 360 1497 404 quantae-

2 431 14 457 π,
77 421 160 462 que
173 411 382 462 pecuniae
402 411 571 451 iudicati
589 416 752 459 essent,
785 410 1122 462 praedicabatur.
1184 410 1334 450 Tertiis
1357 416 1496 450 autem

9 475 35 512 2‘
73 467 271 509 nundinis
292 468 428 520 capite
449 479 610 519 poenas
630 468 785 508 <labant
807 473 878 508 aut
898 473 1012 508 trans
1029 468 1209 508 Tiberim
1231 479 1410 519 peregre
1426 479 1498 507 ue-

10 518 15 527 ’
70 536 170 565 num
196 525 324 566 ibant.
365 525 451 566 Sed
470 536 562 566 eam
586 525 732 577 capitis
756 536 937 577 poenam
956 525 1231 574 sanciendae,
1261 524 1382 565 sicuti
1399 525 1555 573 dixi‚48

74 581 174 622 fidei
189 583 323 633 gratia
339 582 578 623 horrificam
599 582 826 624 atrocitatis
846 588 1014 623 ostentu
1031 583 1241 633 nouisque
1263 581 1494 623 terroribus

73 640 342 680 metuendam
358 639 644 681 reddiderunt.
706 641 807 680 Nam
830 640 864 680 si
882 641 1024 690 plures
1041 641 1190 688 forent,
1225 639 1377 690 quibus
1396 651 1494 680 reus

0 714 13 735 a
72 701 189 737 esset
209 696 440 745 iudicatus,
475 709 634 744 secare,
669 697 704 737 si
729 698 908 745 uellent,
941 703 1065 747 atque
1083 697 1228 748 partiri
1246 708 1403 747 corpus
1425 697 1495 736 ad-

0 756 12 780 *
73 753 172 793 dicti
194 753 272 794 sibi
295 754 475 795 hominis
504 755 797 806 permiserunt.
859 756 910 794 Et
928 753 1096 804 quidem
1121 755 1252 794 uerba
1277 754 1368 804 ipsa
1393 754 1494 803 legis
1506 760 1552 796 49

74 809 230 860 dicam,
275 823 329 852 ne
366 810 581 853 existimes
613 812 811 852 inuidiam
849 824 914 851 me
947 811 1067 852 istam
1105 812 1211 852 forte
1245 811 1492 851 formidare:

71 867 303 918 Tertiis„
330 868 482 919 inquit,
522 869 768 909 nundinis
798 869 958 919 partis
991 874 1234 909 secanto.
1299 868 1349 908 Si
1380 870 1494 919 plus

20 972 23 974 v
72 923 313 966 minusue
344 933 654 974 secuerunt,
684 939 736 967 se
770 927 954 966 fraude
989 932 1119 966 esto.
1181 926 1554 976 Nihilprofectofio

70 981 276 1032 inmitius,
310 982 409 1023 nihil
439 983 666 1032 inmanius,
698 984 795 1031 nisi,
830 989 941 1023 utre
964 983 1055 1034 ipsa
1086 990 1281 1034 apparet,
1314 994 1365 1022 eo
1396 994 1494 1022 con-

75 1039 167 1080 silio
184 1044 300 1080 tanta
316 1039 536 1081 inmanitas
555 1052 717 1092 poenae
736 1040 1030 1088 denuntiatast,
1047 1052 1099 1079 ne
1117 1041 1169 1079 ad
1188 1052 1278 1080 eam
1295 1051 1494 1090 umquam

9 1108 13 1132 2
75 1096 379 1148 perueniretur.
440 1098 593 1138 Addici
614 1109 794 1149 namque
829 1109 938 1137 nunc
967 1104 1006 1136 et
1028 1097 1173 1137 uinciri
1194 1099 1348 1138 multos
1380 1097 1549 1139 uide-51

78 1165 197 1202 mus,
249 1153 346 1204 quia
389 1154 651 1195 uinculorum
687 1166 867 1206 poenam
903 1154 1115 1194 deterrimi
1157 1155 1349 1195 homines
1397 1165 1493 1194 con-

82 1215 326 1261 tempnunt,
359 1211 589 1252 dissectum
612 1224 708 1252 esse
731 1211 958 1262 antiquitus
978 1211 1184 1251 neminem
1202 1211 1397 1261 equidem
1415 1211 1550 1262 legi52

77 1279 216 1318 neque
248 1268 409 1316 audiui,
440 1269 636 1319 quoniam
662 1269 836 1310 saeuitia
860 1269 937 1309 ista
962 1280 1126 1319 poenae
1146 1268 1386 1319 contempni
1409 1280 1493 1308 non

74 1323 242 1375 quitast.
302 1328 369 1365 An
400 1331 544 1376 putas,
576 1327 857 1373 Fauorine,
891 1326 925 1365 si
955 1338 1038 1366 non
1070 1326 1136 1365 illa
1160 1326 1282 1365 etiam
1306 1337 1357 1365 ex
1382 1326 1540 1367 ‹luo-53

75 1381 211 1422 decim
233 1382 388 1422 tabulis
421 1383 473 1423 de
499 1383 748 1424 testimoniis
784 1383 897 1423 salsis
932 1394 1071 1433 poena
1102 1382 1359 1423 aboleuisset
1389 1388 1428 1422 et
1459 1382 1494 1422 si

73 1449 184 1479 nunc
200 1450 393 1490 quoque,
423 1445 470 1480 ut
485 1446 626 1488 antea,
661 1441 730 1491 qui
749 1441 896 1480 falsum
914 1440 1196 1481 testimonium
1214 1440 1371 1480 dixisse
1395 1451 1493 1480 con·
1523 1480 1526 1483 Δ

73 1495 212 1536 uictus
245 1501 385 1545 esset,
415 1508 438 1537 e
466 1509 570 1538 saxo
589 1498 765 1548 Tarpeio
791 1497 1059 1545 deiiceretur,
1094 1497 1339 1538 mentituros
1362 1497 1493 1537 fuisse

73 1564 151 1604 pro
176 1553 414 1594 testimonio
443 1559 527 1594 tam
553 1556 726 1603 multos,
757 1566 881 1605 quam
909 1554 1126 1595 uidemus?
1157 1554 1377 1595 Acerbitas
1401 1555 1485 1604 ple-

76 1621 258 1661 rumque
283 1609 516 1651 ulciscendi
540 1611 732 1651 maleficii
755 1612 862 1651 bene
893 1618 1018 1662 atque
1041 1617 1161 1652 caute
1184 1611 1354 1651 uiuendi
1372 1610 1493 1651 disci·

73 1666 242 1718 plinast.
303 1667 487 1708 Historia
524 1669 577 1708 de
604 1670 733 1709 Metto
763 1669 922 1709 Fufetio
949 1669 1115 1708 Albano
1149 1668 1270 1708 nobis
1304 1675 1548 1718 quoque,54

74 1735 160 1764 non
183 1724 410 1765 admodum
429 1736 602 1766 numero
625 1725 861 1766 istiusmodi
885 1726 1014 1766 libros
1034 1725 1327 1773 lectitantibus,
1345 1725 1489 1775 ignota

75 1791 164 1822 non
185 1786 273 1830 est,
307 1781 398 1832 qui,
430 1782 626 1832 quoniam
662 1788 830 1833 pactum
852 1789 976 1833 atque
1002 1782 1240 1822 condictum
1272 1793 1365 1822 cum
1390 1793 1490 1832 rege

78 1837 222 1890 populi
244 1837 423 1879 Romani
452 1839 614 1890 perfide
643 1846 833 1890 ruperat,
866 1840 972 1880 binis
1000 1839 1212 1890 quadrigis
1241 1839 1430 1879 euinctus
1449 1839 1490 1878 in

22 1931 26 1933 .
76 1894 246 1936 diuersa
255 1894 482 1936 nitentibus
499 1897 706 1937 laceratus
724 1903 800 1944 est,
812 1909 968 1937 nouum
985 1902 1110 1947 atque
1127 1908 1324 1947 asperum
1334 1895 1490 1946 suppli-

77 1952 187 1994 cium
209 1951 302 2003 quis
318 1954 472 2004 negat?
500 1954 590 2002 sed,
609 1954 708 2004 quid
725 1954 1058 2005 elegantissimus
1076 1959 1203 2004 poeta
1220 1954 1342 2001 dicat,
1367 1953 1488 1994 uide:

591 2036 655 2074 At
679 2039 731 2073 tu
753 2035 928 2083 dictis,
957 2035 1178 2082 Albane,
1210 2036 1485 2073 maneres’.

160 2125 276 2165 Haec
304 2125 488 2176 taliaque
518 2125 599 2166 alia
629 2125 697 2165 ubi
736 2124 928 2166 Sextus
964 2124 1248 2173 Caecilius,
1281 2125 1486 2172 omnibus,
1499 2130 1545 2166 55

77 2180 149 2232 qui
183 2181 376 2231 aderant,
415 2182 510 2233 ipso
547 2193 718 2233 quoque
755 2182 1020 2222 Fauorino
1062 2182 1323 2232 adprobante
1361 2186 1487 2232 atque

75 2238 294 2286 laudante,
324 2239 538 2287 disseruit,
570 2239 803 2280 nuntiatum
830 2245 913 2287 est,
942 2240 1161 2279 Caesarem
1186 2238 1266 2278 iam
1299 2237 1484 2286 salutari,

74 2300 119 2336 et
137 2295 320 2347 separati
337 2307 496 2337 sumus.
