1619 2476
162 74 244 115 140
757 72 840 110 IIII.
864 82 893 110 1.
917 82 961 109 11.

105 194 150 229 23
165 186 252 226 deri
290 197 384 225 esse
419 185 458 224 in
498 196 621 235 penu.
688 184 752 222 Ex
787 182 850 221 his
883 186 1039 229 autem,
1079 192 1185 232 quae
1216 180 1491 232 promercalia
1514 185 1554 219 et

161 243 328 282 usuaria
356 242 489 281 isdem
515 241 555 279 in
586 239 709 287 locis,
749 249 846 278 esse
869 249 918 277 ea
943 240 1033 278 sola
1064 237 1232 288 penoris
1269 241 1408 288 putat,
1448 247 1557 286 quae

165 299 264 338 satis
290 298 370 337 sint
393 310 473 338 usu
496 308 648 336 annuo.

832 407 879 446 ΙΙ.

163 493 317 528 Morbus
340 496 375 526 et
403 491 535 525 uitium
566 489 655 536 quid
680 488 848 533 differat3
886 492 922 523 et
950 499 1059 535 quam
1083 488 1159 523 uim
1179 486 1345 523 habeant
1373 486 1557 522 uocabula

221 550 293 584 ista
316 549 353 582 in
375 546 497 582 edicto
530 546 728 589 aedilium;
759 550 794 580 et
823 545 953 589 [an]ne
983 544 1178 580 eunuchus
1203 548 1240 579 et
1261 543 1407 580 steriles
1428 544 1558 579 mulie-

220 616 281 640 res
306 603 480 639 rethiberi
502 603 649 649 possint
680 601 929 648 diuersaeque
953 612 1065 647 super
1090 611 1136 636 ea
1155 610 1196 635 re
1220 599 1444 636 sententiae.

127 698 144 730 l
247 692 297 729 In
324 690 498 729 edicto
523 687 771 727 aedilium
792 688 1065 735 curulium,
1091 699 1173 737 qua
1193 692 1311 737 parte
1333 688 1384 727 de
1405 685 1556 726 manci-

163 747 241 797 piis
260 745 494 794 uendundis
513 750 676 784 cautum
694 749 775 791 est,
795 744 992 794 seriptum
1009 744 1069 783 sie
1087 744 1179 782 suit:
1202 743 1406 783 Titulus
1431 742 1556 782 scri—

163 808 365 852 ptorum
403 801 728 850 singulorum
769 801 1003 850 scriptus
1037 800 1121 847 sit,
1162 805 1343 840 curato
1377 799 1468 847 ita,
1505 803 1559 838 ut

164 858 409 907 intellegi
432 862 574 896 reete
596 856 787 907 possit,
822 857 944 906 quid
974 856 1135 896 morbi
1156 856 1345 895 uitiiue
1369 855 1559 905 cuique

167 915 252 962 sit,
288 915 400 964 quis
423 913 681 963 fugitiuus
704 924 891 952 erroue
913 913 978 952 sit
998 924 1202 952 noxaue
1226 913 1435 952 solutus
1455 923 1556 950 non

167 972 246 1011 sit.

129 1036 150 1069 2
246 1028 471 1076 Propterea
502 1025 766 1075 quaesierunt
801 1024 1148 1064 iureconsulti
1185 1028 1422 1071 ueteres,
1461 1023 1560 1072 quid

168 1082 728 1132 <111a11eipiummorbosum’
764 1081 915 1130 quidue
944 1080 1186 1120 ‘uitiosum’
1219 1084 1332 1119 recte
1354 1079 1563 1119 diceretur

129 1150 150 1184 3
169 1144 448 1190 quantumque
474 1139 690 1177 emorbus'
714 1149 737 1176 a
765 1137 916 1177 ‘uitio'
942 1137 1138 1176 differret.
1185 1135 1387 1176 Caelius
1411 1135 1561 1176 Sabi-

168 1209 258 1236 nus
295 1195 343 1234 in
385 1195 538 1241 libro,
579 1205 700 1243 quem
728 1195 785 1232 de
818 1193 992 1232 edicto
1024 1192 1274 1232 aedilium
1307 1191 1560 1232 curulium

169 1250 423 1301 composuit,
446 1251 739 1289 Labeonem
760 1251 903 1296 refert,
931 1249 1028 1298 quid
1053 1253 1166 1288 esset
1187 1248 1421 1296 emorbus',
1443 1247 1560 1287 hisce.

168 1308 306 1348 uerbis
329 1306 546 1346 definisse:
576 1306 784 1344 Morbus
818 1311 897 1344 est
917 1305 1130 1343 habitus
1161 1304 1420 1353 cuiusque
1445 1315 1561 1343 cor-

169 1364 312 1415 poris
337 1368 522 1401 eontra
547 1366 802 1408 naturam,
838 1361 921 1410 qui
948 1372 1090 1400 usum
1112 1360 1221 1399 eius
1256 1360 1383 1399 facit
1416 1361 1562 1399 dete—

131 1420 373 1462 4riore1n.
420 1418 502 1457 Sed
533 1421 544 1440 ‘
558 1417 769 1456 morbum'
794 1417 894 1456 alias
916 1416 955 1455 in
980 1421 1067 1455 toto
1092 1427 1269 1466 corpore
1291 1416 1482 1455 accidere
1505 1416 1563 1455 di-

172 1477 244 1523 cit,
268 1475 369 1514 alias
386 1474 425 1513 in
448 1478 563 1523 parte
584 1473 785 1523 eorporis.
827 1473 966 1512 Totius
987 1472 1175 1522 eorporis
1193 1473 1430 1512 ‘morbum'
1450 1484 1564 1520 esse,

170 1531 298 1572 ueluti
319 1531 370 1570 sit
393 1530 568 1580 phthisis
590 1535 660 1568 aut
684 1529 829 1577 febris,
860 1529 987 1578 partis
1019 1534 1173 1576 autem,
1206 1529 1334 1568 ueluti
1355 1528 1408 1568 sit
1430 1528 1561 1568 caeei-

133 1595 232 1630 5tas
261 1593 329 1627 aut
349 1587 467 1637 pedis
494 1586 694 1625 debilitas.
749 1586 941 1625 Balbus
974 1590 1160 1632 autem,
1190 1585 1340 1634 inquit,
1372 1590 1420 1624 et
1446 1590 1561 1635 aty-

171 1657 267 1695 pus
296 1642 481 1683 uitiosi
509 1642 691 1691 magis,
723 1653 867 1691 quam
889 1641 1126 1680 morbosi
1156 1646 1295 1689 sunt,
1319 1647 1368 1680 et
1394 1651 1563 1690 equus

172 1701 380 1740 mordax
404 1704 488 1738 aut
510 1698 733 1738 calcitro
756 1697 1007 1745 uitiosus,
1038 1708 1135 1736 non
1166 1697 1441 1737 morbosus
1466 1702 1559 1736 est.

174 1757 274 1797 Sed
298 1755 378 1795 cui
401 1755 611 1794 morbus
635 1759 732 1801 est,
753 1754 885 1793 idem
912 1754 1063 1793 etiam
1083 1753 1313 1793 uitiosus
1335 1758 1434 1801 est„
1468 1754 1562 1792 Ne-

175 1824 269 1862 que
291 1812 525 1851 idtamen
558 1815 742 1849 contra
773 1810 849 1849 sit:
891 1814 1069 1860 potest
1107 1809 1256 1857 enim,
1294 1810 1378 1859 qui
1407 1808 1563 1849 uitio-

175 1881 258 1908 sus
284 1872 382 1915 est,
405 1879 501 1906 non
526 1867 800 1905 morbosus
823 1878 951 1906 esse.
994 1867 1344 1915 Quamobrem,
1369 1873 1478 1905 oum
1501 1865 1564 1903 de

173 1924 378 1964 homine
406 1923 652 1962 morboso
681 1928 882 1971 agetur,
914 1933 1104 1971 neque,
1135 1921 1288 1972 inquit,
1317 1921 1389 1960 ita
1419 1921 1563 1960 dice-

173 1981 527 2028 turt‘Quanto
551 1978 883 2017 obiduitium
905 1978 1123 2017 minoris
1147 1978 1287 2017 erit'.
1618 2007 1619 2010 η

136 2043 156 2077 6
257 2038 316 2075 De
343 2036 531 2075 eunucho
565 2035 729 2084 quidem
761 2034 991 2083 quaesitum
1020 2040 1102 2081 est,
1136 2046 1187 2073 an
1219 2038 1363 2074 contra
1385 2032 1562 2072 edictum
1611 2077 1614 2079 ,

177 2092 368 2132 aedilium
384 2091 595 2130 uideretur
612 2092 895 2139 uenundatus,
927 2090 960 2129 si
996 2090 1232 2139 ignorasset
1254 2094 1436 2139 emptor,
1469 2100 1562 2128 eum

138 2154 157 2188 7
176 2149 407 2187 eunuchum
429 2158 538 2186 esse.
595 2147 765 2186 Labeo
781 2159 805 2186 11
818 2158 889 2186 em
910 2145 1182 2196 respondisse
1206 2145 1338 2193 aiunt,
1367 2142 1563 2184 rethiberi

138 2210 161 2244 8
176 2215 304 2253 posse
327 2203 444 2252 quasi
463 2204 724 2249 morbosum3
756 2214 853 2242 sues
882 2202 1003 2241 etiam
1034 2201 1227 2249 feminas,
1260 2202 1295 2242 si
1318 2200 1480 2241 sterilae
1501 2211 1564 2239 es-

175 2265 269 2299 sent
286 2264 325 2298 et
344 2270 496 2298 uenum
516 2258 668 2306 issent,
692 2270 742 2297 ex
766 2258 900 2298 edicto
925 2257 1117 2297 aedilium
1137 2269 1267 2308 posse
1287 2257 1352 2307 agi
1369 2257 1468 2296 Lab
1482 2266 1565 2295 eo·
