1619 2476
76 58 156 99 102
362 58 466 96 XIII.
496 68 645 96 xxv111.
661 68 824 96 xxvuu.
848 61 999 105 (xxvu.
1020 63 1187 98 xxvm.)

73 171 168 209 inde
190 181 284 209 esse
311 173 475 218 oportet
503 168 637 207 animo
660 174 854 219 prompto
884 180 1050 220 semper
1070 174 1193 219 atque
1220 170 1400 220 intento,
1428 176 1475 212 ut

35 234 57 268 4
72 230 169 266 sunt
189 226 453 272 athletarum,
477 223 547 274 qui
572 224 944 273 <pancratia[sta]e’
969 230 1182 265 uocantur.
1242 227 1343 266 Nam
1365 227 1474 267 sieut

70 283 126 321 illi
158 282 209 320 ad
242 281 483 320 certandum
510 280 649 320 uocati
683 280 879 330 proiectis
909 282 989 320 alte
1025 281 1204 322 brachiis
1238 283 1475 323 consistunt

73 342 279 388 caputque
304 341 344 376 et
370 348 417 376 os
441 348 562 377 suum
583 337 771 377 manibus
794 337 998 387 oppositis
1022 337 1142 387 quasi
1157 339 1265 378 uallo
1283 350 1473 389 praemu-

70 394 203 440 niunt,
228 393 493 442 membraque
511 404 654 432 eorum
672 394 826 441 onmia,
848 394 1090 443 priusquam
1106 406 1246 445 pugna
1262 399 1374 435 mota
1396 400 1472 443 est,

71 456 141 489 aut
167 450 220 488 ad
252 449 446 489 uitandos
476 448 583 489 ictus
616 454 737 489 cauta
765 455 862 489 sunt
893 455 963 489 aut
991 451 1044 489 ad
1067 450 1280 490 faciendos
1304 455 1471 500 parata;

69 506 125 546 ita
147 505 306 545 animus
327 510 451 555 atque
473 516 589 544 mens
623 504 699 545 uiri
721 506 958 555 prudentis,
999 506 1203 546 aduersus
1230 506 1314 546 uim
1338 511 1379 545 et
1403 517 1474 557 pe-

71 561 261 601 tulantias
290 560 527 601 iniuriarum
554 561 665 601 omni
692 562 732 600 in
760 563 851 602 loeo
883 567 1008 612 atque
1036 562 1076 601 in
1098 567 1288 611 tempore
1310 562 1473 612 prospi-

71 618 196 664 ciens,
225 629 319 657 esse
342 617 466 657 debet
486 622 634 664 erecta,
661 618 803 666 ardua,
827 623 972 668 saepta
997 618 1143 667 solide,
1165 618 1372 669 expedita,
1392 618 1473 657 iam

70 673 254 714 sollicitis
276 684 500 722 numquam
523 674 735 722 coniuens,
759 686 964 723 nusquam
987 674 1117 714 aciem
1142 685 1259 714 suam
1283 674 1472 721 flectens,

71 729 242 770 consilia
265 729 623 780 cogitationesque
652 735 795 769 contra
825 731 1015 770 fortunae
1037 731 1214 770 uerbera
1244 734 1473 780 contraque

69 785 239 825 insidias
256 785 511 835 iniquorum,
535 786 654 835 quasi
678 786 845 825 brachia
869 791 909 826 ct
930 797 1097 834 manus,
1121 787 1397 837 protendens,
1421 797 1473 825 ne

70 853 150 891 qua
172 842 210 880 in
233 854 276 881 re
298 842 476 881 aduersa
500 846 539 880 et
560 842 636 889 (in)
667 842 882 892 repentina
911 842 1092 883 incursio
1115 842 1313 893 inparatis
1335 841 1477 892 inpro-

68 898 271 947 tectisque
291 898 409 938 nobis
434 898 659 937 oboriatur.

542 1009 740 1050 XXVIIII.
770 1009 988 1058 (XXVIII.)

71 1088 180 1133 Quod
198 1088 469 1135 Quadrigarius
493 1100 577 1124 eum
597 1089 722 1124 multis
743 1089 961 1125 mortalibus
985 1088 1098 1132 dixit;
1122 1098 1169 1123 an
1192 1086 1283 1134 quid
1302 1091 1338 1122 et
1358 1098 1473 1134 quan-

275 1149 350 1180 tum
367 1143 545 1188 differret,
569 1145 600 1180 si
624 1144 781 1180 dixisset
797 1156 881 1180 cum
895 1145 1019 1181 multis
1035 1144 1264 1180 hominibus.

34 1238 52 1270 1
153 1232 292 1270 Verba
320 1238 416 1273 sunt
445 1233 621 1272 Claudi
648 1230 986 1280 Quadrigarii
1018 1241 1069 1269 ex
1098 1230 1358 1269 annalium
1383 1228 1473 1267 eius

35 1287 197 1327 -ΧΙΙΙῑ
261 1289 511 1328 Contione
544 1288 761 1327 dimissa
800 1287 1049 1333 Metellus
1083 1285 1132 1324 in
1163 1284 1474 1334 Capitolium

68 1343 213 1383 uenit
242 1355 348 1383 cum
382 1344 692 1384 mortalibus
731 1341 928 1387 multis„
966 1341 1086 1379 inde
1126 1341 1326 1379 domum
1353 1351 1473 1388 pro-

31 1406 53 1439 2
70 1399 359 1447 ficiscitur,
400 1404 512 1439 tota
545 1398 734 1438 ciuitas
771 1408 879 1436 eum
912 1395 1133 1435 reduxit.
1196 1396 1295 1434 Cum
1316 1395 1350 1434 is
1372 1394 1475 1434 liber

70 1466 203 1504 eaque
223 1456 352 1495 uerba
371 1455 642 1502 Frontoni,
664 1453 783 1493 nobis
808 1453 844 1492 ei
868 1463 915 1490 ac
938 1451 1147 1501 plerisque
1170 1450 1259 1490 aliis
1282 1450 1474 1490 adsiden-

69 1512 197 1558 tibus,
235 1513 473 1561 legerentur
500 1516 540 1550 et
571 1511 732 1550 cuidam
760 1510 859 1548 haut
879 1519 980 1547 sane
1000 1507 1090 1547 uiro
1116 1507 1287 1547 indocto
1312 1507 1474 1546 uidere-

71 1573 135 1607 tur
161 1567 473 1608 mortalibus
496 1568 670 1606 multis
693 1577 767 1616 pro
792 1564 1044 1604 ‘hominibus
1068 1563 1222 1603 multis’
1247 1562 1388 1612 inepte
1409 1562 1474 1601 fri-

70 1624 248 1673 gideque
272 1623 312 1662 in
332 1623 503 1664 historia
523 1622 729 1672 nimisque
756 1622 794 1661 id
820 1619 984 1671 poetice
1006 1619 1162 1660 dixisse
1176 1651 1185 1667 ,
1209 1624 1298 1659 tum
1318 1619 1475 1658 Fron-

8 1676 11 1678 ’
70 1686 120 1719 to
139 1679 211 1731 illi,
235 1679 299 1719 cui
319 1681 399 1721 hoc
419 1680 659 1719 uidebatur:
685 1678 766 1718 <ain
789 1680 864 1724 tu'‚
887 1677 1030 1726 inquit,
1053 1675 1242 1715 <aliarum
1263 1675 1388 1716 homo
1412 1684 1474 1713 re-

70 1747 160 1775 rum
175 1736 310 1776 iudicii
333 1735 639 1785 elegantissimi,
665 1733 970 1774 mortalibus
994 1732 1173 1771 multis
1197 1732 1382 1781 ineptum
1405 1729 1475 1769 tibi

69 1791 204 1830 uideri
232 1797 271 1832 et
300 1792 509 1842 frigidum,
544 1792 599 1830 nil
620 1796 757 1831 autem
779 1789 978 1828 arbitrare
1000 1798 1151 1828 causae
1175 1787 1328 1834 fuisse,
1360 1785 1473 1838 quod

69 1848 134 1887 uir
158 1848 336 1888 modesti
360 1853 484 1898 atque
504 1847 597 1897 puri
623 1852 663 1887 et
681 1857 814 1897 prope
838 1844 1033 1886 cotidiani
1054 1843 1259 1883 sermonis
1282 1846 1475 1882 morta-

71 1904 206 1943 libus
240 1904 398 1952 maluit‚
433 1915 555 1954 quarn
574 1902 842 1943 ehominibus’
862 1901 1020 1948 dicere,
1052 1899 1312 1948 eandemque
1338 1897 1474 1937 credis

73 1961 248 1999 suturam
280 1960 409 2000 fuisse
438 1959 707 2000 multitudinis
733 1956 1142 2002 demonstrationem,
1176 1954 1211 1994 si
1236 1957 1348 1994 <cum
1374 1955 1475 1994 mul-

71 2015 123 2054 tis
154 2016 427 2064 hominibus',
470 2027 517 2055 ac
538 2027 622 2055 non
656 2020 667 2038 ‘
682 2027 775 2054 cum
814 2013 948 2053 multis
990 2011 1257 2052 mortalibus’
1293 2010 1477 2049 diceret?

37 2077 59 2111 3
74 2071 161 2120 Ego
181 2072 377 2122 quidem’,
397 2072 542 2122 inquit,
561 2071 639 2111 esic
659 2071 869 2118 existimo,
895 2067 973 2108 nisi
991 2067 1106 2108 sime
1123 2066 1339 2117 scriptoris
1356 2065 1475 2106 istius

75 2127 294 2177 omnisque
318 2128 511 2178 antiquae
533 2127 731 2168 orationis
753 2138 870 2167 amor
892 2130 1017 2174 atque
1036 2123 1249 2164 ueneratio
1269 2133 1395 2162 caeco
1413 2132 1476 2161 es-

76 2194 122 2221 se
138 2182 289 2224 iudicio
309 2184 425 2232 facit,
458 2186 581 2233 longe
597 2185 805 2233 longeque
829 2192 925 2221 esse
949 2179 1144 2230 amplius,
1171 2178 1395 2228 prolixius,
1419 2177 1476 2216 fu-

77 2238 176 2288 sius,
203 2239 243 2278 in
268 2240 537 2289 significanda
561 2239 686 2279 totius
711 2249 843 2289 prope
869 2236 1043 2276 ciuitatis
1072 2234 1328 2274 multitudine
1353 2236 1478 2273 ‘mor-
