1619 2476
106 70 163 111 46
757 67 787 107 1.
820 77 895 106 v11.

779 180 867 221 Vll.

107 266 148 301 In
165 264 270 301 hisce
290 265 416 300 uerbis
435 262 627 300 Ciceronis
646 273 693 298 ex
719 263 888 298 oratione
913 261 1042 308 quinta
1067 261 1105 297 in
1121 261 1303 298 Verrem:
1327 261 1434 299 Hanc
1453 261 1525 299 sibi

166 333 245 357 rem
261 320 453 368 praesidio
480 323 632 366 sperant
660 320 843 365 futurum,
871 329 994 365 neque
1021 317 1201 354 mendum
1218 329 1306 355 esse
1330 329 1454 366 neque
1470 319 1526 355 ui-

165 379 255 414 tium
280 388 483 424 errareque
510 377 602 412 istos
617 405 625 420 ‚
653 377 715 422 qui
739 378 859 412 bonos
883 375 998 411 libros
1026 375 1169 411 uiolant
1192 379 1229 412 et
1252 375 1416 413 suturam
1435 375 1527 412 scri·
1591 396 1595 398 ν
1616 369 1619 379 “

166 437 276 479 bunt;
304 440 414 481 atque
433 434 521 470 inibi
542 433 589 469 de
608 432 772 480 quodam
788 433 861 468 alio
881 431 1073 468 Ciceronis
1092 433 1209 469 uerbo
1235 431 1394 479 dictum,
1423 431 1526 480 quod
1582 426 1599 474 ,ζ’

165 493 282 539 probe
303 492 483 538 scriptum
500 501 702 537 perperam
729 494 912 533 mutatur;
946 493 981 524 et
1005 498 1166 536 aspersa
1184 498 1308 536 pauca
1326 488 1373 525 de
1390 488 1523 525 modu-

167 550 212 586 lis
234 550 476 594 numerisque
499 548 702 593 orationis,
729 558 824 594 quos
842 545 973 582 Cicero
992 546 1104 582 auide
1128 550 1291 583 sectatus
1310 551 1381 582 est.

76 640 95 673 1
194 638 245 676 In
278 636 519 677 oratione
553 634 829 675 Ciceronis
864 633 1046 684 quinta
1076 633 1125 673 in
1150 635 1386 682 Verrem,
1419 633 1526 673 libro

108 699 322 745 spectatae
357 693 477 740 fidei,
517 691 800 732 Tironiana
840 702 939 730 cura
979 695 1104 740 atque
1144 690 1364 741 disciplina
1393 692 1524 739 facto,

72 752 306 792 2scribtum
325 749 417 789 fuit:
452 749 698 789 Homines
731 753 942 795 tenues,
977 747 1205 788 obscuro
1237 749 1358 788 loco
1391 746 1524 795 nati,

108 808 384 857 nauigant;
427 806 625 846 adeunt
665 805 724 844 ad
770 816 829 844 ea
873 806 1019 851 loca,
1065 815 1198 854 quae
1243 814 1523 855 numquam

108 871 259 904 antea
291 863 548 902 adierant.
610 863 785 912 Neque
817 861 928 902 noti
960 871 1082 901 esse
1113 860 1200 909 iis,
1234 873 1334 912 quo
1365 871 1527 901 uene-

107 927 247 968 runt,
280 932 451 970 neque
480 930 689 969 semper
716 929 827 958 cum
853 917 1230 968 cognitoribus
1256 929 1379 958 esse
1400 928 1525 968 pos-

108 984 245 1025 sunt,
279 978 371 1016 hac
396 987 497 1016 una
528 981 693 1015 tamen
720 975 921 1015 fiducia
950 974 1213 1022 ciuitatis,
1245 985 1346 1015 non
1371 974 1524 1014 modo

108 1035 244 1085 apud
280 1039 498 1073 nostros
531 1032 899 1081 magistratus,
933 1031 1017 1081 qui
1049 1036 1098 1071 et
1128 1032 1300 1081 legum
1331 1036 1382 1071 et
1414 1029 1526 1070 exi-

109 1090 433 1132 stimationis
473 1089 718 1139 periculo
760 1087 1122 1135 continentur,
1165 1099 1336 1138 neque
1384 1087 1526 1138 apud

109 1149 252 1188 ciues
285 1148 451 1187 solum
486 1147 771 1193 Romanos,
812 1145 897 1195 qui
930 1150 979 1184 et
1012 1144 1274 1185 sermonis
1307 1150 1356 1184 et
1385 1143 1524 1184 iuris

109 1211 155 1245 et
187 1205 467 1244 multarum
498 1214 666 1242 rerum
712 1202 975 1242 societate
1010 1200 1178 1241 iuncti
1219 1206 1362 1250 sunt,
1408 1201 1524 1241 fore
1582 1195 1619 1246 5'¹

108 1274 163 1303 se
193 1266 340 1301 tutos
373 1260 725 1306 arbitrantur,
767 1259 859 1298 sed
892 1269 1220 1308 quocumque
1249 1256 1523 1305 uenerint,
1571 1254 1588 1270 ”’

107 1319 238 1358 hane
272 1316 371 1357 sibi
402 1328 505 1356 rem
537 1315 810 1366 praesidio
842 1320 1063 1366 sperant
1094 1315 1335 1354 futurum.

76 1384 99 1419 3
193 1374 424 1414 Videbatur
455 1372 740 1422 compluribus
771 1371 811 1410 in
846 1377 1033 1411 extremo
1065 1371 1197 1412 uerbo
1230 1371 1385 1411 menda
1412 1381 1523 1411 esse.

108 1432 314 1472 Debuisse
345 1431 452 1470 enim
478 1429 603 1470 scribi
635 1429 837 1479 putabant
870 1440 953 1469 non
987 1429 1248 1476 futurum,
1281 1428 1359 1468 sed
1391 1428 1525 1467 ‘futu·
1568 1454 1584 1462 s

110 1493 234 1535 ram'‚
254 1499 391 1537 neque
409 1486 670 1534 dubitabant,
693 1485 789 1535 quin
807 1485 910 1525 liber
925 1485 1213 1526 emendandus
1233 1489 1369 1533 esset,
1388 1495 1463 1533 ne,
1479 1488 1526 1524 ut

108 1547 148 1585 in
165 1544 335 1585 Plauti
366 1542 585 1584 comoedia
617 1543 841 1590 moechm,
875 1543 935 1582 sic
959 1541 1067 1582 enim
1094 1542 1271 1582 mendae
1297 1552 1400 1582 suae
1418 1540 1523 1580 inlu-

110 1603 289 1649 diabant‚
314 1602 370 1640 ita
385 1601 426 1640 in
446 1599 720 1640 Ciceronis
740 1599 929 1639 oratione
946 1599 1226 1639 soloecismus
1243 1603 1359 1639 esset
1377 1596 1523 1637 ‘mani-

109 1659 335 1700 sestarius’.

77 1719 100 1752 4
197 1717 356 1757 Aderat
372 1717 479 1756 forte
496 1714 551 1753 ibi
568 1713 725 1753 amicus
739 1718 896 1760 noster,
913 1713 1040 1752 homo
1060 1712 1240 1752 lectione
1258 1712 1386 1750 multa
1402 1721 1522 1751 exer-

111 1774 237 1822 citus,
257 1772 321 1812 eui
337 1774 538 1823 pleraque
557 1770 693 1811 onmia
709 1775 894 1810 ueterum
915 1769 1125 1809 literarum
1152 1767 1363 1819 quaesita,
1392 1767 1524 1807 medi-

78 1833 193 1870 5tata
211 1829 488 1880 euigilataque
506 1833 635 1868 erant.
683 1828 722 1866 Is
741 1827 845 1867 libro
863 1826 1053 1876 inspecto
1081 1825 1158 1874 ait,
1183 1826 1339 1865 nullum
1365 1835 1463 1864 esse
1481 1824 1521 1864 in

110 1899 160 1928 eo
179 1888 308 1927 uerbo
325 1897 462 1936 neque
486 1885 681 1925 mendum
709 1895 846 1933 neque
870 1882 1033 1930 uitium,
1063 1882 1365 1922 Ciceronem
1390 1881 1524 1931 probe

79 1948 336 1984 Gacuetuste
353 1945 550 1983 locutum
584 1943 709 1981 ‘Nam
726 1942 978 1980 futurum'
998 1938 1257 1988 inquit‘non
1275 1939 1453 1978 refertur
1469 1937 1568 1977 ad

111 2013 130 2040 r
142 2012 163 2040 e
175 2012 235 2049 m,
266 2000 373 2040 sicut
389 1999 622 2050 legentibus
640 2004 796 2038 temere
814 2002 854 2036 et
869 1995 1080 2035 incuriose
1095 1995 1272 2044 uidetur,
1291 2005 1430 2045 neque
1442 2005 1556 2048 pro,

112 2057 328 2108 participio
359 2056 543 2108 positum
570 2061 654 2104 est,
688 2055 764 2094 sed
796 2053 970 2094 uerbum
1003 2057 1068 2092 est
1095 2051 1374 2100 indefinitum,
1406 2051 1523 2102 quod

114 2114 261 2153 Graeci
284 2115 494 2164 appellant
510 2106 910 2176 ᾗάπαοέμφατονζ
937 2119 1076 2159 neque
1099 2109 1282 2150 numeris
1298 2119 1436 2158 neque
1451 2118 1521 2157 ge-

111 2171 280 2211 neribus
304 2169 619 2220 praeseruiens‚
648 2173 714 2209 set
737 2167 910 2207 liberum
931 2166 1117 2216 undique
1142 2170 1184 2206 et
1205 2165 1520 2228 inpromiscum.
1553 2159 1577 2210 ³,

81 2227 231 2277 7Quali
251 2229 290 2267 C.
312 2226 579 2266 Gracchus
606 2226 736 2266 uerbo
754 2236 857 2265 usus
874 2227 939 2263 est
963 2222 1012 2261 in
1040 2222 1306 2271 oratione,
1333 2221 1450 2262 cuius
1474 2219 1522 2260 ti·
1555 2218 1576 2300 ξ

113 2285 225 2324 tulus
243 2288 309 2324 est
339 2284 399 2323 de
431 2284 472 2322 P.
506 2282 711 2333 Popilio
745 2281 936 2321 circum
969 2279 1350 2328 conciliabula,
1379 2277 1523 2328 inqua
1556 2298 1576 2346 ὲ
