1619 2476
151 65 236 107 134
604 75 609 77 ’
760 65 850 104 XV.
887 75 944 103 x1.

816 210 885 249 xl.

151 304 278 339 Verba
323 302 638 338 senatusconsulti
687 300 733 336 de
768 301 967 349 exigendis
1005 302 1095 337 urbe.
1135 301 1254 337 Roma
1289 301 1550 348 philosophis3

210 365 295 394 item
328 360 444 394 uerba
475 358 586 394 edicti
616 368 836 402 censorum,
880 369 953 404 quo
986 358 1173 403 inprobati
1199 361 1236 393 et
1267 359 1418 394 coerciti
1451 362 1550 395 sunt,

210 416 270 462 qui
313 415 549 462 disciplinam
602 414 827 450 rhetoricam
874 415 1065 450 instituere
1111 418 1146 449 et
1191 424 1370 450 exercere
1409 414 1551 450 Romae

210 476 424 518 coeperant.

117 581 136 614 1
269 572 310 611 C.
329 571 484 611 Fannio
504 570 729 619 Strabone,
759 571 813 610 M.
832 569 998 610 Valerio
1018 570 1213 619 Messalla
1234 581 1344 610 coss.
1368 576 1552 613 senatus-

154 629 390 668 consultum
417 628 467 666 de
492 626 753 677 philosophis
781 632 821 666 et
844 627 895 666 de
924 626 1159 668 rhetoribus
1183 625 1374 674 (Latinis)
1402 628 1553 668 factum

153 689 238 723 est:
291 685 344 723 M.
372 683 696 733 Pomponius
737 688 949 733 praetor
990 686 1228 723 senatum
1265 685 1551 724 consuluit.

154 741 297 790 Quod
328 741 485 779 uerba
515 740 653 779 sacta
682 744 801 779 sunt
826 740 884 778 de
905 738 1247 790 philosophis
1279 743 1328 778 et
1356 740 1414 779 de
1437 741 1552 780 rhe-
1618 735 1619 740 ’

151 797 382 844 toribus,
425 797 481 834 dc
522 807 577 835 ea
615 807 667 835 re
695 796 761 835 ita
795 800 1131 843 censuerunt,
1171 799 1224 835 ut
1252 796 1305 835 Μ.
1336 796 1551 846 Pompo-

152 853 273 892 nius
303 857 519 902 praetor
547 852 995 893 animaduerteret
1022 857 1364 901 <zm-aretque,
1401 853 1478 893 uti
1508 853 1553 893 ei

154 920 177 948 e
207 909 479 958 republica
510 909 720 958 fideque
753 920 843 949 sua
869 909 1158 956 uideretur,
1185 907 1467 949 utiRomae
1494 921 1553 949 ne

152 971 342 1005 essent

117 1056 140 1091 2
238 1049 410 1099 Aliquot
441 1050 590 1090 deinde
622 1050 738 1090 annis
770 1055 868 1101 post
895 1049 936 1089 id
954 1052 1365 1091 senatusconsultum
1381 1051 1450 1091 Cn.
1472 1051 1551 1091 Do—

154 1105 291 1145 mitius
331 1106 638 1147 Ahenobarbus
679 1112 720 1146 et
757 1108 800 1146 L.
837 1106 1015 1147 Licinius
1048 1107 1222 1148 Crassus
1262 1117 1461 1147 censores
1501 1107 1552 1146 de

154 1162 400 1202 coercendis
420 1164 654 1203 rhetoribus
677 1163 830 1203 Latinis
847 1162 903 1203 ita
920 1164 1159 1203 edixerunt:
1187 1164 1221 1203 R
1233 1174 1290 1203 en
1302 1163 1410 1203 unti
1422 1169 1550 1203 atum

154 1224 232 1258 est
261 1219 433 1267 nobis,
480 1231 599 1260 esse
630 1220 895 1267 homines,
945 1219 1028 1270 qui
1065 1231 1250 1260 nouum
1277 1230 1438 1269 genus
1481 1219 1552 1275 di-

153 1274 416 1324 sciplinae
452 1275 819 1323 instituerunt,
858 1277 918 1316 ad
950 1287 1082 1326 quos
1119 1276 1362 1315 iuuentus
1393 1275 1441 1315 in
1479 1277 1552 1315 lu-

153 1331 265 1369 dum
309 1331 620 1379 conueniat3
659 1343 747 1371 eos
779 1331 1087 1383 sibinomen
1122 1331 1434 1381 inposuisse
1464 1332 1552 1371 La-

151 1386 295 1426 tinos
360 1388 629 1435 rhetoras,
693 1387 763 1426 ibi
816 1386 1049 1426 homines
1108 1387 1550 1428 adulescentulos

153 1442 264 1482 dies
300 1447 447 1483 totos
491 1443 747 1483 desidere.
808 1442 1037 1483 Maiores
1077 1443 1273 1491 nostri,
1328 1455 1455 1494 quae
1490 1444 1551 1483 li-

151 1498 310 1539 beros
352 1510 477 1540 suos
509 1499 718 1540 discere
757 1505 802 1539 et
843 1510 973 1549 quos
1004 1499 1051 1539 in
1083 1500 1233 1540 ludos
1271 1500 1411 1540 itare
1442 1503 1551 1540 uel-

152 1556 290 1602 lent,
342 1554 702 1596 instituerunt.
783 1557 923 1595 Haec
966 1567 1125 1604 noua,
1178 1567 1306 1606 quae
1342 1562 1552 1607 praeter

153 1611 589 1652 consuetudinem
630 1624 681 1652 ac
721 1623 912 1652 morem
952 1612 1203 1652 maiorum
1243 1612 1401 1661 fiunt,
1455 1624 1552 1651 ne·

153 1678 249 1718 que
284 1669 491 1717 placent
520 1680 686 1719 neque
722 1675 871 1708 recta
906 1667 1164 1708 uidentur.
1226 1669 1552 1719 Quapropter

153 1729 201 1763 et
239 1723 338 1771 his,
385 1724 471 1774 qui
512 1736 598 1765 eos
640 1726 797 1766 ludos
839 1725 1059 1772 habent,
1113 1729 1162 1764 et
1199 1724 1307 1773 his,
1360 1724 1448 1774 qui
1487 1736 1545 1765 eo

150 1779 331 1820 uenire
375 1788 718 1830 consuerunt,
770 1781 934 1821 uisum
984 1785 1062 1820 est
1115 1779 1435 1828 faciundum,
1492 1786 1551 1820 ut

153 1836 556 1877 ostenderemus
600 1844 833 1879 nostram
876 1835 1211 1884 sententiam,
1253 1836 1406 1883 nobis'
1450 1848 1547 1877 non

151 1893 379 1942 placere.

114 1980 138 2015 3
237 1977 379 2026 Neque
419 1977 496 2017 illis
540 1979 675 2018 solum
711 1978 967 2029 temporibus
1009 1976 1128 2017 nimis
1164 1976 1336 2017 rudibus
1371 1977 1549 2016 necdum

156 2033 313 2072 Graeca
345 2033 560 2084 disciplina
587 2035 799 2084 expolitis,
835 2032 1072 2085 philosophi
1097 2044 1148 2072 ex
1167 2033 1271 2074 urbe
1286 2034 1420 2074 Roma
1439 2031 1550 2083 pulsi

116 2093 272 2136 4sunt‚
311 2100 456 2128 uerum
494 2090 612 2129 etiam
647 2090 878 2132 Domitiano
914 2091 1141 2139 imperante
1180 2089 1546 2130 senatusconsulto

117 2149 138 2183 5
156 2145 274 2184 eiecti
304 2151 427 2195 atque
451 2146 552 2186 urbe
574 2152 614 2186 et
644 2147 757 2187 Italia
786 2145 990 2187 interdicti
1019 2151 1127 2185 sunt.
1189 2145 1276 2195 Qua
1302 2149 1548 2196 tempestate

154 2200 421 2248 Epictetus
461 2214 628 2253 quoque
664 2203 939 2253 philosophus
982 2207 1155 2251 propter
1190 2202 1232 2242 id
1277 2206 1598 2242 senatuscon-s*

154 2256 305 2294 sultum
330 2257 559 2308 Nicopolim
583 2260 715 2299 Roma
745 2259 937 2298 decessit.
