1619 2476
147 67 230 109 210
687 68 755 106 VI.
781 68 905 115 (Vll.)
940 79 1009 107 xx.

805 178 894 218 XX.

148 262 256 306 Quod
280 261 469 308 Vergilius
489 272 510 296 a
527 261 682 296 Nolanis
703 262 749 296 ob
768 272 904 307 aquam
927 261 994 297 sibi
1017 272 1092 296 non
1113 262 1340 308 permissam
1359 262 1508 299 sustulit
1527 276 1548 299 e

207 329 319 353 uersu
345 329 412 353 suo
435 317 567 353 Nolam
597 322 632 353 ct
653 318 780 364 posuit
811 328 936 361 oram3
969 323 1081 364 atquc
1114 318 1162 354 ibi
1185 317 1372 365 quaedam
1405 319 1478 355 alia
1499 319 1546 355 de

205 373 368 410 iucunda
391 374 637 410 consonantia
669 375 872 410 literarum.

108 472 125 505 1
231 461 436 511 Scriptum
460 461 499 500 in
523 461 702 510 quodam
727 460 1023 501 commentarIO
1047 461 1234 511 repperi,
1265 472 1415 502 uersus
1440 461 1545 501 istos

147 530 169 557 a
196 518 435 568 Vergilio
464 517 517 556 ita
543 517 717 567 primum
740 527 834 556 esse
856 518 1050 557 recitatos
1072 522 1197 568 atque
1218 517 1374 558 editos:

202 597 373 634 Talem
400 596 544 634 diues
575 599 685 633 arat
711 595 879 644 Capua
903 600 953 634 et
975 594 1152 634 uicina
1172 596 1376 634 Veseuo

202 653 325 691 Nola
346 652 463 701 iugo
482 665 490 698 3

146 724 295 768 postea
315 718 600 767 Vergilium
622 718 778 767 petisse
800 729 824 756 a
844 718 1025 766 Nolanis,
1059 729 1209 768 aquam
1228 718 1287 758 uti
1315 719 1486 758 duceret
1503 719 1544 759 in

147 775 426 824 propinquum
450 786 542 821 rus,
573 775 756 814 Nolanos
786 775 1033 814 beneficium
1066 774 1238 824 petitum
1267 786 1351 815 non
1380 774 1542 823 fecisse,

145 838 311 880 poetam
335 831 540 871 ostensum
576 842 726 870 nomen
752 831 865 870 urbis
894 842 1062 878 eorum,
1095 831 1213 881 quasi
1243 842 1295 870 ex
1334 831 1544 871 hominum

147 888 366 935 memoria,
410 887 468 927 sic
500 899 550 926 ex
589 887 767 927 carmine
805 899 881 926 suo
920 888 1149 935 derasisse,
1191 890 1427 937 ‘oram'que
1466 899 1542 938 pro

147 948 158 965 ²
172 945 275 983 Nola
286 948 299 965 ³
323 949 507 984 mutasse
526 949 650 994 atque
666 944 721 983 ita
737 943 974 995 reliquisse:

1024 1007 1072 1040 et
1092 1001 1261 1040 uicina
1276 1002 1485 1041 Veseuo

204 1058 233 1096 Ο
245 1069 264 1096 r
277 1068 300 1095 a
322 1058 368 1097 iu
380 1070 404 1106 g
419 1069 456 1096 o.

102 1137 200 1177 2Ea
230 1144 297 1172 res
334 1144 489 1172 uerane
522 1144 571 1172 an
606 1133 707 1171 salsa
744 1132 815 1179 sit,
847 1143 929 1172 non
963 1133 1129 1180 labor03
1169 1133 1266 1182 quin
1295 1138 1432 1172 tamen
1461 1143 1543 1172 me-

144 1192 221 1231 lius
242 1190 498 1239 suauiusque
521 1190 572 1228 ad
596 1189 705 1228 auris
737 1189 788 1228 sit
820 1200 842 1228 0
858 1201 877 1227 r
894 1200 939 1236 a,
975 1201 1097 1239 quam
1124 1190 1255 1229 Nola
1270 1221 1279 1237 ‚
1303 1188 1479 1228 dubium
1499 1188 1542 1227 id

106 1255 128 1290 3
143 1259 226 1288 non
250 1251 325 1286 est.
373 1247 474 1285 Nam
495 1245 652 1286 uocalis
670 1246 708 1284 in
735 1245 871 1296 priore
891 1256 1019 1285 uersu
1041 1251 1228 1286 extrema
1249 1246 1480 1294 eademque
1499 1244 1540 1284 in

146 1302 336 1353 sequenti
373 1303 505 1352 prima
538 1313 692 1341 canoro
725 1301 845 1340 simul
877 1307 1000 1351 atque
1028 1302 1209 1342 iucundo
1238 1302 1350 1341 hiatu
1378 1301 1540 1341 tractim

108 1370 131 1403 4
148 1364 281 1401 sonat.
342 1360 416 1398 Est
435 1359 540 1398 adeo
564 1357 749 1397 inuenire
771 1358 881 1407 apud
903 1358 1063 1398 nobiles
1085 1364 1234 1408 poetas
1252 1358 1542 1398 huiuscemodi

144 1415 358 1457 suauitatis
379 1416 526 1462 multa,
562 1425 668 1463 quae
696 1418 894 1464 appareat
916 1420 1065 1454 nauata
1087 1426 1206 1463 esse,
1239 1427 1323 1455 non
1349 1414 1538 1462 fortuita3

104 1483 126 1516 5
144 1473 219 1513 sed
241 1477 406 1522 praeter
428 1477 590 1511 ceteros
612 1470 744 1510 onmis
773 1470 880 1520 apud
900 1471 1168 1511 Homerum
1193 1472 1382 1522 plurima.
1442 1472 1537 1510 Vno

145 1529 299 1579 quippe
320 1529 359 1567 in
382 1530 475 1568 loco
500 1529 603 1567 tales
625 1532 788 1576 tamque
811 1527 971 1567 hiantes
989 1528 1149 1568 sonitus
1167 1528 1207 1568 in
1230 1527 1410 1569 assiduis
1427 1526 1539 1567 uoci-

142 1587 220 1625 bus
237 1585 423 1636 pluribus
441 1584 556 1624 facit:

193 1656 250 1702 ‘H
277 1656 326 1702 δ’
363 1658 521 1713 ἑτέρη
557 1660 717 1713 θέρεϊ
748 1659 976 1712 προρέει
1007 1661 1191 1702 εἰκυῖα
1221 1656 1424 1714 χαλάζῃ

187 1713 250 1759 ”H
275 1714 425 1771 χιόνι
459 1718 638 1773 ψυχρῇ
670 1713 696 1770 ἢ
731 1715 780 1766 ἐξ
811 1713 1014 1766 ὕδατος
1043 1712 1389 1771 κρυστάλλῳ,

142 1801 266 1846 atque
287 1796 382 1834 item
404 1794 481 1834 alio
504 1796 622 1834 loco:

197 1873 348 1912 Λᾶαυ
384 1864 492 1910 ἅνω
526 1865 745 1912 ὤθεσκε
780 1868 906 1912 ποτὶ
936 1867 1124 1923 λόφον.

103 1973 124 2008 6
230 1963 485 2002 Catullus
521 1974 689 2013 quoque
725 1963 1057 2013 elegantissimus
1099 1968 1315 2013 poetarum
1348 1963 1388 2003 in
1421 1963 1536 2004 hisce
1589 1978 1603 2027 3·

140 2020 350 2059 uersibus:

196 2084 434 2125 Minister
455 2086 772 2136 uetulipuer
792 2086 1000 2126 Falerni

197 2143 349 2191 Inger
378 2140 444 2181 mi
470 2143 670 2182 calices
703 2142 1015 2190 amariores,

198 2197 686 2238 thexP6stumiae
710 2199 856 2239 iubet
877 2199 1161 2249 magistrae

197 2252 421 2293 Ebridsa
442 2254 593 2294 acina
616 2254 964 2302 ebriosioris‚
