1619 2476
140 65 224 108 108
726 67 772 104 11.
800 76 949 107 xxvm,

747 222 931 263 XXVIII.

139 306 223 342 Non
247 315 332 340 esse
358 308 609 350 compertum,
645 303 703 339 cui
731 302 801 337 deo
827 313 906 337 rem
932 301 1100 337 diuinam
1124 300 1206 336 fieri
1231 304 1420 347 oporteat,
1455 311 1540 336 eum

703 363 799 394 terra
831 363 970 393 mouet.

99 469 115 502 1
222 455 430 502 Quaenam
459 464 554 492 esse
588 464 713 492 causa
730 451 940 499 uideatur,
975 451 1244 502 quamobrem
1267 455 1403 490 terrae
1429 454 1540 499 [tre]-

142 521 279 551 mores
305 509 424 556 fiant,
461 521 544 548 non
569 509 694 549 modo
721 508 783 547 his
810 508 1098 549 communibus
1115 507 1328 548 hominum
1345 507 1539 547 sensibus

143 565 491 616 opinionibusque
518 570 795 614 compertum,
828 565 904 604 sed
933 576 984 603 ne
1015 564 1120 603 inter
1148 563 1347 614 physicas
1373 563 1540 613 quidem

143 621 428 672 philosophias
459 621 559 660 satis
582 621 784 669 constitit,
816 625 1092 660 uentorunme
1114 620 1155 659 ui
1179 620 1369 659 accidant
1385 630 1539 670 specus

142 679 362 727 hiatusque
387 682 518 716 terrae
537 678 821 725 subeuntium,
837 689 888 716 an
904 688 1104 726 aquarum
1122 677 1266 716 subter
1281 676 1321 715 in
1337 681 1541 716 terrarum

144 734 258 774 cauis
276 734 517 773 undantium
534 734 722 783 pulsibus
741 734 1034 782 fluctibusque,
1050 734 1106 773 ita
1121 733 1179 772 uti
1194 733 1388 772 uidentur
1404 732 1540 772 existi-

142 798 280 830 masse
304 790 576 838 antiquissimi
597 792 870 837 Graecorum,
892 791 959 839 qui
975 791 1210 840 Neptunum
1229 788 1538 841 <65t615230va'

142 848 475 897 appellauerunt,
510 858 560 885 an
588 847 704 886 cuius
729 847 832 885 aliae
859 847 918 885 rei
944 857 1070 886 causa
1094 845 1319 885 alteriusue
1344 845 1409 885 dei
1432 845 1540 884 uiae

141 903 325 950 numine,
356 904 541 942 nondum
560 903 700 950 etiam,
735 903 855 942 sicuti
872 903 1068 950 diximus,
1095 914 1171 952 pro
1191 907 1304 942 certo
1322 902 1538 942 creditum.

106 968 128 1001 2
143 961 370 1008 Propterea
386 963 551 998 ueteres
563 959 750 1007 Romani,
771 970 863 999 cum
879 959 918 997 in
938 959 1128 998 omnibus
1146 958 1234 998 aliis
1249 958 1359 998 uitae
1376 958 1539 1007 officiis,

140 1022 227 1055 tum
252 1015 291 1054 in
319 1015 618 1055 constituendis
649 1016 915 1065 religionibus
948 1020 1073 1065 atque
1101 1015 1142 1054 in
1164 1015 1226 1054 dis
1251 1015 1540 1054 inmortalibus

141 1071 516 1111 animaduertendis
531 1072 751 1112 castissimi
768 1071 1168 1122 cautissimique,ubi
1185 1077 1337 1111 terram
1353 1071 1541 1111 mouisse

142 1132 360 1167 senserant
375 1128 657 1168 nuntiatumue
675 1134 773 1176 erat,
790 1129 911 1167 serias
930 1129 1018 1168 eius
1036 1128 1097 1167 rei
1113 1139 1241 1168 causa
1259 1128 1394 1168 edicto
1412 1127 1540 1178 irnpe-

140 1185 298 1232 rabant,
318 1185 394 1223 sed
412 1184 478 1222 dei
493 1196 658 1232 nomen,
678 1185 733 1223 ita
749 1185 807 1223 uti
825 1186 944 1232 solet,
970 1185 1035 1224 eui
1053 1184 1213 1224 seruari
1230 1184 1353 1225 ferias
1373 1189 1539 1234 oporte-

140 1246 222 1287 ret,
243 1245 424 1279 statuere
450 1245 490 1279 et
510 1241 672 1279 edicere
691 1241 973 1290 quiescebant,
993 1252 1058 1288 ne,
1077 1240 1198 1280 alium
1217 1252 1294 1291 pro
1314 1240 1392 1280 alio
1411 1239 1538 1280 nomi—

107 1297 307 1343 3nando,
347 1297 451 1336 salsa
482 1297 681 1346 religione
711 1298 912 1347 populum
944 1297 1169 1346 alligarent.
1231 1298 1312 1336 Eas
1347 1296 1469 1336 ferias
1503 1295 1540 1336 si

142 1351 232 1401 quis
271 1352 490 1402 polluisset
526 1353 777 1402 piaculoque
820 1354 873 1392 ob
904 1354 1010 1392 hanc
1041 1364 1128 1392 rem
1161 1364 1268 1403 opus
1304 1357 1436 1400 esset,
1466 1353 1538 1392 ho-

141 1408 260 1448 stiam
279 1408 339 1448 ‘si
369 1409 470 1455 deo,
502 1409 537 1448 si
570 1410 696 1448 deae'
729 1410 995 1449 immolabant
1006 1424 1015 1457 ;
1048 1410 1174 1459 idque
1198 1410 1254 1448 ita
1279 1421 1331 1448 ex
1366 1409 1537 1448 decreto

138 1464 383 1514 pontificum
415 1466 682 1505 obseruatum
713 1477 808 1505 esse
832 1467 886 1505 M.
915 1467 1082 1505 Varro
1109 1465 1226 1514 dicit,
1255 1465 1470 1516 quoniam,
1498 1469 1539 1504 et

141 1532 223 1570 qua
246 1522 288 1560 ui
319 1527 358 1560 et
384 1533 461 1570 per
486 1533 607 1571 quem
635 1523 806 1561 deorum
840 1523 1064 1562 dearumue
1094 1527 1203 1561 terra
1233 1527 1448 1570 tremeret,
1480 1521 1538 1560 in·

142 1582 298 1616 eertum
322 1583 448 1617 esset.

95 1638 117 1670 4
223 1633 307 1673 Sed
324 1635 376 1673 de
400 1635 522 1673 lunae
545 1635 732 1684 solisque
751 1635 1078 1683 defectionibus,
1113 1646 1197 1675 non
1222 1634 1358 1674 minus
1382 1634 1423 1673 in
1447 1633 1537 1673 eius

96 1695 115 1726 ὁ
133 1690 193 1728 rei
219 1701 344 1730 causa
372 1690 620 1740 reperienda
654 1703 749 1731 sese
775 1696 1064 1732 exercuerunt.
1127 1691 1288 1741 Quippe
1311 1691 1365 1730 M.
1389 1691 1536 1738 Cato,

139 1745 202 1784 uir
230 1747 270 1785 in
294 1747 600 1796 cognoscendis
617 1748 743 1787 rebus
769 1749 882 1788 multi
909 1748 1053 1796 studii,
1085 1748 1244 1787 incerta
1257 1752 1395 1786 tamen
1413 1750 1454 1785 et
1479 1746 1537 1785 in-

94 1805 116 1840 6
134 1802 299 1842 curiose
331 1814 459 1853 super
490 1815 537 1843 ea
569 1815 614 1843 re
650 1805 842 1854 opinatus
878 1810 954 1845 est.
1029 1805 1172 1844 Verba
1212 1802 1428 1845 Catonis
1474 1813 1537 1841 ex

138 1859 399 1908 originum
433 1865 620 1909 quarto
664 1861 766 1900 haec
799 1866 914 1901 sunt:
955 1862 1062 1900 Non
1100 1857 1247 1900 lubet
1276 1859 1536 1907 scribere,

139 1916 279 1962 quod
317 1914 365 1954 in
404 1917 586 1955 tabula
624 1918 763 1966 apud
792 1917 1104 1967 pontificem
1137 1916 1410 1956 maximum
1436 1919 1536 1962 est,
1591 1933 1595 1940 ·

137 1972 386 2018 quotiens
414 1984 620 2012 annona
652 1985 792 2021 cara,
821 1973 1074 2023 quotiens
1105 1975 1258 2012 lunae
1287 1976 1372 2010 aut
1403 1970 1536 2011 solis

97 2029 116 2063 7
134 2026 331 2066 lumine
377 2028 548 2078 caligo
596 2035 681 2068 aut
729 2029 853 2079 quid
900 2029 1189 2069 obstiterit.
1249 2029 1396 2078 Vsque
1428 2027 1535 2067 adeo
1560 2069 1562 2071 ,

135 2083 366 2176 pafud'foeit
382 2084 565 2125 rationes
584 2096 707 2125 ueras
733 2085 834 2126 solis
853 2091 894 2125 et
908 2087 1031 2125 lunae
1048 2084 1326 2125 deficientium
1341 2085 1409 2124 uel
1427 2082 1537 2124 scire
1569 2083 1572 2136 ]

133 2148 186 2176 ue
261 2149 383 2178 icere.
