1635 2492
617 35 726 74 XVI.
755 46 811 73 v1.
843 47 917 74 vu.
1392 37 1473 78 155

67 150 144 190 sed
165 159 275 189 nunc
298 159 377 199 ego
400 158 425 186 a
443 154 486 187 te
505 148 674 200 rogaui,
698 159 877 198 ecquam
899 148 1009 189 scias
1032 159 1129 189 esse
1151 149 1324 190 huiusce
1349 161 1474 191 uoca-
1491 157 1514 192 8

66 206 151 246 buli
166 205 400 245 rationem’.
460 205 600 254 Atque
615 203 682 244 ille
702 205 800 244 nihil
814 210 1045 255 cunctatus,
1063 206 1139 245 sed
1157 206 1326 246 nimium
1348 219 1474 257 quan·
1490 213 1513 248 9

65 267 154 302 tum
169 262 388 302 audacter:
420 264 573 309 ‘oues’‚
603 260 747 311 inquit,
779 262 1034 302 t‘bidentes’
1055 262 1204 315 dictae,
1229 264 1343 312 quod
1366 264 1473 304 duos

0 327 17 357 ἓν
64 323 226 359 tantum
253 318 401 358 dentes
439 318 656 358 habeant’.
719 318 822 358 ‘Vbi
853 324 1078 367 terrarum,
1107 331 1265 369 quaeso
1294 323 1384 367 te,’
1417 320 1474 359 in·
1487 328 1532 362 10

67 386 192 426 quam
205 407 214 424 ,
240 379 252 399 <
260 375 367 415 duos
389 375 506 415 solos
523 386 599 425 per
613 379 802 415 naturam
820 375 966 415 dentes
987 375 1142 415 habere
1165 387 1288 415 ouem
1304 375 1473 416 uidisti?

67 436 278 473 ostentum
310 431 418 471 enim
443 436 508 471 est
537 436 578 471 et
599 431 772 482 piaculis
808 432 926 473 factis
958 433 1310 483 procurandum'.
1373 434 1528 474 Tumll

65 489 134 528 ille
154 493 371 539 permotus
393 487 490 528 mihi
511 492 552 528 et
570 488 781 529 inritatus:
817 492 1021 539 ‘quaere',
1053 489 1197 539 inquit,
1234 492 1302 528 ‘ea
1318 490 1472 540 potius,

68 556 175 596 quae
198 556 221 585 e
237 543 504 596 grammatico
524 546 763 596 quaerenda
780 550 897 594 sunt3
931 557 1026 585 nam
1050 546 1101 585 de
1120 545 1261 586 ouium
1281 545 1473 586 dentibus

67 601 271 652 opiliones
293 604 621 652 percontantur'.
684 602 871 643 Facetias
894 602 1114 642 nebulonis
1132 601 1310 643 hominis
1337 602 1409 642 risi
1435 608 1530 645 et12

64 658 226 708 reliqui.

149 716 193 756 P.
215 720 351 756 autem
369 715 616 765 Nigidius
633 715 673 755 in
692 716 808 764 libro,
833 726 955 765 quem
975 715 1033 754 de
1060 715 1194 755 extis
1222 715 1471 766 composuit,

65 771 291 812 ‘bidentes'
309 771 510 822 appellari
527 772 583 812 ait
598 784 681 813 non
706 784 809 813 oues
831 773 958 819 solas,
989 772 1066 812 sed
1086 783 1232 812 onmes
1251 772 1384 812 bimas
1400 773 1472 812 ho-

65 829 180 878 stias,
204 840 341 879 neque
367 833 504 868 tamen
525 828 626 868 dixit
647 829 844 879 apertius,
869 840 941 868 cur
966 828 1213 876 <bidentes’;
1242 830 1330 877 sed,
1360 830 1530 879 quod13

65 887 172 927 ultro
188 883 560 934 existumabam11s,
591 885 633 924 id
655 886 854 936 scriptum
876 885 1109 925 inuenimus
1142 885 1181 924 in
1214 896 1234 924 c
1250 897 1272 925 o
1287 897 1445 925 mmen
1459 908 1472 914 -

63 943 220 984 tariis
243 942 493 993 quibusdam
517 943 577 981 ad
604 942 682 983 ius
704 955 730 993 p
746 941 900 982 ontifi
917 954 1027 982 cum
1049 942 1366 992 pertinentibus,
1398 942 1471 981 ‘bi-
1496 952 1498 954 ·

65 1002 241 1040 dennes'
267 999 399 1050 primo
423 999 567 1047 dictas,
598 998 756 1039 dlitera
770 999 953 1047 inmissa,
988 998 1106 1049 quasi
1134 998 1353 1046 ‘biennes',
1384 1003 1470 1038 tum

64 1059 192 1107 longo
207 1068 287 1096 usu
304 1056 505 1106 loquendi
522 1062 760 1106 corruptam
778 1067 927 1096 uocem
943 1067 1039 1095 esse
1058 1060 1097 1095 et
1115 1067 1166 1095 ex
1186 1055 1469 1096 ‘bidennibus’

66 1113 290 1153 ‘bidentes’
320 1113 490 1160 sactum,
526 1113 720 1162 quoniam
743 1112 783 1151 id
805 1112 1025 1152 uidebatur
1053 1123 1147 1152 esse
1171 1112 1281 1151 dictu
1312 1112 1470 1151 facilius

65 1169 299 1220 leniusque.

150 1225 398 1278 Hyginus
419 1231 556 1266 tamen
583 1225 770 1275 lulius,
805 1225 873 1275 qui
894 1225 957 1265 ius
983 1224 1227 1275 pontificum
1255 1237 1337 1266 non
1359 1226 1471 1266 uide-
1485 1236 1530 1271 14

67 1289 133 1324 tur
155 1283 397 1333 ignorasse,
428 1283 468 1322 in
497 1288 681 1332 quarto
715 1282 988 1330 librorum,
1017 1293 1123 1331 quos
1151 1281 1209 1320 de
1232 1283 1468 1332 Vergilio

66 1339 184 1388 fecit,
213 1339 437 1380 ‘bidentes'
456 1338 658 1389 appellari
681 1337 849 1389 scripsit
869 1338 1047 1386 hostias,
1080 1348 1185 1386 quae
1202 1349 1278 1388 per
1294 1344 1470 1378 aetatem

67 1398 173 1437 duos
213 1397 361 1436 dentes
398 1395 564 1436 altiores
607 1396 821 1435 haberent.
882 1395 1023 1435 Verba
1057 1394 1164 1434 illius
1202 1394 1295 1444 ipsa
1325 1395 1469 1445 posui:
1490 1409 1527 1441 15

66 1454 206 1504 Quae
233 1453 428 1492 bidens
464 1457 561 1500 est,
602 1452 754 1502 inquit,
798 1451 995 1499 hostia,
1036 1455 1253 1501 oportet
1288 1452 1471 1491 habeat

66 1511 253 1550 dentes
278 1514 418 1557 octo,
450 1509 542 1548 sed
565 1520 625 1548 ex
651 1508 725 1549 his
754 1509 852 1548 duo
878 1508 1078 1548 ceteris
1100 1507 1349 1556 altiores,
1380 1520 1472 1558 per

67 1578 198 1617 quos
238 1570 513 1615 appareat,
562 1576 628 1604 ex
673 1565 873 1605 minore
910 1569 1083 1604 aetate
1126 1563 1180 1602 in
1227 1564 1471 1604 maiorem

65 1627 180 1662 tran
195 1633 249 1662 sc
264 1621 413 1662 endis
429 1633 495 1661 se.
525 1620 714 1672 Hygini
739 1621 877 1671 opinio
897 1632 947 1660 an
965 1632 1065 1660 uera
1077 1620 1141 1668 sit,
1155 1631 1238 1659 non
1257 1631 1471 1670 argumen-

64 1678 140 1732 tis,
173 1680 248 1719 sed
274 1677 406 1719 oculis
428 1677 561 1718 uideri
584 1682 736 1728 potest.

725 1790 812 1830 VII.

68 1874 179 1919 Quod
200 1875 380 1910 Laberius
403 1875 519 1909 uerba
540 1874 721 1920 pleraque
748 1873 920 1907 licentius
946 1870 1250 1917 petulantiusque
1275 1870 1403 1915 finxit;
1437 1876 1471 1906 et

125 1930 227 1978 quod
242 1931 366 1968 multis
383 1931 468 1966 item
487 1930 613 1966 uerbis
631 1930 755 1972 utitur,
781 1927 826 1963 de
850 1928 997 1974 quibus,
1021 1938 1068 1962 an
1088 1927 1162 1963 sint
1176 1927 1318 1970 Latina,
1343 1928 1470 1973 quaeri

125 1988 231 2024 solet.

153 2074 407 2114 Laberius
438 2073 479 2113 in
510 2072 705 2120 mimis,
740 2083 846 2121 quos
869 2071 1135 2122 scriptitauit,
1163 2069 1318 2121 oppido
1350 2076 1509 2119 quaml

70 2131 199 2171 uerba
226 2130 344 2170 finxit
365 2130 652 2180 praelicenter.
712 2129 813 2169 Nam
842 2132 882 2167 et
899 2127 1294 2167 ‘mendicimonium'
1318 2126 1414 2166 dicit
1431 2131 1471 2166 et
1486 2132 1508 2166 2

70 2187 470 2228 ‘moechimonium'
494 2191 534 2226 et
560 2185 909 2226 ‘adulterionem'
937 2183 1370 2232 ‘adulteritatem’que
1392 2194 1468 2233 pro

71 2243 310 2284 ‘adulterio’
328 2248 368 2284 et
390 2241 687 2294 <depudicauit’
711 2253 786 2291 pro
805 2240 1040 2290 ‘stuprauit'
1070 2245 1110 2279 et
1131 2239 1371 2279 ‘abluuium'
1397 2250 1471 2289 pro
