1619 2476
184 63 264 109 146
705 64 788 102 1111.
815 73 906 101 vm.
936 73 1041 102 v1111.

821 175 925 213 VIII.

183 259 280 304 Quid
313 258 350 294 C.
370 258 563 294 Fabricius
598 257 644 293 (10
676 257 847 293 Cornelio
880 257 1034 302 Rufino,
1062 256 1215 293 homine
1249 268 1385 301 auaro,
1415 257 1562 302 dixerit,

239 325 367 360 quein,
403 325 487 349 cum
515 313 660 349 odisset
694 314 938 359 iniinicusque
975 317 1096 357 esset,
1137 312 1411 360 designandum
1440 318 1563 348 tamen

239 371 431 406 consulem
453 371 611 405 curauit.

144 465 161 497 1
264 455 474 495 Fabricius
503 455 704 494 Luscinus
739 466 887 504 magna
916 453 1048 504 gloria
1072 455 1136 495 uir
1164 456 1407 505 magnisque
1435 455 1561 495 rebus
1598 482 1601 491 2

144 519 165 552 2
182 511 309 561 gestis
341 511 426 551 suit.
468 512 510 550 P.
535 511 747 551 Cornelius
770 511 943 550 Rufinus
976 521 1100 551 manu
1120 511 1284 561 quidem
1307 515 1500 550 strenuus
1523 515 1565 550 et

180 569 355 606 bellator
390 568 525 606 bonus
566 567 832 616 militarisque
869 565 1109 615 disciplinae
1146 567 1302 617 peritus
1340 567 1564 606 admodum
1588 564 1601 583 ‘'

144 630 166 664 3
183 623 273 670 suit,
305 623 380 662 sed
407 624 525 662 furax
554 623 678 662 homo
700 627 740 661 et
758 622 927 661 auaritia
950 622 1033 660 acri
1055 628 1155 661 erat.
1213 624 1332 662 Hunc
1352 622 1562 661 Fabricius
1588 643 1597 653 .-

182 691 263 719 non
294 679 496 728 probabat
522 690 658 727 neque
684 678 813 717 amico
844 678 1034 717 utebatur
1070 690 1255 728 osusque
1279 690 1371 718 eum
1402 678 1589 717 morum'

142 742 165 775 4
183 746 307 778 causa
330 735 415 774 suit.
458 734 542 773 Sed
564 746 655 773 cum
677 734 716 772 in
737 733 993 783 temporibus
1017 734 1075 772 rei
1097 733 1342 774 difficillimis
1368 735 1563 773 consules

182 791 348 830 creandi
377 792 512 830 forent
540 795 580 828 et
607 790 641 829 is
663 790 836 828 Rufinus
858 794 1016 838 peteret
1038 791 1298 829 consulatum
1323 789 1563 839 competito-

181 858 333 895 resque
355 845 442 885 eius
473 850 615 885 essent
640 845 811 884 inbelles
835 845 998 894 quidam
1028 851 1068 884 et
1096 846 1269 893 futtiles,
1298 857 1457 885 summa
1482 856 1563 894 ope

144 911 163 942 ὁ
181 903 375 941 adnixust
404 901 632 949 Fabricius,
664 901 722 940 uti
741 901 890 940 Rufino
915 903 1154 940 consulatus
1179 903 1420 940 deferretur.
1462 902 1561 939 Eam

182 969 267 996 rem
296 957 505 1007 plerisque
536 957 851 1004 admirantibus,
889 957 1002 1006 quod
1027 957 1234 997 hominem
1269 968 1458 1004 auarum,
1499 957 1565 996 cui

142 1019 163 1054 6
181 1019 293 1052 esset
321 1012 644 1060 inimicissimus,
674 1012 803 1051 creari
838 1014 1068 1060 [consulem
1097 1017 1278 1062 peteret,
1311 1011 1564 1060 ε1111110’,111·

182 1069 285 1118 quit,
309 1073 320 1091 ς
335 1069 434 1108 ciuis
458 1073 537 1116 me]
567 1068 779 1118 compilet,
805 1079 926 1117 quam
947 1069 1079 1108 hostis
1104 1069 1296 1108 uendat'.
1588 1075 1589 1081 ¹

143 1128 162 1163 7
263 1126 381 1164 Hunc
398 1125 591 1164 Rufinum
606 1128 754 1174 postea
774 1124 836 1163 bis
861 1126 1078 1163 consulatu
1099 1129 1140 1164 et
1161 1124 1363 1163 dictatura
1381 1125 1564 1163 functum

182 1191 332 1220 censor
358 1179 566 1219 Fabricius
588 1185 734 1220 senatu
752 1180 880 1219 mouit
902 1180 954 1219 ob
978 1180 1163 1221 luxuriae
1184 1185 1335 1228 notam,
1362 1180 1475 1229 quod
1495 1180 1564 1218 de-

143 1242 270 1276 800111
301 1237 441 1286 pondo
471 1236 594 1275 libras
628 1235 786 1284 argenti
809 1235 903 1274 facti
924 1236 1140 1283 ha[be]ret.
1186 1236 1231 1274 Id
1259 1240 1416 1283 autem,
1450 1235 1563 1285 quod

182 1303 308 1341 supra
332 1291 498 1341 scripsi,
517 1291 745 1329 Fabricium
770 1291 821 1329 de
845 1291 1031 1330 Cornelio
1061 1291 1210 1330 Rufino
1232 1290 1306 1338 ita,
1337 1290 1395 1329 uti
1415 1290 1454 1329 in
1478 1291 1563 1340 ple-

181 1358 309 1395 raque
329 1347 498 1386 historia
521 1346 717 1395 scriptum
743 1350 824 1393 est,
852 1345 1025 1393 dixisse,
1048 1347 1101 1385 M.
1125 1345 1301 1385 Cicero
1326 1358 1409 1386 non
1431 1347 1518 1386 aliis
1539 1357 1565 1385 a
1617 1378 1619 1381 Α

181 1402 387 1450 Fabricio,
411 1403 486 1441 sed
515 1402 594 1451 ipsi
615 1402 788 1448 Rufino,
820 1401 970 1449 gratias
1001 1401 1155 1450 agenti,
1189 1402 1302 1450 quod
1327 1405 1439 1451 [ope]
1473 1402 1562 1441 eius
1617 1412 1619 1431 ³

182 1458 420 1508 designatus
453 1463 584 1505 esset,
617 1457 769 1496 dictum
801 1468 895 1496 esse
916 1458 1040 1496 refert
1077 1456 1124 1495 in
1159 1456 1290 1496 libro
1332 1458 1562 1497 secundo
1616 1472 1619 1488 ⁴

183 1514 240 1553 dc
270 1519 486 1554 oratore.

814 1657 933 1697 V1111.

186 1729 282 1783 Quid
305 1738 491 1785 significet
512 1739 663 1784 proprie
685 1738 911 1784 religiosus;
938 1741 973 1772 et
994 1738 1032 1772 in
1055 1748 1150 1783 quae
1173 1737 1395 1774 diuerticula
1416 1737 1561 1784 signifi-

240 1796 333 1830 catio
355 1795 462 1830 istius
483 1794 655 1830 uocabuli
677 1793 775 1829 flexa
796 1795 863 1837 sit3
896 1797 930 1828 et
951 1795 1064 1829 uerba
1084 1794 1223 1840 Nigidii
1247 1794 1377 1840 Figuli·
1392 1804 1439 1829 ex
1460 1804 1560 1828 com-

239 1851 428 1886 mentariis
451 1851 530 1886 eius
560 1860 670 1895 super
698 1861 742 1885 ea
763 1860 802 1884 te
824 1845 993 1895 sumpta(

146 1949 161 1980 1
265 1934 500 1984 Nigidius
524 1935 753 1984 Figulus,
783 1935 926 1981 homo,
956 1939 1001 1973 ut
1030 1944 1107 1983 ego
1137 1933 1334 1981 arbitror,
1367 1933 1481 1972 iuxta
1504 1934 1571 1972 M:-
1608 1935 1619 1941 ”

182 1993 465 2030 Varronem
487 1989 773 2038 doctissimus,
795 1990 840 2028 in
869 1989 1144 2029 undecimo
1168 1989 1569 2046 commentario-33⁸·

182 2058 288 2085 rum
318 2046 764 2095 grammaticorum
792 2057 959 2085 uersum
990 2057 1048 2084 ex
1076 2043 1298 2093 antiquo
1333 2044 1567 2086 carmine*

183 2103 325 2148 refert,
348 2102 543 2141 memoria
564 2102 701 2140 hercle
720 2101 903 2150 dignum:

240 2207 250 2218 .
282 2179 626 2228 .Religentem
659 2178 777 2219 esse
815 2183 1046 2228 oportet,
1083 2177 1162 2227 [at]
1193 2177 1615 2228 religiosumstmz

1028 2235 1198 2282 nefas,
