1619 2476
106 51 162 93 64
668 50 753 88 ΧΠ.
782 60 839 88 xi.
867 60 942 88 ΧΠ.

67 173 89 207 2
189 164 333 204 Virum
358 163 523 212 quidem
549 161 780 212 sapientem
803 173 887 201 non
910 166 1179 211 peccaturum
1207 173 1303 202 esse
1329 161 1506 207 dicebat,

107 220 267 261 etiamsi
289 231 493 269 peccasse
524 229 618 258 eum
650 217 705 257 dii
733 222 858 268 atque
888 218 1078 258 homines
1100 218 1328 268 ignoraturi
1360 219 1509 257 forent.

67 288 87 321 3
106 279 194 316 Non
226 276 333 315 enim
359 287 522 326 poenae
544 279 614 315 aut
641 274 832 314 infamiae
865 280 977 315 metu
1007 286 1091 314 non
1122 286 1219 315 esse
1250 274 1511 325 peccandum

67 344 88 377 4
107 333 317 379 censebat,
351 333 427 372 sed
452 331 548 372 iusti
574 331 826 381 honestique
852 331 991 371 studio
1012 336 1054 371 et
1080 331 1234 372 officio.
1295 331 1339 371 Si
1362 330 1433 381 qui
1455 335 1505 369 ta-

105 401 198 428 men
221 401 306 428 non
324 395 466 428 essent
485 388 554 428 tali
572 390 638 428 uel
654 388 818 438 ingenio
837 389 906 427 uel
927 388 1146 438 disciplina
1161 387 1359 438 praediti,
1388 387 1447 427 uti
1465 398 1510 426 se

104 446 146 486 ui
172 457 250 486 sua
266 456 315 485 ac
338 457 415 486 sua
432 451 583 496 sponte
602 445 720 485 facile
738 456 761 483 a
785 445 1000 493 peccando
1022 450 1236 492 tenerent,
1269 456 1343 486 eos
1377 442 1511 484 omnis

103 509 202 542 tunc
231 513 409 552 peccare
442 502 670 552 procliuius
704 501 983 550 existimabat,
1024 513 1117 542 cum
1150 503 1279 541 latere
1309 511 1441 552 posse
1470 499 1513 538 id

109 564 325 609 peccatum
348 564 543 609 putarent
572 558 928 608 inpunitatemque
958 570 1010 598 ex
1027 570 1077 598 ea
1097 559 1254 598 latebra
1271 562 1511 609 sperarent;

69 624 89 657 5
109 620 168 654 tat
192 615 228 655 si
258 616 422 662 sciant’,
454 615 596 665 inquit,
630 615 847 662 ‘homines
879 615 976 654 nihil
994 615 1176 656 omnium
1200 626 1338 655 rerum
1360 613 1511 654 diutius

71 679 93 714 6
110 683 240 722 posse
258 672 638 722 celari‚repressius
658 671 966 722 pudentiusque
983 672 1253 722 peccabitur’.
1284 672 1513 722 Propterea

104 740 254 768 uersus
278 729 382 770 istos
402 729 429 768 S
444 741 467 768 o
480 729 575 779 pho
589 729 673 776 cli,
693 728 1004 778 prudentissimi
1025 734 1256 780 poetarum,
1266 729 1307 769 in
1326 739 1398 769 ore
1415 738 1511 767 esse

105 786 320 826 habendos
341 786 525 825 dicebat:

159 858 308 915 Πρὸς
338 863 508 902 ταῦτα
520 856 759 927 κρύπτε
789 859 982 925 μηδέν,
1019 854 1087 909 ὡς
1118 853 1324 901 ἅπανθ’
1358 853 1511 923 ὁρῶν

161 917 264 961 Καὶ
302 913 460 959 πάντ’
504 912 753 970 ἁκούων,
794 914 932 958 πάντ
993 912 1346 958 ἀναπτύσσει
1380 910 1512 968 χρό-

944 987 1054 1022 νος.

69 1070 89 1105 7
192 1062 310 1102 Alius
334 1060 500 1111 quidam
522 1066 709 1100 ueterum
730 1068 961 1112 poetarum,
981 1061 1097 1102 cuius
1119 1072 1271 1101 nomen
1289 1059 1385 1100 mihi
1401 1071 1511 1099 nunc

107 1119 332 1159 memoriae
350 1129 432 1158 non
456 1123 539 1164 est,
573 1118 797 1158 Veritatem
818 1118 1034 1169 Temporis
1057 1118 1181 1158 filiam
1203 1129 1298 1158 esse
1314 1117 1427 1157 dixit.

763 1241 849 1281 ΧΠ.

106 1320 243 1355 Faceta
270 1320 468 1366 responsio
486 1320 537 1355 M.
558 1319 773 1364 Ciceronis,
798 1323 1008 1357 amolientis
1034 1333 1055 1357 a
1088 1332 1128 1356 se
1147 1321 1289 1357 crimen
1322 1320 1509 1357 manifesti

706 1377 906 1412 mendacii.

70 1478 85 1511 l
190 1463 302 1501 Haec
323 1473 493 1511 quoque
511 1461 728 1512 disciplina
742 1464 950 1504 rhetorica
969 1470 1053 1512 est,
1087 1464 1232 1504 callide
1250 1469 1291 1503 et
1309 1474 1401 1503 cum
1417 1468 1511 1503 astu

107 1530 175 1558 res
202 1518 446 1558 criminosas
475 1518 576 1558 citra
600 1520 830 1570 periculum
853 1521 1061 1569 confiteri,
1089 1526 1134 1561 ut
1160 1521 1195 1561 si
1223 1520 1431 1561 obiectum
1458 1519 1512 1560 sit

110 1581 228 1625 turpe
251 1574 425 1625 aliquid,
458 1576 568 1625 quod
596 1577 738 1626 negari
759 1589 842 1618 non
867 1584 1014 1628 queat,
1043 1577 1322 1628 responsione
1339 1576 1512 1617 ioculari

108 1632 254 1671 eludas
288 1636 329 1671 et
357 1642 445 1671 rem
477 1632 603 1671 facias
640 1633 726 1673 risu
759 1634 889 1683 magis
931 1634 1117 1684 dignam,
1159 1645 1282 1684 quam
1328 1633 1508 1674 crimine.

108 1688 224 1728 Sicut
249 1688 400 1728 fecisse
425 1688 721 1729 Ciceronem
749 1691 945 1731 scribtum
971 1696 1054 1739 est,
1087 1702 1180 1730 cum
1201 1690 1263 1740 id,
1293 1691 1407 1741 quod
1422 1689 1510 1729 infi-

70 1745 198 1788 2tiari
218 1757 302 1785 non
323 1750 505 1794 poterat,
535 1746 694 1786 urbano
722 1748 944 1798 facetoque
965 1747 1073 1788 dicto
1108 1747 1236 1787 diluit.
1295 1749 1397 1787 Nam
1418 1757 1510 1787 cum

109 1813 246 1841 emere
264 1803 390 1841 uellet
407 1802 446 1841 in
465 1802 620 1842 Palatio
645 1804 810 1844 domum
830 1810 870 1844 et
897 1804 1116 1855 pecuniam
1136 1803 1177 1843 in
1203 1815 1411 1854 praesens.
1425 1815 1510 1844 non

108 1859 301 1906 haberet,
328 1870 352 1896 a
366 1859 410 1897 P.
433 1858 558 1907 Sulla,
592 1860 762 1909 quitum
786 1873 883 1902 reus
905 1866 1013 1909 erat,
1043 1865 1184 1900 mutua
1199 1861 1437 1901 sestertium
1452 1859 1508 1899 ui-

70 1923 92 1958 3
110 1915 223 1955 ciens
247 1915 371 1954 tacite
388 1915 561 1966 accepit.
622 1917 681 1955 Ea
703 1928 771 1957 res
793 1924 943 1966 tamen,
964 1918 1209 1968 priusquam
1230 1926 1398 1966 emeret,
1414 1915 1509 1967 pro-

110 1971 193 2010 dita
214 1977 278 2011 est
298 1977 339 2011 et
356 1971 397 2010 in
420 1974 570 2022 uulgus
593 1972 732 2022 exiuit,
760 1975 1053 2025 obiectumque
1073 1973 1111 2014 ei
1133 1979 1218 2022 est,
1248 1974 1362 2024 quod
1387 1984 1510 2024 pecu-

72 2038 94 2072 4
110 2027 219 2066 niam
237 2029 387 2068 domus
406 2030 609 2069 emendae
627 2040 755 2070 causa
778 2043 802 2071 a
817 2043 888 2071 reo
911 2031 1159 2081 accepisset.
1182 2030 1509 2077 Tum..Cicer0,

110 2083 322 2133 inopinata
354 2085 678 2135 obprobratione
701 2093 934 2137 permotus,
971 2087 1188 2138 accepisse
1209 2099 1256 2127 se
1276 2086 1444 2136 negauit
1462 2098 1511 2126 ac

112 2140 280 2180 domum
304 2153 472 2191 quoque
495 2154 542 2182 se
566 2148 799 2192 empturum
822 2144 988 2194 negauit
1007 2149 1133 2193 atque
1156 2145 1334 2192 (Μεθ’,
1364 2142 1509 2193 inquit,

112 2199 274 2236 ‘uerum
297 2198 368 2245 sit,
403 2199 619 2249 accepisse
636 2210 701 2239 me
723 2201 952 2251 pecuniam,
981 2200 1017 2240 si
1034 2201 1202 2240 domum
1223 2201 1396 2241 emero’.
1425 2200 1511 2240 Sed
1555 2234 1561 2239 .

113 2261 206 2291 cum
231 2260 379 2303 postea
400 2255 571 2295 emisset
593 2260 633 2294 et
658 2256 738 2297 hoc
759 2257 1017 2297 mendacium
1039 2257 1079 2297 in
1105 2262 1253 2298 senatu
1273 2257 1311 2297 ei
1332 2257 1383 2297 ab
1416 2256 1511 2296 ami-
