1635 2492
0 232 5 491 f

518 331 577 394 Α.
643 330 954 394 GELLlI

123 465 418 544 Nssc'llvlll
469 466 880 657 ATTlgtllizRfflyzls
911 468 1108 544 LIBER
1166 467 1372 543 Nost

737 853 765 891 l.

47 934 278 982 [Responsio
295 934 496 971 cuiusdam
511 934 744 982 philosophi,
763 935 992 982 interrogati,
1009 945 1121 981 quam
1140 934 1186 970 ob
1205 945 1359 970 causam
1378 945 1454 970 ma-

486 992 538 1028 ris
561 996 783 1039 tempestate
809 992 1014 1039 palluerit.]

123 1074 439 1151 Nauigabamus
466 1113 490 1141 a
517 1102 719 1153 Cassiopa
740 1101 1007 1142 Brundisium
1039 1112 1153 1141 mare
1177 1100 1335 1141 Ionium
1364 1100 1450 1142 uio·
1474 1112 1490 1144 1

46 1159 202 1198 lentum
219 1162 261 1197 et
276 1162 442 1198 uastum
467 1163 507 1197 et
526 1157 835 1198 iactabundum.
895 1159 988 1199 Nox
1006 1157 1177 1205 deinde,
1212 1169 1319 1207 quae
1343 1157 1449 1197 diem
1475 1171 1496 1204 2

45 1214 224 1265 primum
254 1218 400 1254 secuta
425 1219 509 1264 est,
536 1214 577 1254 in
603 1226 652 1255 ea
676 1216 762 1254 sere
785 1220 872 1255 tota
888 1219 1040 1254 uentus
1058 1225 1082 1253 a
1107 1215 1235 1253 latere
1259 1214 1452 1254 saeuiens

0 1313 3 1317 ,
46 1282 198 1311 nauem
236 1270 360 1311 undis
399 1273 693 1322 compleuerat.
772 1272 873 1311 Tum
904 1276 1055 1322 postea
1096 1270 1451 1321 complorantibus
1476 1282 1498 1316 3

0 1347 3 1368 :
46 1326 202 1368 nostris
220 1327 411 1368 omnibus
428 1332 553 1378 atque
569 1327 609 1368 in
624 1327 788 1368 sentina
804 1327 903 1368 satis
921 1326 1153 1377 agentibus,
1172 1327 1260 1367 dies
1284 1327 1452 1377 quidem

48 1384 214 1426 tandem
234 1383 392 1434 inluxit.
425 1383 510 1425 Sed
526 1384 624 1424 nihil
647 1386 698 1425 de
714 1384 899 1435 periculo
923 1395 1061 1434 neque
1078 1384 1131 1423 de
1151 1383 1324 1424 saeuitia
1340 1383 1454 1424 uenti

47 1439 289 1490 remissum,
325 1440 423 1491 quin
446 1440 631 1482 turbines
658 1441 780 1482 etiam
806 1440 1040 1482 crebriores
1066 1445 1107 1480 et
1137 1442 1296 1480 caelum
1320 1446 1453 1480 atrum

47 1501 90 1537 et
114 1497 362 1547 fumigantes
387 1497 499 1547 globi
521 1503 562 1537 et
586 1498 746 1548 figurae
766 1499 971 1548 quaedam
998 1497 1167 1537 nubium
1190 1498 1452 1544 metuendae,

49 1565 157 1604 quos
183 1554 444 1605 ‘typhonas’
470 1555 699 1603 uocabant,
731 1555 974 1605 impendere
991 1553 1292 1604 imminereque
1309 1565 1357 1593 ac
1384 1553 1452 1593 de-

47 1621 274 1660 pressurae
295 1622 444 1650 nauem
465 1610 725 1651 uidebantur.

133 1668 178 1706 In
197 1667 344 1706 eadem
360 1666 436 1707 fuit
451 1666 741 1717 philosophus,
759 1667 799 1707 in
817 1666 1034 1717 disciplina
1045 1665 1186 1706 Stoica
1203 1667 1450 1714 celebratus,
1473 1672 1497 1705 4

50 1734 174 1774 quem
198 1735 276 1774 ego
293 1723 469 1763 Athenis
496 1734 776 1773 cognoueram
796 1735 879 1764 non
897 1735 1028 1774 parua
1048 1723 1182 1763 uirum
1207 1723 1452 1763 auctoritate

49 1779 238 1830 satisque
262 1784 418 1820 attente
439 1778 669 1830 discipulos
684 1779 858 1821 iuuenes
883 1780 1176 1820 continentem.
1227 1780 1332 1820 Eum
1356 1785 1454 1819 tunc
1476 1787 1496 1819 5

49 1835 89 1876 in
109 1835 235 1876 tantis
258 1835 454 1886 periculis
478 1836 605 1886 inque
624 1836 693 1877 illo
718 1838 895 1877 tumultu
923 1836 1025 1877 caeli
1042 1836 1253 1886 marisque
1271 1835 1453 1886 require-

49 1893 146 1932 bam
163 1893 308 1942 oculis,
339 1893 446 1934 scire
464 1892 636 1943 cupiens
649 1925 658 1941 ,
691 1904 871 1943 quonam
888 1899 999 1934 statu
1015 1893 1138 1933 animi
1160 1898 1202 1933 et
1218 1905 1268 1932 an
1296 1892 1454 1932 interri-

49 1954 118 1989 tus
141 1948 461 2000 intrepidusque
488 1951 630 1990 esset?
679 1951 819 1999 Atque
846 1950 901 1990 ibi
936 1949 1146 1990 hominem
1170 1950 1453 2001 conspicimus
1477 1954 1498 1988 6

49 2004 329 2056 (impauidum
365 2011 408 2046 et
435 2005 686 2054 extrilidum,
718 2007 906 2060 ploratus
944 2006 1110 2056 quidem
1146 2007 1303 2054 nullos,
1334 2004 1454 2046 sicuti

52 2062 181 2101 ceteri
207 2073 374 2111 omnes,
401 2073 479 2103 nec
506 2064 610 2102 ullas
644 2062 882 2103 huiusmodi
902 2074 1031 2103 uoces
1057 2064 1252 2111 cientem,
1284 2063 1360 2102 sed
1385 2073 1452 2101 co-

51 2118 152 2159 loris
175 2123 218 2159 et
241 2120 382 2160 uoltus
402 2119 637 2160 turbatione
662 2131 745 2159 non
766 2121 936 2160 multum
958 2131 982 2159 a
1003 2120 1151 2160 ceteris
1176 2119 1451 2158 differentem.

51 2175 109 2215 At
130 2175 201 2215 ubi
227 2177 386 2216 caelum
405 2175 549 2216 enituit
571 2181 612 2216 et
637 2176 840 2215 deferbuit
862 2188 974 2216 mare
1008 2181 1048 2215 et
1072 2176 1198 2216 ardor
1222 2176 1288 2214 ille
1309 2173 1454 2225 pericli
1475 2179 1495 2214 7

51 2230 323 2281 deflagrauit,
354 2232 516 2273 accedit
536 2233 588 2272 ad
614 2232 800 2273 Stoicum
825 2233 1007 2272 Graecus
1030 2231 1235 2282 quispiam
1259 2231 1377 2271 diues
1400 2242 1452 2270 ex
