1619 2476
155 58 237 100 114
748 59 869 98 XIIII.
905 70 948 97 11.

96 177 141 212 12
235 171 335 210 Tum
355 169 669 216 Fauorinus,
702 169 902 218 religione
926 169 992 209 illa
1010 170 1280 212 cunctationis
1296 177 1336 211 et
1352 171 1548 212 sollicitu-

152 226 256 265 dinis
278 230 446 265 nostrae
475 226 751 275 conprobata:
786 225 852 264 <id
878 225 1074 275 quidem’,
1102 226 1256 276 inquit,
1287 230 1431 277 ‘super
1460 240 1544 277 quo

151 293 260 321 nunc
296 281 521 329 deliberas,
558 281 689 321 uideri
719 286 859 331 potest
884 282 1024 332 specie
1052 281 1166 322 tenui
1194 294 1407 333 paruaque
1434 295 1544 324 esse.

152 337 235 376 Sed
250 337 285 376 si
302 338 352 376 de
371 337 480 377 omni
504 348 673 387 quoque
691 337 829 377 officio
847 337 993 378 iudicis
1010 337 1172 388 praeire
1189 338 1260 378 tibi
1277 350 1342 378 me
1362 338 1446 388 uis,
1475 351 1544 379 ne-

97 400 138 435 13
152 404 358 443 quaquam
375 398 439 433 est
453 395 521 433 uel
542 393 622 433 loci
638 393 759 433 huius
784 395 851 433 uel
872 393 1093 444 temporis;
1126 399 1192 434 est
1209 394 1316 434 enim
1338 394 1544 445 discepta-

148 449 204 489 tio
222 449 301 489 ista
320 449 555 499 multiiugae
580 454 620 489 et
636 449 833 490 sinuosae
851 449 1106 499 quaestionis
1128 452 1338 500 multaque
1355 455 1397 490 et
1423 452 1546 491 anxia

94 512 137 547 14
150 516 247 545 cura
273 510 313 545 et
345 504 715 556 circumspicientia
743 506 946 555 indigens.
1006 507 1213 556 Namque,
1240 511 1287 546 ut
1309 517 1443 557 pauca
1472 507 1542 547 tibi

149 572 257 601 nunc
288 562 577 611 quaestionum
607 562 740 612 capita
772 562 1003 612 adtingam,
1041 562 1120 601 iam
1151 562 1332 603 omnium
1367 562 1544 613 primum

148 619 227 657 hoc
250 618 301 657 de
328 617 475 658 iudicis
501 618 639 658 officio
661 618 891 667 quaeritur:
925 618 959 658 si
978 618 1102 658 iudex
1126 619 1232 659 forte
1254 618 1296 660 id
1321 619 1445 666 sciat,
1478 631 1545 659 su-

147 685 223 723 per
246 685 327 723 qua
342 685 387 713 re
409 675 519 724 apud
542 685 635 714 eum
656 674 853 723 litigatur,
885 685 1019 724 eaque
1035 685 1103 715 res
1118 674 1190 715 uni
1211 674 1268 723 ei,
1299 674 1543 725 priusquam

148 730 212 779 agi
229 735 377 780 coepta
393 730 518 770 autin
536 729 730 770 iudicium
753 730 931 769 deducta
947 730 1018 778 sit,
1048 741 1100 770 ex
1120 730 1200 770 alio
1220 731 1400 780 quodam
1416 742 1542 780 nego-

146 785 203 825 tio
231 797 415 836 casuque
436 786 513 826 alio
534 797 616 835 quo
644 786 807 836 cognita
828 786 982 835 liquido
1008 792 1049 826 et
1069 792 1283 837 comperta
1303 787 1374 835 sit,
1405 798 1543 836 neque

147 842 187 881 id
208 847 345 882 tamen
367 842 406 881 in
428 843 590 892 agenda
608 853 733 882 causa
759 843 975 892 probatur,
1009 847 1255 893 oporteatne
1279 854 1373 883 eum
1396 853 1544 883 secun·

148 899 243 938 dum
262 909 323 945 ea,
357 909 463 948 quae
484 898 621 938 sciens
638 898 762 946 uenit,
794 898 989 944 iudicare,
1016 909 1067 937 an
1087 899 1316 939 secundum
1333 910 1405 947 ea,
1438 910 1545 948 quae

89 960 132 994 15
147 956 348 1004 aguntur?
376 955 420 993 Id
451 955 608 1002 etiam',
640 954 790 1003 inquit,
820 954 981 1004 ‘quaeri
1010 956 1136 1002 solet,
1166 965 1217 993 an
1249 955 1397 994 deceat
1420 959 1545 1005 atque

149 1010 369 1050 conueniat
385 1010 522 1058 iudici,
555 1022 680 1050 causa
695 1010 774 1049 iam
798 1010 974 1060 cognita,
994 1011 1029 1050 si
1050 1011 1222 1050 facultas
1242 1021 1338 1050 esse
1353 1010 1545 1050 uideatur
1599 1030 1601 1032 ·

147 1066 411 1117 conponendi
428 1067 595 1116 negotii,
613 1066 750 1106 officio
767 1066 977 1116 paulisper
992 1066 1137 1106 iudicis
1155 1066 1293 1114 dilato,
1312 1066 1544 1107 communis

89 1129 132 1164 16
146 1122 346 1163 amicitiae
366 1127 407 1163 et
424 1122 543 1172 quasi
559 1122 838 1173 pacificatoris
863 1127 1003 1172 partes
1028 1122 1243 1172 recipere?
1274 1125 1414 1172 Atque
1444 1123 1545 1162 illud

147 1179 320 1229 amplius
345 1178 492 1228 ambigi
511 1191 558 1218 ac
577 1178 753 1218 dubitari
774 1178 877 1230 scio,
897 1179 1099 1218 debeatne
1115 1178 1242 1218 iudex
1263 1177 1370 1219 inter
1390 1189 1544 1228 cogno-

147 1236 347 1275 scendum
364 1246 424 1283 ea,
443 1247 549 1284 quae
565 1234 674 1275 dicto
694 1234 967 1284 quaesitoque
984 1246 1091 1284 opus
1109 1239 1185 1282 est,
1204 1233 1343 1274 dicere
1360 1238 1401 1274 et
1422 1245 1544 1283 quae-

146 1302 257 1337 rere,
290 1290 468 1338 etiamsi,
502 1291 618 1330 cuius
645 1302 694 1330 ea
713 1291 791 1330 dici
810 1290 1038 1340 quaerique
1053 1291 1247 1337 interest,
1278 1300 1415 1338 neque
1433 1289 1543 1328 dicat

146 1357 281 1396 neque
315 1348 525 1395 postulet?
555 1345 807 1396 patrocinari
840 1346 946 1385 enirn
969 1356 1145 1395 prorsus
1177 1345 1258 1385 hoc
1286 1356 1383 1385 esse
1415 1345 1541 1393 aiunt,

145 1414 229 1442 non
251 1401 447 1441 iudicare.

88 1465 131 1500 17
229 1459 396 1498 Praeter
420 1458 522 1497 haec
545 1468 672 1507 super
688 1468 737 1496 ea
755 1467 922 1506 quoque
948 1468 992 1495 re
1014 1456 1276 1505 dissentitur,
1308 1467 1360 1496 an
1383 1468 1436 1496 ex
1459 1468 1540 1496 usu

145 1525 281 1564 exque
303 1514 441 1554 officio
460 1513 512 1553 sit
527 1512 695 1561 iudicis,
728 1523 814 1552 rem
832 1523 1105 1562 causamque,
1138 1514 1190 1552 de
1212 1524 1293 1563 qua
1310 1512 1540 1562 cognoscit,

145 1570 528 1610 interlocutionibus
555 1570 639 1609 suis
667 1569 722 1608 ita
749 1567 979 1618 exprimere
1001 1568 1354 1619 consignareque,
1381 1573 1427 1608 ut
1446 1573 1542 1607 ante

146 1625 375 1667 sententiae
404 1630 570 1675 tempus
601 1637 653 1664 ex
682 1624 750 1672 iis,
781 1636 887 1675 quae
908 1625 1018 1675 apud
1040 1635 1134 1665 eum
1151 1624 1191 1664 in
1215 1635 1420 1675 praesens
1445 1634 1541 1664 con-

146 1684 235 1723 fuse
251 1682 449 1732 uarieque
467 1682 669 1732 dicuntur,
681 1680 856 1731 proinde
871 1686 916 1721 ut
930 1692 1099 1731 quoquo
1118 1680 1158 1720 in
1176 1682 1269 1721 loco
1287 1691 1336 1720 ac
1352 1685 1542 1729 tempore

88 1744 133 1779 18
146 1744 348 1785 mouetur,
366 1737 484 1788 signa
497 1742 538 1777 et
553 1737 703 1777 indicia
720 1736 839 1776 saciat
855 1742 991 1777 motus
1009 1742 1132 1786 atque
1152 1748 1302 1776 sensus
1329 1735 1406 1776 sui.
1438 1736 1539 1774 Nam

148 1795 215 1844 qui
232 1794 423 1842 iudices’‚
454 1793 606 1843 inquit,
638 1796 774 1832 ‘acres
792 1798 916 1843 atque
938 1794 1094 1833 celeres
1118 1792 1331 1839 uidentur,
1361 1802 1445 1832 non
1470 1790 1538 1830 ali-

144 1856 207 1890 ter
227 1850 460 1890 existimant
476 1861 583 1897 rem,
617 1861 698 1899 qua
717 1850 769 1889 de
785 1848 939 1899 agitur,
970 1848 1156 1898 indagari
1172 1846 1542 1898 conprehendique

146 1918 287 1957 posse,
317 1905 395 1946 nisi
410 1905 458 1953 is,
478 1905 547 1956 qui
563 1905 727 1953 iudicat,
759 1905 913 1945 crebris
931 1903 1324 1953 interrogationibus
1344 1914 1542 1943 necessa-

149 1962 300 2013 riisque
328 1961 713 2002 interlocutionibus
750 1966 791 2001 et
818 1973 919 2001 suos
945 1971 1095 2000 sensus
1122 1959 1280 2010 aperiat
1309 1964 1350 1999 et
1385 1959 1541 2009 litigan-

90 2023 133 2058 19
145 2018 244 2058 tium
266 2018 561 2068 deprehendat.
624 2019 774 2057 Contra
793 2022 949 2065 autem,
979 2015 1048 2066 qui
1063 2015 1296 2056 sedatiores
1319 2020 1360 2055 et
1377 2014 1541 2065 grauio-

148 2085 215 2114 res
234 2079 442 2125 putantur,
473 2079 625 2124 negant
648 2073 825 2114 iudicem
852 2073 1005 2113 debere
1026 2076 1121 2111 ante
1152 2071 1413 2119 sententiam,
1441 2071 1538 2110 dum

149 2141 274 2170 causa
297 2129 502 2179 utrimque
519 2129 703 2179 agitatur,
733 2129 924 2179 quotiens
945 2127 1082 2177 aliqua
1103 2139 1147 2167 re
1164 2126 1384 2179 proposita
1401 2130 1538 2166 motus

150 2191 224 2232 est,
254 2186 407 2226 totiens
425 2185 669 2235 significare,
703 2185 802 2235 quid
822 2184 982 2225 sentiat.
1013 2185 1267 2224 Euenturum
1285 2182 1392 2222 enim
1410 2182 1536 2235 aiunt,

147 2245 202 2288 ut,
226 2241 320 2290 quia
339 2253 415 2291 pro
437 2241 634 2281 uarietate
650 2240 980 2291 propositionum
996 2244 1416 2290 argumentorumque
1431 2236 1537 2276 alius
1558 2250 1563 2254 ·
