<?xml version="1.0" encoding="UTF-8"?>
<!DOCTYPE html PUBLIC "-//W3C//DTD XHTML 1.0 Transitional//EN"
    "http://www.w3.org/TR/xhtml1/DTD/xhtml1-transitional.dtd">
<html xmlns="http://www.w3.org/1999/xhtml" xml:lang="en" lang="en">
 <head>
  <title>
</title>
<meta http-equiv="Content-Type" content="text/html;charset=utf-8" />
  <meta name='ocr-system' content='tesseract 3.04.00' />
  <meta name='ocr-capabilities' content='ocr_page ocr_carea ocr_par ocr_line ocrx_word'/>
</head>
<body>
  <div class='ocr_page' id='page_1' title='image "./agelliinoctivmat00gelluoft_0090.png"; bbox 0 0 1619 2476; ppageno 0'>
   <div class='ocr_carea' id='block_1_1' title="bbox 103 95 887 145">
    <p class='ocr_par' dir='ltr' id='par_1_1' title="bbox 103 95 887 145">
     <span class='ocr_line' id='line_1_1' title="bbox 103 95 887 145; baseline -0.019 0"><span class='ocrx_word' id='word_1_1' title='bbox 103 104 158 145; x_wconf 80' lang='lat'>68</span> <span class='ocrx_word' id='word_1_2' title='bbox 730 95 758 133; x_wconf 94' lang='lat' dir='ltr'>I.</span> <span class='ocrx_word' id='word_1_3' title='bbox 783 103 887 132; x_wconf 83' lang='lat' dir='ltr'>xxu.</span> 
     </span>
    </p>
   </div>
   <div class='ocr_carea' id='block_1_2' title="bbox 49 195 1572 648">
    <p class='ocr_par' dir='ltr' id='par_1_2' title="bbox 49 195 1572 648">
     <span class='ocr_line' id='line_1_2' title="bbox 49 195 1572 264; baseline -0.018 -5"><span class='ocrx_word' id='word_1_4' title='bbox 49 216 195 264; x_wconf 79' lang='lat' dir='ltr'>13sit’‚</span> <span class='ocrx_word' id='word_1_5' title='bbox 225 216 394 264; x_wconf 79' lang='lat' dir='ltr'><strong>illutque</strong></span> <span class='ocrx_word' id='word_1_6' title='bbox 421 217 564 252; x_wconf 86' lang='lat' dir='ltr'>eontra</span> <span class='ocrx_word' id='word_1_7' title='bbox 588 208 775 249; x_wconf 86' lang='lat' dir='ltr'>eiusdem</span> <span class='ocrx_word' id='word_1_8' title='bbox 800 202 1005 252; x_wconf 80' lang='lat' dir='ltr'>Vergili</span> <span class='ocrx_word' id='word_1_9' title='bbox 1035 200 1245 250; x_wconf 78' lang='lat' dir='ltr'>aliquanto</span> <span class='ocrx_word' id='word_1_10' title='bbox 1273 204 1339 238; x_wconf 86' lang='lat' dir='ltr'>est</span> <span class='ocrx_word' id='word_1_11' title='bbox 1360 195 1510 247; x_wconf 86' lang='lat' dir='ltr'>proba·</span> <span class='ocrx_word' id='word_1_12' title='bbox 1567 230 1572 231; x_wconf 14' lang='lat' dir='ltr'>a</span> 
     </span>
     <span class='ocr_line' id='line_1_3' title="bbox 105 273 246 312; baseline 0 -2"><span class='ocrx_word' id='word_1_13' title='bbox 105 273 246 312; x_wconf 86' lang='lat' dir='ltr'>bilius:</span> 
     </span>
     <span class='ocr_line' id='line_1_4' title="bbox 164 328 1506 396; baseline -0.016 -6"><span class='ocrx_word' id='word_1_14' title='bbox 164 347 539 396; x_wconf 70' lang='lat' dir='ltr'>Florentisque</span> <span class='ocrx_word' id='word_1_15' title='bbox 575 348 757 384; x_wconf 80' lang='lat' dir='ltr'>secant</span> <span class='ocrx_word' id='word_1_16' title='bbox 792 340 983 379; x_wconf 85' lang='lat' dir='ltr'>herbas</span> <span class='ocrx_word' id='word_1_17' title='bbox 1017 333 1332 382; x_wconf 83' lang='lat' dir='ltr'>fluuiosque</span> <span class='ocrx_word' id='word_1_18' title='bbox 1367 328 1506 369; x_wconf 88' lang='lat' dir='ltr'>mini-</span> 
     </span>
     <span class='ocr_line' id='line_1_5' title="bbox 1004 396 1173 433; baseline -0.018 0"><span class='ocrx_word' id='word_1_19' title='bbox 1004 396 1173 433; x_wconf 86' lang='lat' dir='ltr'>strant</span> 
     </span>
     <span class='ocr_line' id='line_1_6' title="bbox 166 443 1511 510; baseline -0.016 -9"><span class='ocrx_word' id='word_1_20' title='bbox 166 464 461 510; x_wconf 80' lang='lat' dir='ltr'>Farraque,</span> <span class='ocrx_word' id='word_1_21' title='bbox 508 468 567 497; x_wconf 90' lang='lat' dir='ltr'>ne</span> <span class='ocrx_word' id='word_1_22' title='bbox 593 456 784 496; x_wconf 84' lang='lat' dir='ltr'>blando</span> <span class='ocrx_word' id='word_1_23' title='bbox 829 455 1057 501; x_wconf 85' lang='lat' dir='ltr'>nequeat</span> <span class='ocrx_word' id='word_1_24' title='bbox 1105 454 1393 498; x_wconf 77' lang='lat' dir='ltr'><strong>superesse</strong></span> <span class='ocrx_word' id='word_1_25' title='bbox 1445 443 1511 480; x_wconf 90' lang='lat' dir='ltr'>la-</span> 
     </span>
     <span class='ocr_line' id='line_1_7' title="bbox 1006 505 1147 545; baseline -0.014 0"><span class='ocrx_word' id='word_1_26' title='bbox 1006 505 1147 545; x_wconf 57' lang='lat' dir='ltr'>bork</span> 
     </span>
     <span class='ocr_line' id='line_1_8' title="bbox 113 579 1516 648; baseline -0.016 -10"><span class='ocrx_word' id='word_1_27' title='bbox 113 598 318 648; x_wconf 82' lang='lat' dir='ltr'>significat</span> <span class='ocrx_word' id='word_1_28' title='bbox 346 595 453 634; x_wconf 86' lang='lat' dir='ltr'>enim</span> <span class='ocrx_word' id='word_1_29' title='bbox 483 604 610 643; x_wconf 87' lang='lat' dir='ltr'>supra</span> <span class='ocrx_word' id='word_1_30' title='bbox 633 591 818 631; x_wconf 84' lang='lat' dir='ltr'>laborem</span> <span class='ocrx_word' id='word_1_31' title='bbox 842 599 937 628; x_wconf 89' lang='lat' dir='ltr'>esse</span> <span class='ocrx_word' id='word_1_32' title='bbox 963 596 1099 635; x_wconf 87' lang='lat' dir='ltr'>neque</span> <span class='ocrx_word' id='word_1_33' title='bbox 1127 581 1304 634; x_wconf 82' lang='lat' dir='ltr'>opprimi</span> <span class='ocrx_word' id='word_1_34' title='bbox 1321 591 1345 620; x_wconf 87' lang='lat' dir='ltr'>a</span> <span class='ocrx_word' id='word_1_35' title='bbox 1361 579 1516 618; x_wconf 85' lang='lat' dir='ltr'>labore.</span> 
     </span>
    </p>
   </div>
   <div class='ocr_carea' id='block_1_3' title="bbox 59 662 1528 1111">
    <p class='ocr_par' dir='ltr' id='par_1_3' title="bbox 59 662 1520 721">
     <span class='ocr_line' id='line_1_9' title="bbox 59 662 1520 721; baseline -0.015 -4"><span class='ocrx_word' id='word_1_36' title='bbox 59 685 104 720; x_wconf 79' lang='lat'>14</span> <span class='ocrx_word' id='word_1_37' title='bbox 200 679 264 716; x_wconf 79' lang='lat' dir='ltr'>An</span> <span class='ocrx_word' id='word_1_38' title='bbox 282 680 419 713; x_wconf 80' lang='lat' dir='ltr'>autem</span> <span class='ocrx_word' id='word_1_39' title='bbox 436 673 697 721; x_wconf 73' lang='lat' dir='ltr'>‘superesse&#39;</span> <span class='ocrx_word' id='word_1_40' title='bbox 713 668 890 708; x_wconf 79' lang='lat' dir='ltr'>dixerint</span> <span class='ocrx_word' id='word_1_41' title='bbox 904 670 1069 707; x_wconf 84' lang='lat' dir='ltr'>ueteres</span> <span class='ocrx_word' id='word_1_42' title='bbox 1086 674 1162 713; x_wconf 87' lang='lat' dir='ltr'>pro</span> <span class='ocrx_word' id='word_1_43' title='bbox 1182 664 1357 700; x_wconf 63' lang='lat' dir='ltr'>&lt;restare</span> <span class='ocrx_word' id='word_1_44' title='bbox 1374 662 1415 698; x_wconf 88' lang='lat' dir='ltr'>et</span> <span class='ocrx_word' id='word_1_45' title='bbox 1430 667 1520 707; x_wconf 86' lang='lat' dir='ltr'>per-</span> 
     </span>
    </p>

    <p class='ocr_par' dir='ltr' id='par_1_4' title="bbox 60 711 1526 1009">
     <span class='ocr_line' id='line_1_10' title="bbox 60 711 1521 790; baseline -0.016 -15"><span class='ocrx_word' id='word_1_46' title='bbox 60 741 103 776; x_wconf 83' lang='lat'>15</span> <span class='ocrx_word' id='word_1_47' title='bbox 117 733 318 790; x_wconf 76' lang='lat' dir='ltr'>ficiendae</span> <span class='ocrx_word' id='word_1_48' title='bbox 335 730 393 769; x_wconf 91' lang='lat' dir='ltr'>rei</span> <span class='ocrx_word' id='word_1_49' title='bbox 412 731 600 775; x_wconf 86' lang='lat' dir='ltr'>deesse’,</span> <span class='ocrx_word' id='word_1_50' title='bbox 622 726 938 776; x_wconf 77' lang='lat' dir='ltr'>quaerebamus.</span> <span class='ocrx_word' id='word_1_51' title='bbox 970 722 1069 761; x_wconf 80' lang='lat' dir='ltr'>Nam</span> <span class='ocrx_word' id='word_1_52' title='bbox 1089 716 1382 759; x_wconf 86' lang='lat' dir='ltr'>Sallustius</span> <span class='ocrx_word' id='word_1_53' title='bbox 1407 714 1448 753; x_wconf 91' lang='lat' dir='ltr'>in</span> <span class='ocrx_word' id='word_1_54' title='bbox 1471 711 1521 752; x_wconf 89' lang='lat' dir='ltr'>si-</span> 
     </span>
     <span class='ocr_line' id='line_1_11' title="bbox 117 771 1522 840; baseline -0.016 -11"><span class='ocrx_word' id='word_1_55' title='bbox 117 788 382 840; x_wconf 83' lang='lat' dir='ltr'>gnificatione</span> <span class='ocrx_word' id='word_1_56' title='bbox 400 786 478 825; x_wconf 85' lang='lat' dir='ltr'>ista</span> <span class='ocrx_word' id='word_1_57' title='bbox 494 796 578 824; x_wconf 89' lang='lat' dir='ltr'>non</span> <span class='ocrx_word' id='word_1_58' title='bbox 598 784 872 833; x_wconf 72' lang='lat' dir='ltr'>‘superesse’</span> <span class='ocrx_word' id='word_1_59' title='bbox 893 780 969 820; x_wconf 87' lang='lat' dir='ltr'>sed</span> <span class='ocrx_word' id='word_1_60' title='bbox 996 782 1006 800; x_wconf 69' lang='lat'><em>²</em></span> <span class='ocrx_word' id='word_1_61' title='bbox 1021 777 1245 827; x_wconf 88' lang='lat' dir='ltr'>superare&#39;</span> <span class='ocrx_word' id='word_1_62' title='bbox 1278 771 1389 812; x_wconf 86' lang='lat' dir='ltr'>dicit.</span> <span class='ocrx_word' id='word_1_63' title='bbox 1419 771 1522 808; x_wconf 90' lang='lat' dir='ltr'>Ver-</span> 
     </span>
     <span class='ocr_line' id='line_1_12' title="bbox 117 835 1524 891; baseline -0.015 -6"><span class='ocrx_word' id='word_1_64' title='bbox 117 848 172 885; x_wconf 82' lang='lat' dir='ltr'>ba</span> <span class='ocrx_word' id='word_1_65' title='bbox 189 847 277 885; x_wconf 88' lang='lat' dir='ltr'>eius</span> <span class='ocrx_word' id='word_1_66' title='bbox 309 844 354 882; x_wconf 88' lang='lat' dir='ltr'>in</span> <span class='ocrx_word' id='word_1_67' title='bbox 385 841 636 891; x_wconf 78' lang='lat' dir='ltr'>Iugurtha</span> <span class='ocrx_word' id='word_1_68' title='bbox 663 840 765 878; x_wconf 86' lang='lat' dir='ltr'>haec</span> <span class='ocrx_word' id='word_1_69' title='bbox 795 842 913 877; x_wconf 88' lang='lat' dir='ltr'>sunt:</span> <span class='ocrx_word' id='word_1_70' title='bbox 948 837 994 875; x_wconf 91' lang='lat' dir='ltr'>Is</span> <span class='ocrx_word' id='word_1_71' title='bbox 1027 835 1345 884; x_wconf 85' lang='lat' dir='ltr'>plerumque</span> <span class='ocrx_word' id='word_1_72' title='bbox 1377 836 1524 867; x_wconf 90' lang='lat' dir='ltr'>seor-</span> 
     </span>
     <span class='ocr_line' id='line_1_13' title="bbox 121 887 1525 949; baseline -0.015 -7"><span class='ocrx_word' id='word_1_73' title='bbox 121 915 232 943; x_wconf 85' lang='lat' dir='ltr'>sum</span> <span class='ocrx_word' id='word_1_74' title='bbox 263 912 287 939; x_wconf 82' lang='lat' dir='ltr'>a</span> <span class='ocrx_word' id='word_1_75' title='bbox 316 910 435 949; x_wconf 76' lang='lat' dir='ltr'>rege</span> <span class='ocrx_word' id='word_1_76' title='bbox 463 897 753 937; x_wconf 80' lang='lat' dir='ltr'>exereitum</span> <span class='ocrx_word' id='word_1_77' title='bbox 781 895 1000 933; x_wconf 79' lang='lat' dir='ltr'>ductare</span> <span class='ocrx_word' id='word_1_78' title='bbox 1025 895 1072 929; x_wconf 88' lang='lat' dir='ltr'>et</span> <span class='ocrx_word' id='word_1_79' title='bbox 1097 887 1262 929; x_wconf 86' lang='lat' dir='ltr'>omnis</span> <span class='ocrx_word' id='word_1_80' title='bbox 1290 896 1373 925; x_wconf 90' lang='lat' dir='ltr'>res</span> <span class='ocrx_word' id='word_1_81' title='bbox 1407 892 1525 922; x_wconf 82' lang='lat' dir='ltr'>exe-</span> 
     </span>
     <span class='ocr_line' id='line_1_14' title="bbox 124 945 1526 1009; baseline -0.015 -11"><span class='ocrx_word' id='word_1_82' title='bbox 124 959 211 1009; x_wconf 85' lang='lat' dir='ltr'>qui</span> <span class='ocrx_word' id='word_1_83' title='bbox 245 957 444 997; x_wconf 87' lang='lat' dir='ltr'>solitus</span> <span class='ocrx_word' id='word_1_84' title='bbox 479 959 607 1000; x_wconf 83' lang='lat' dir='ltr'>erat,</span> <span class='ocrx_word' id='word_1_85' title='bbox 655 963 788 1001; x_wconf 87' lang='lat' dir='ltr'>quae</span> <span class='ocrx_word' id='word_1_86' title='bbox 815 948 1100 999; x_wconf 79' lang='lat' dir='ltr'>Iugurthae</span> <span class='ocrx_word' id='word_1_87' title='bbox 1131 946 1281 984; x_wconf 84' lang='lat' dir='ltr'>fesso</span> <span class='ocrx_word' id='word_1_88' title='bbox 1313 945 1397 981; x_wconf 86' lang='lat' dir='ltr'>aut</span> <span class='ocrx_word' id='word_1_89' title='bbox 1427 949 1526 978; x_wconf 81' lang='lat' dir='ltr'>ma-</span> 
     </span>
    </p>

    <p class='ocr_par' dir='ltr' id='par_1_5' title="bbox 67 994 1528 1111">
     <span class='ocr_line' id='line_1_15' title="bbox 67 994 1528 1061; baseline -0.016 -5"><span class='ocrx_word' id='word_1_90' title='bbox 67 1015 329 1061; x_wconf 83' lang='lat' dir='ltr'>16ioribus</span> <span class='ocrx_word' id='word_1_91' title='bbox 362 1011 589 1051; x_wconf 87' lang='lat' dir='ltr'>astricto</span> <span class='ocrx_word' id='word_1_92' title='bbox 624 1009 1024 1058; x_wconf 87' lang='lat' dir='ltr'>superauerant.</span> <span class='ocrx_word' id='word_1_93' title='bbox 1089 1002 1174 1042; x_wconf 88' lang='lat' dir='ltr'>Sed</span> <span class='ocrx_word' id='word_1_94' title='bbox 1212 998 1447 1040; x_wconf 87' lang='lat' dir='ltr'>inuenimus</span> <span class='ocrx_word' id='word_1_95' title='bbox 1479 994 1528 1033; x_wconf 90' lang='lat' dir='ltr'>in</span> 
     </span>
     <span class='ocr_line' id='line_1_16' title="bbox 123 1063 1113 1111; baseline -0.013 0"><span class='ocrx_word' id='word_1_96' title='bbox 123 1071 283 1111; x_wconf 83' lang='lat' dir='ltr'>tertio</span> <span class='ocrx_word' id='word_1_97' title='bbox 315 1068 463 1108; x_wconf 89' lang='lat' dir='ltr'>Ennii</span> <span class='ocrx_word' id='word_1_98' title='bbox 494 1065 761 1105; x_wconf 87' lang='lat' dir='ltr'>annalium</span> <span class='ocrx_word' id='word_1_99' title='bbox 795 1064 834 1102; x_wconf 88' lang='lat' dir='ltr'>in</span> <span class='ocrx_word' id='word_1_100' title='bbox 860 1063 941 1102; x_wconf 90' lang='lat' dir='ltr'>hoc</span> <span class='ocrx_word' id='word_1_101' title='bbox 964 1071 1113 1100; x_wconf 86' lang='lat' dir='ltr'>uersu:</span> 
     </span>
    </p>
   </div>
   <div class='ocr_carea' id='block_1_4' title="bbox 183 1134 1530 1189">
    <p class='ocr_par' dir='ltr' id='par_1_6' title="bbox 183 1134 1530 1189">
     <span class='ocr_line' id='line_1_17' title="bbox 183 1134 1530 1189; baseline -0.015 0"><span class='ocrx_word' id='word_1_102' title='bbox 183 1150 307 1189; x_wconf 87' lang='lat' dir='ltr'>Inde</span> <span class='ocrx_word' id='word_1_103' title='bbox 338 1146 444 1187; x_wconf 82' lang='lat' dir='ltr'>sibi</span> <span class='ocrx_word' id='word_1_104' title='bbox 471 1149 720 1184; x_wconf 84' lang='lat' dir='ltr'>memorat</span> <span class='ocrx_word' id='word_1_105' title='bbox 752 1154 902 1182; x_wconf 89' lang='lat' dir='ltr'>unum</span> <span class='ocrx_word' id='word_1_106' title='bbox 928 1150 1088 1189; x_wconf 86' lang='lat' dir='ltr'>super</span> <span class='ocrx_word' id='word_1_107' title='bbox 1119 1146 1242 1176; x_wconf 86' lang='lat' dir='ltr'>esse</span> <span class='ocrx_word' id='word_1_108' title='bbox 1267 1134 1530 1177; x_wconf 83' lang='lat' dir='ltr'>laborem,</span> 
     </span>
    </p>
   </div>
   <div class='ocr_carea' id='block_1_5' title="bbox 65 1209 1602 1607">
    <p class='ocr_par' dir='ltr' id='par_1_7' title="bbox 65 1209 1602 1607">
     <span class='ocr_line' id='line_1_18' title="bbox 127 1209 1533 1276; baseline -0.016 -7"><span class='ocrx_word' id='word_1_109' title='bbox 127 1231 169 1269; x_wconf 90' lang='lat' dir='ltr'>id</span> <span class='ocrx_word' id='word_1_110' title='bbox 187 1233 251 1268; x_wconf 83' lang='lat' dir='ltr'>est</span> <span class='ocrx_word' id='word_1_111' title='bbox 266 1227 470 1276; x_wconf 84' lang='lat' dir='ltr'>reliquum</span> <span class='ocrx_word' id='word_1_112' title='bbox 489 1236 584 1264; x_wconf 89' lang='lat' dir='ltr'>esse</span> <span class='ocrx_word' id='word_1_113' title='bbox 601 1229 641 1263; x_wconf 88' lang='lat' dir='ltr'>et</span> <span class='ocrx_word' id='word_1_114' title='bbox 657 1227 839 1268; x_wconf 87' lang='lat' dir='ltr'>restare,</span> <span class='ocrx_word' id='word_1_115' title='bbox 863 1220 995 1270; x_wconf 87' lang='lat' dir='ltr'>quod,</span> <span class='ocrx_word' id='word_1_116' title='bbox 1019 1214 1114 1267; x_wconf 85' lang='lat' dir='ltr'>quia</span> <span class='ocrx_word' id='word_1_117' title='bbox 1128 1213 1170 1253; x_wconf 89' lang='lat' dir='ltr'>id</span> <span class='ocrx_word' id='word_1_118' title='bbox 1189 1216 1271 1260; x_wconf 84' lang='lat' dir='ltr'>est,</span> <span class='ocrx_word' id='word_1_119' title='bbox 1289 1209 1422 1250; x_wconf 88' lang='lat' dir='ltr'>diuise</span> <span class='ocrx_word' id='word_1_120' title='bbox 1439 1219 1533 1259; x_wconf 90' lang='lat' dir='ltr'>pro-</span> 
     </span>
     <span class='ocr_line' id='line_1_19' title="bbox 128 1263 1536 1328; baseline -0.016 -3"><span class='ocrx_word' id='word_1_121' title='bbox 128 1284 402 1326; x_wconf 85' lang='lat' dir='ltr'>nuntiandum</span> <span class='ocrx_word' id='word_1_122' title='bbox 420 1286 503 1328; x_wconf 86' lang='lat' dir='ltr'>est,</span> <span class='ocrx_word' id='word_1_123' title='bbox 522 1285 566 1319; x_wconf 89' lang='lat' dir='ltr'>ut</span> <span class='ocrx_word' id='word_1_124' title='bbox 584 1291 666 1319; x_wconf 88' lang='lat' dir='ltr'>non</span> <span class='ocrx_word' id='word_1_125' title='bbox 684 1289 767 1318; x_wconf 88' lang='lat' dir='ltr'>una</span> <span class='ocrx_word' id='word_1_126' title='bbox 781 1289 879 1327; x_wconf 83' lang='lat' dir='ltr'>pars</span> <span class='ocrx_word' id='word_1_127' title='bbox 898 1272 1096 1316; x_wconf 88' lang='lat' dir='ltr'>orationis</span> <span class='ocrx_word' id='word_1_128' title='bbox 1114 1281 1210 1310; x_wconf 90' lang='lat' dir='ltr'>esse</span> <span class='ocrx_word' id='word_1_129' title='bbox 1226 1268 1418 1307; x_wconf 84' lang='lat' dir='ltr'>uideatur</span> <span class='ocrx_word' id='word_1_130' title='bbox 1432 1297 1441 1314; x_wconf 83' lang='lat'>‚</span> <span class='ocrx_word' id='word_1_131' title='bbox 1459 1263 1536 1304; x_wconf 89' lang='lat' dir='ltr'>sed</span> 
     </span>
     <span class='ocr_line' id='line_1_20' title="bbox 74 1319 1536 1389; baseline -0.016 -7"><span class='ocrx_word' id='word_1_132' title='bbox 74 1353 118 1389; x_wconf 87' lang='lat'>17</span> <span class='ocrx_word' id='word_1_133' title='bbox 132 1344 251 1381; x_wconf 88' lang='lat' dir='ltr'>duae.</span> <span class='ocrx_word' id='word_1_134' title='bbox 301 1339 489 1379; x_wconf 86' lang='lat' dir='ltr'>Cicero</span> <span class='ocrx_word' id='word_1_135' title='bbox 519 1341 655 1375; x_wconf 86' lang='lat' dir='ltr'>autem</span> <span class='ocrx_word' id='word_1_136' title='bbox 679 1335 730 1373; x_wconf 92' lang='lat' dir='ltr'>in</span> <span class='ocrx_word' id='word_1_137' title='bbox 760 1325 1386 1373; x_wconf 73' lang='lat' dir='ltr'>secundaAntoniarum,</span> <span class='ocrx_word' id='word_1_138' title='bbox 1421 1319 1536 1371; x_wconf 87' lang='lat' dir='ltr'>quod</span> 
     </span>
     <span class='ocr_line' id='line_1_21' title="bbox 133 1380 1314 1445; baseline -0.015 -8"><span class='ocrx_word' id='word_1_139' title='bbox 133 1402 198 1438; x_wconf 85' lang='lat' dir='ltr'>est</span> <span class='ocrx_word' id='word_1_140' title='bbox 214 1396 441 1445; x_wconf 83' lang='lat' dir='ltr'>reliquum,</span> <span class='ocrx_word' id='word_1_141' title='bbox 461 1405 544 1433; x_wconf 90' lang='lat' dir='ltr'>non</span> <span class='ocrx_word' id='word_1_142' title='bbox 563 1395 573 1414; x_wconf 65' lang='lat'>⁸</span> <span class='ocrx_word' id='word_1_143' title='bbox 590 1402 815 1441; x_wconf 82' lang='lat' dir='ltr'>superesse</span> <span class='ocrx_word' id='word_1_144' title='bbox 829 1393 857 1437; x_wconf 74' lang='lat'>⁹,</span> <span class='ocrx_word' id='word_1_145' title='bbox 885 1389 960 1428; x_wconf 91' lang='lat' dir='ltr'>sed</span> <span class='ocrx_word' id='word_1_146' title='bbox 979 1390 990 1409; x_wconf 68' lang='lat'><em>³</em></span> <span class='ocrx_word' id='word_1_147' title='bbox 1003 1386 1184 1425; x_wconf 83' lang='lat' dir='ltr'>restare&#39;</span> <span class='ocrx_word' id='word_1_148' title='bbox 1203 1380 1314 1421; x_wconf 88' lang='lat' dir='ltr'>dicit.</span> 
     </span>
     <span class='ocr_line' id='line_1_22' title="bbox 78 1438 1602 1502; baseline -0.016 -8"><span class='ocrx_word' id='word_1_149' title='bbox 78 1467 123 1502; x_wconf 80' lang='lat'>18</span> <span class='ocrx_word' id='word_1_150' title='bbox 216 1455 386 1493; x_wconf 79' lang='lat' dir='ltr'>Praeter</span> <span class='ocrx_word' id='word_1_151' title='bbox 402 1451 526 1497; x_wconf 83' lang='lat' dir='ltr'>haec⁷</span> <span class='ocrx_word' id='word_1_152' title='bbox 555 1452 567 1470; x_wconf 48' lang='grc' dir='ltr'><em>ς</em></span> <span class='ocrx_word' id='word_1_153' title='bbox 582 1450 834 1498; x_wconf 84' lang='lat' dir='ltr'>superesse&#39;</span> <span class='ocrx_word' id='word_1_154' title='bbox 851 1443 1085 1485; x_wconf 87' lang='lat' dir='ltr'>inuenimus</span> <span class='ocrx_word' id='word_1_155' title='bbox 1103 1439 1257 1479; x_wconf 83' lang='lat' dir='ltr'>dictum</span> <span class='ocrx_word' id='word_1_156' title='bbox 1275 1447 1351 1487; x_wconf 88' lang='lat' dir='ltr'>pro</span> <span class='ocrx_word' id='word_1_157' title='bbox 1370 1438 1540 1484; x_wconf 70' lang='lat' dir='ltr'>‘super-</span> <span class='ocrx_word' id='word_1_158' title='bbox 1600 1447 1602 1452; x_wconf 53' lang='lat'><em>⁷</em></span> 
     </span>
     <span class='ocr_line' id='line_1_23' title="bbox 79 1493 1540 1557; baseline -0.016 -6"><span class='ocrx_word' id='word_1_159' title='bbox 79 1522 123 1557; x_wconf 84' lang='lat'>19</span> <span class='ocrx_word' id='word_1_160' title='bbox 134 1511 270 1551; x_wconf 83' lang='lat' dir='ltr'>stitem</span> <span class='ocrx_word' id='word_1_161' title='bbox 291 1509 416 1548; x_wconf 89' lang='lat' dir='ltr'>esse&#39;.</span> <span class='ocrx_word' id='word_1_162' title='bbox 446 1508 506 1545; x_wconf 86' lang='lat' dir='ltr'>Ita</span> <span class='ocrx_word' id='word_1_163' title='bbox 523 1505 629 1544; x_wconf 78' lang='lat' dir='ltr'>enin]</span> <span class='ocrx_word' id='word_1_164' title='bbox 647 1503 846 1554; x_wconf 86' lang='lat' dir='ltr'>seriptum</span> <span class='ocrx_word' id='word_1_165' title='bbox 865 1506 929 1542; x_wconf 85' lang='lat' dir='ltr'>est</span> <span class='ocrx_word' id='word_1_166' title='bbox 943 1501 987 1540; x_wconf 90' lang='lat' dir='ltr'>in</span> <span class='ocrx_word' id='word_1_167' title='bbox 1014 1499 1085 1538; x_wconf 89' lang='lat' dir='ltr'>lib</span> <span class='ocrx_word' id='word_1_168' title='bbox 1098 1508 1153 1536; x_wconf 88' lang='lat' dir='ltr'>ro</span> <span class='ocrx_word' id='word_1_169' title='bbox 1183 1493 1540 1545; x_wconf 87' lang='lat' dir='ltr'>epistularum</span> 
     </span>
     <span class='ocr_line' id='line_1_24' title="bbox 65 1547 1541 1607; baseline -0.016 1"><span class='ocrx_word' id='word_1_170' title='bbox 65 1569 69 1575; x_wconf 70' lang='lat'><strong><em>‘</em></strong></span> <span class='ocrx_word' id='word_1_171' title='bbox 134 1569 189 1607; x_wconf 88' lang='lat' dir='ltr'>M.</span> <span class='ocrx_word' id='word_1_172' title='bbox 225 1563 498 1606; x_wconf 81' lang='lat' dir='ltr'>Ciceronis</span> <span class='ocrx_word' id='word_1_173' title='bbox 539 1563 598 1601; x_wconf 88' lang='lat' dir='ltr'>ad</span> <span class='ocrx_word' id='word_1_174' title='bbox 642 1563 685 1600; x_wconf 89' lang='lat' dir='ltr'>L.</span> <span class='ocrx_word' id='word_1_175' title='bbox 717 1561 836 1600; x_wconf 87' lang='lat' dir='ltr'>Plan</span> <span class='ocrx_word' id='word_1_176' title='bbox 852 1570 963 1598; x_wconf 87' lang='lat' dir='ltr'>cum</span> <span class='ocrx_word' id='word_1_177' title='bbox 989 1561 1030 1596; x_wconf 90' lang='lat' dir='ltr'>et</span> <span class='ocrx_word' id='word_1_178' title='bbox 1073 1555 1124 1594; x_wconf 90' lang='lat' dir='ltr'>in</span> <span class='ocrx_word' id='word_1_179' title='bbox 1169 1549 1406 1602; x_wconf 81' lang='lat' dir='ltr'>epistula</span> <span class='ocrx_word' id='word_1_180' title='bbox 1449 1547 1541 1595; x_wconf 91' lang='lat' dir='ltr'>(M.)</span> 
     </span>
    </p>
   </div>
   <div class='ocr_carea' id='block_1_6' title="bbox 136 1602 1599 1664">
    <p class='ocr_par' dir='ltr' id='par_1_8' title="bbox 136 1602 1599 1664">
     <span class='ocr_line' id='line_1_25' title="bbox 136 1602 1599 1664; baseline -0.016 -1"><span class='ocrx_word' id='word_1_181' title='bbox 136 1623 287 1664; x_wconf 86' lang='lat' dir='ltr'>Asini</span> <span class='ocrx_word' id='word_1_182' title='bbox 321 1619 579 1660; x_wconf 89' lang='lat' dir='ltr'>Pollionis</span> <span class='ocrx_word' id='word_1_183' title='bbox 616 1619 673 1657; x_wconf 86' lang='lat' dir='ltr'>ad</span> <span class='ocrx_word' id='word_1_184' title='bbox 702 1617 1010 1657; x_wconf 79' lang='lat' dir='ltr'>Ciceronem</span> <span class='ocrx_word' id='word_1_185' title='bbox 1034 1609 1174 1652; x_wconf 89' lang='lat' dir='ltr'>uerbis</span> <span class='ocrx_word' id='word_1_186' title='bbox 1200 1607 1285 1648; x_wconf 89' lang='lat' dir='ltr'>his:</span> <span class='ocrx_word' id='word_1_187' title='bbox 1319 1607 1436 1646; x_wconf 88' lang='lat' dir='ltr'>Nam</span> <span class='ocrx_word' id='word_1_188' title='bbox 1457 1602 1599 1642; x_wconf 72' lang='lat' dir='ltr'>ne-‘&#39;</span> 
     </span>
    </p>
   </div>
   <div class='ocr_carea' id='block_1_7' title="bbox 85 1671 1600 1834">
    <p class='ocr_par' dir='ltr' id='par_1_9' title="bbox 85 1671 1600 1834">
     <span class='ocr_line' id='line_1_26' title="bbox 139 1671 1542 1731; baseline -0.014 -12"><span class='ocrx_word' id='word_1_189' title='bbox 139 1691 235 1731; x_wconf 89' lang='lat' dir='ltr'>que</span> <span class='ocrx_word' id='word_1_190' title='bbox 266 1679 457 1717; x_wconf 86' lang='lat' dir='ltr'>deesse</span> <span class='ocrx_word' id='word_1_191' title='bbox 496 1674 829 1725; x_wconf 83' lang='lat' dir='ltr'>reipublicae</span> <span class='ocrx_word' id='word_1_192' title='bbox 867 1672 994 1712; x_wconf 91' lang='lat' dir='ltr'>uolo</span> <span class='ocrx_word' id='word_1_193' title='bbox 1027 1678 1195 1718; x_wconf 88' lang='lat' dir='ltr'>neque</span> <span class='ocrx_word' id='word_1_194' title='bbox 1226 1671 1542 1714; x_wconf 87' lang='lat' dir='ltr'>superesse,</span> 
     </span>
     <span class='ocr_line' id='line_1_27' title="bbox 140 1716 1546 1787; baseline -0.014 -11"><span class='ocrx_word' id='word_1_195' title='bbox 140 1748 215 1787; x_wconf 90' lang='lat' dir='ltr'>per</span> <span class='ocrx_word' id='word_1_196' title='bbox 233 1735 347 1785; x_wconf 87' lang='lat' dir='ltr'>quod</span> <span class='ocrx_word' id='word_1_197' title='bbox 373 1732 598 1782; x_wconf 82' lang='lat' dir='ltr'>significat,</span> <span class='ocrx_word' id='word_1_198' title='bbox 627 1732 662 1772; x_wconf 87' lang='lat' dir='ltr'>si</span> <span class='ocrx_word' id='word_1_199' title='bbox 686 1729 923 1781; x_wconf 76' lang='lat' dir='ltr'>respublica</span> <span class='ocrx_word' id='word_1_200' title='bbox 941 1725 1165 1767; x_wconf 86' lang='lat' dir='ltr'>emoriatur</span> <span class='ocrx_word' id='word_1_201' title='bbox 1181 1726 1222 1763; x_wconf 87' lang='lat' dir='ltr'>et</span> <span class='ocrx_word' id='word_1_202' title='bbox 1236 1724 1402 1773; x_wconf 84' lang='lat' dir='ltr'>pereat,</span> <span class='ocrx_word' id='word_1_203' title='bbox 1434 1716 1546 1758; x_wconf 83' lang='lat' dir='ltr'>nolle</span> 
     </span>
     <span class='ocr_line' id='line_1_28' title="bbox 85 1772 1600 1834; baseline -0.014 -2"><span class='ocrx_word' id='word_1_204' title='bbox 85 1801 185 1834; x_wconf 83' lang='lat' dir='ltr'>20se</span> <span class='ocrx_word' id='word_1_205' title='bbox 200 1792 356 1832; x_wconf 89' lang='lat' dir='ltr'>uiuere.</span> <span class='ocrx_word' id='word_1_206' title='bbox 406 1791 456 1828; x_wconf 91' lang='lat' dir='ltr'>In</span> <span class='ocrx_word' id='word_1_207' title='bbox 482 1789 659 1828; x_wconf 86' lang='lat' dir='ltr'>Plauti</span> <span class='ocrx_word' id='word_1_208' title='bbox 687 1793 823 1828; x_wconf 84' lang='lat' dir='ltr'>autem</span> <span class='ocrx_word' id='word_1_209' title='bbox 849 1782 1109 1825; x_wconf 78' lang='lat' dir='ltr'>Asinaria</span> <span class='ocrx_word' id='word_1_210' title='bbox 1133 1776 1390 1820; x_wconf 82' lang='lat' dir='ltr'>manifestius</span> <span class='ocrx_word' id='word_1_211' title='bbox 1418 1774 1461 1813; x_wconf 90' lang='lat' dir='ltr'>id</span> <span class='ocrx_word' id='word_1_212' title='bbox 1488 1772 1546 1823; x_wconf 87' lang='lat' dir='ltr'>ip·</span> <span class='ocrx_word' id='word_1_213' title='bbox 1597 1795 1600 1799; x_wconf 88' lang='lat'>-</span> 
     </span>
    </p>
   </div>
   <div class='ocr_carea' id='block_1_8' title="bbox 142 1829 1619 1897">
    <p class='ocr_par' dir='ltr' id='par_1_10' title="bbox 142 1829 1619 1897">
     <span class='ocr_line' id='line_1_29' title="bbox 142 1829 1619 1897; baseline -0.014 -9"><span class='ocrx_word' id='word_1_214' title='bbox 142 1861 234 1889; x_wconf 89' lang='lat' dir='ltr'>sum</span> <span class='ocrx_word' id='word_1_215' title='bbox 259 1846 458 1897; x_wconf 80' lang='lat' dir='ltr'>scriptum</span> <span class='ocrx_word' id='word_1_216' title='bbox 484 1851 548 1885; x_wconf 87' lang='lat' dir='ltr'>est</span> <span class='ocrx_word' id='word_1_217' title='bbox 570 1846 610 1885; x_wconf 86' lang='lat' dir='ltr'>in</span> <span class='ocrx_word' id='word_1_218' title='bbox 640 1844 703 1884; x_wconf 84' lang='lat' dir='ltr'>his</span> <span class='ocrx_word' id='word_1_219' title='bbox 732 1843 946 1890; x_wconf 87' lang='lat' dir='ltr'>uersibus,</span> <span class='ocrx_word' id='word_1_220' title='bbox 981 1839 1165 1890; x_wconf 89' lang='lat' dir='ltr'>quisunt</span> <span class='ocrx_word' id='word_1_221' title='bbox 1190 1835 1278 1876; x_wconf 92' lang='lat' dir='ltr'>eius</span> <span class='ocrx_word' id='word_1_222' title='bbox 1305 1829 1546 1874; x_wconf 80' lang='lat' dir='ltr'>comoediae</span> <span class='ocrx_word' id='word_1_223' title='bbox 1598 1840 1619 1865; x_wconf 57' lang='lat'>‚¹</span> 
     </span>
    </p>
   </div>
   <div class='ocr_carea' id='block_1_9' title="bbox 142 1904 1450 2089">
    <p class='ocr_par' dir='ltr' id='par_1_11' title="bbox 142 1904 1450 2089">
     <span class='ocr_line' id='line_1_30' title="bbox 142 1904 284 1956; baseline -0.028 -9"><span class='ocrx_word' id='word_1_224' title='bbox 142 1904 284 1956; x_wconf 85' lang='lat' dir='ltr'>primi:</span> 
     </span>
     <span class='ocr_line' id='line_1_31' title="bbox 202 1962 1257 2027; baseline -0.012 -5"><span class='ocrx_word' id='word_1_225' title='bbox 202 1981 349 2023; x_wconf 81' lang='lat' dir='ltr'>Sicut</span> <span class='ocrx_word' id='word_1_226' title='bbox 383 1988 516 2021; x_wconf 84' lang='lat' dir='ltr'>tuum</span> <span class='ocrx_word' id='word_1_227' title='bbox 548 1980 627 2020; x_wconf 91' lang='lat' dir='ltr'>uis</span> <span class='ocrx_word' id='word_1_228' title='bbox 653 1979 860 2020; x_wconf 79' lang='lat' dir='ltr'>unicum</span> <span class='ocrx_word' id='word_1_229' title='bbox 897 1973 1108 2027; x_wconf 82' lang='lat' dir='ltr'>gnatum</span> <span class='ocrx_word' id='word_1_230' title='bbox 1138 1962 1257 2011; x_wconf 86' lang='lat' dir='ltr'>tuae</span> 
     </span>
     <span class='ocr_line' id='line_1_32' title="bbox 204 2024 1450 2089; baseline -0.014 -10"><span class='ocrx_word' id='word_1_231' title='bbox 204 2038 506 2089; x_wconf 83' lang='lat' dir='ltr'>Superesse</span> <span class='ocrx_word' id='word_1_232' title='bbox 540 2038 678 2077; x_wconf 87' lang='lat' dir='ltr'>uitae</span> <span class='ocrx_word' id='word_1_233' title='bbox 712 2034 967 2085; x_wconf 81' lang='lat' dir='ltr'>sospitem</span> <span class='ocrx_word' id='word_1_234' title='bbox 1001 2035 1049 2070; x_wconf 88' lang='lat' dir='ltr'>et</span> <span class='ocrx_word' id='word_1_235' title='bbox 1079 2024 1450 2079; x_wconf 76' lang='lat' dir='ltr'>superstitem.</span> 
     </span>
    </p>
   </div>
   <div class='ocr_carea' id='block_1_10' title="bbox 94 2099 1551 2270">
    <p class='ocr_par' dir='ltr' id='par_1_12' title="bbox 94 2099 1551 2270">
     <span class='ocr_line' id='line_1_33' title="bbox 94 2099 1551 2169; baseline -0.015 -9"><span class='ocrx_word' id='word_1_236' title='bbox 94 2134 139 2169; x_wconf 79' lang='lat'>21</span> <span class='ocrx_word' id='word_1_237' title='bbox 235 2119 427 2161; x_wconf 80' lang='lat' dir='ltr'>Cauenda</span> <span class='ocrx_word' id='word_1_238' title='bbox 444 2118 566 2167; x_wconf 81' lang='lat' dir='ltr'>igitur</span> <span class='ocrx_word' id='word_1_239' title='bbox 583 2122 646 2156; x_wconf 88' lang='lat' dir='ltr'>est</span> <span class='ocrx_word' id='word_1_240' title='bbox 663 2128 745 2156; x_wconf 89' lang='lat' dir='ltr'>non</span> <span class='ocrx_word' id='word_1_241' title='bbox 761 2111 1040 2165; x_wconf 87' lang='lat' dir='ltr'>inproprietas</span> <span class='ocrx_word' id='word_1_242' title='bbox 1067 2110 1158 2149; x_wconf 90' lang='lat' dir='ltr'>sola</span> <span class='ocrx_word' id='word_1_243' title='bbox 1180 2105 1315 2153; x_wconf 85' lang='lat' dir='ltr'>uerbi,</span> <span class='ocrx_word' id='word_1_244' title='bbox 1335 2103 1411 2143; x_wconf 92' lang='lat' dir='ltr'>sed</span> <span class='ocrx_word' id='word_1_245' title='bbox 1429 2099 1551 2140; x_wconf 87' lang='lat' dir='ltr'>etiam</span> 
     </span>
     <span class='ocr_line' id='line_1_34' title="bbox 153 2159 1551 2269; baseline -0.013 -56"><span class='ocrx_word' id='word_1_246' title='bbox 153 2174 521 2269; x_wconf 52' lang='lat' dir='ltr'>pr³¹¹itas,0(3².¹i¹³{s’</span> <span class='ocrx_word' id='word_1_247' title='bbox 542 2174 575 2214; x_wconf 88' lang='lat' dir='ltr'>si</span> <span class='ocrx_word' id='word_1_248' title='bbox 594 2174 685 2223; x_wconf 82' lang='lat' dir='ltr'>quis</span> <span class='ocrx_word' id='word_1_249' title='bbox 703 2171 843 2212; x_wconf 89' lang='lat' dir='ltr'>senior</span> <span class='ocrx_word' id='word_1_250' title='bbox 859 2170 1092 2210; x_wconf 85' lang='lat' dir='ltr'>aduocatus</span> <span class='ocrx_word' id='word_1_251' title='bbox 1109 2159 1396 2205; x_wconf 69' lang='lat' dir='ltr'>adulescenti&lt;</span> <span class='ocrx_word' id='word_1_252' title='bbox 1408 2166 1551 2208; x_wconf 44' lang='lat' dir='ltr'>super-⁷</span> 
     </span>
     <span class='ocr_line' id='line_1_35' title="bbox 153 2219 1547 2270; baseline -0.003 0"><span class='ocrx_word' id='word_1_253' title='bbox 153 2242 249 2270; x_wconf 87' lang='lat' dir='ltr'>esse</span> <span class='ocrx_word' id='word_1_254' title='bbox 275 2241 321 2270; x_wconf 88' lang='lat' dir='ltr'>se</span> <span class='ocrx_word' id='word_1_255' title='bbox 401 2242 463 2269; x_wconf 83' lang='lat' dir='ltr'>ica</span> <span class='ocrx_word' id='word_1_256' title='bbox 485 2261 493 2269; x_wconf 88' lang='lat'><strong>.</strong></span> <span class='ocrx_word' id='word_1_257' title='bbox 1526 2219 1547 2251; x_wconf 55' lang='grc'><strong><em>4</em></strong></span> 
     </span>
    </p>
   </div>
   <div class='ocr_carea' id='block_1_11' title="bbox 1538 0 1619 2476">
    <p class='ocr_par' dir='ltr' id='par_1_13' title="bbox 1538 0 1619 2476">
     <span class='ocr_line' id='line_1_36' title="bbox 1538 0 1619 2476; baseline 0 0"><span class='ocrx_word' id='word_1_258' title='bbox 1538 0 1619 2476; x_wconf 95' lang='lat' dir='ltr'> </span> 
     </span>
    </p>
   </div>
  </div>
 </body>
</html>
