1635 2492
682 67 827 106 Xvni.
856 77 900 105 11.
1411 66 1494 109 203

87 182 297 231 secunda,
328 192 511 231 quonam
538 181 664 221 modo
691 180 823 220 audiri
849 185 974 244 atque
1006 180 1138 231 accipi
1155 181 1349 230 deberet,
1362 182 1492 246 quod
1510 188 1533 224 8

84 238 264 279 Plato
254 250 295 278 in
319 237 504 286 ciuitate,
539 249 662 288 quam
685 236 726 277 in
743 237 856 277 libris
874 237 961 277 suis
990 237 1195 286 condidit,
1220 232 1401 287 “κοινο“ις
1417 233 1496 288 τὰς

50 300 54 301 ’
85 297 334 348 γυναῖκας’,
356 295 400 335 id
420 299 486 335 est
503 305 746 335 communes
774 305 870 334 esse
888 294 1104 342 mulieres,
1135 296 1297 335 censuit
1317 300 1358 335 et
1376 307 1494 360 prae-

85 352 166 392 mia
188 351 290 393 uiris
329 351 580 393 fortissumis
611 351 869 401 summisque
897 351 1168 391 bellatoribus
1196 352 1338 402 posuit
1361 353 1494 393 sauia-

84 409 223 449 tiones
239 420 467 460 puerorum
487 414 528 448 et
551 409 810 459 puellarum?
832 408 970 447 Tertio
988 408 1026 446 in
1047 409 1140 448 loco
1160 409 1239 448 hoc
1259 410 1493 459 quaesitum
1510 415 1532 451 9

86 471 170 514 est,
201 466 242 505 in
270 466 421 516 quibus
442 465 584 506 uerbis
610 465 847 515 captionum
872 465 1043 504 istarum
1066 466 1179 505 fraus
1206 471 1320 506 esset
1345 472 1385 505 et
1411 478 1493 516 quo

86 527 210 574 pacto
246 522 444 573 distingui
473 521 714 572 resoluique
743 526 942 571 possent:
981 522 1124 571 ‘quod
1156 533 1240 562 non
1262 523 1492 573 perdidisti,

87 580 240 629 habes3
283 590 441 620 cornua
467 591 552 619 non
580 578 820 629 perdidisti:
861 579 990 618 habes
1023 578 1145 628 igitur
1177 583 1365 627 cornua’,
1398 580 1496 619 item

86 637 216 676 altera
242 635 401 687 captio:
430 637 561 685 equod
579 646 657 685 ego
677 647 781 683 sum,
813 635 854 675 id
873 641 915 675 tu
937 647 1019 675 non
1040 647 1107 675 es:
1136 636 1262 676 homo
1295 636 1418 686 igitur
1451 642 1495 676 tu

86 704 169 733 non
187 697 266 732 es'.
315 693 555 743 Quaesitum
570 692 624 732 ibi
648 697 725 743 est,
747 703 853 742 quae
871 697 983 732 esset
999 692 1120 732 huius
1140 704 1308 743 quoque
1333 693 1552 744 sophis-10

85 749 205 790 matis
245 750 419 790 solutio:
455 753 567 789 ‘curn
602 749 779 788 mentior
814 754 854 789 et
885 749 1047 789 mentiri
1077 761 1142 788 me
1167 750 1283 799 dico,
1317 751 1496 790 mentior

85 818 136 846 an
172 817 320 846 uerum
360 806 504 846 dico?’
565 807 718 846 Postea
751 806 940 856 quaestio
976 806 1105 846 istaec
1147 806 1241 853 suit,
1283 819 1407 858 quam
1440 808 1494 848 ob
1508 813 1550 846 11

85 874 255 903 eausam
287 863 449 914 patricii
482 863 790 913 Megalensibus
828 862 1019 903 mutitare
1057 862 1166 903 soliti
1197 864 1302 916 sint,
1348 865 1493 914 plebes

87 919 353 960 Cerealibus?
410 920 650 960 Secundum
694 931 742 959 ea
784 921 863 959 hoc
910 920 1144 969 quaesitum
1181 926 1263 960 est:
1318 921 1493 961 uerbum
1507 926 1551 960 12

85 979 302 1025 ‘uerant’,
345 978 459 1027 quod
494 977 700 1027 significat
740 980 864 1016 ‘uera
902 977 1080 1024 dicunt',
1121 976 1310 1027 quisnam
1342 983 1495 1028 poeta-

86 1045 176 1073 rum
205 1038 395 1073 ueterum
428 1033 602 1073 dixerit?
644 1033 772 1074 Sexta
804 1034 992 1083 quaestio
1033 1034 1125 1081 fuit,
1167 1035 1552 1084 ‘asphodelum'lss

87 1090 322 1130 cuiusmodi
366 1091 495 1130 herba
542 1090 613 1138 sit²
669 1091 782 1140 quod
834 1090 1103 1130 Hesiodus
1155 1090 1194 1130 in
1238 1091 1316 1131 isto
1367 1103 1495 1131 uersu

87 1146 300 1196 posuerit:

151 1230 387 1287 Νήπιοι,
428 1228 550 1275 οὐδ’
589 1236 778 1275 ἴσασιν
815 1229 921 1290 ὅσῳ
951 1233 1121 1297 σ’τλέον
1148 1230 1320 1288 ἥμισυ
1353 1247 1491 1275 παν-

911 1305 1002 1339 τος

147 1341 274 1388 Οὐδ’
316 1342 456 1388 ὅσον
495 1346 554 1387 ἐν
594 1346 805 1401 μαλάχῃ
837 1361 890 1388 τε
918 1346 1015 1412 fal
1055 1342 1349 1405 ἀσφοδέλῳ
1378 1343 1492 1402 μέγ’

910 1417 1128 1458 ονειαρ,

86 1500 128 1535 et
156 1494 257 1545 quid
291 1494 389 1534 item
422 1495 686 1536 Hesiodus
718 1507 764 1535 se
788 1496 926 1536 dicere
959 1496 1127 1544 sentiat,
1167 1507 1259 1536 cum
1282 1496 1494 1537 dimidium

84 1553 181 1602 plus
205 1563 301 1591 esse
331 1557 421 1592 toto
455 1552 578 1592 dicit?
609 1553 825 1592 Postrema
850 1552 1142 1602 quaestionum
1174 1553 1357 1593 omnium
1389 1554 1553 1596 1138014

85 1607 181 1648 fuit:
215 1606 503 1658 ‘scripserim'‚
524 1609 740 1659 ‘legerim'‚
759 1610 992 1656 ‘uenerim’,
1012 1609 1127 1649 cuius
1148 1610 1348 1660 temporis
1364 1610 1495 1650 uerba

85 1664 188 1713 sint,
220 1664 433 1715 praeteriti
454 1677 506 1704 an
524 1665 649 1705 futuri
667 1677 717 1704 an
741 1666 986 1716 utriusque?

169 1759 284 1798 Haec
319 1758 390 1798 ubi
417 1758 582 1806 ordine,
627 1770 708 1808 quo
745 1758 846 1807 dixi,
878 1759 1097 1809 proposita
1133 1764 1278 1809 atque,
1319 1759 1492 1809 singulis
1508 1766 1551 1801 15

87 1819 203 1856 sorte
220 1815 377 1863 ductis,
409 1814 620 1865 disputata
637 1816 941 1866 explanataque
958 1821 1073 1864 sunt,
1103 1816 1216 1856 libris
1241 1816 1494 1866 coronisque

90 1883 236 1912 omnes
264 1871 406 1912 donati
424 1882 593 1919 sumus,
624 1871 702 1911 nisi
726 1873 778 1912 ob
799 1884 923 1912 unam
948 1873 1257 1922 quaestionem,
1290 1884 1398 1923 quae
1422 1873 1496 1912 fuit

88 1929 141 1968 de
157 1928 287 1969 uerbo
307 1931 501 1969 ‘uerant'.
561 1929 690 1968 Nemo
719 1929 827 1968 enim
857 1935 945 1969 tum
969 1929 1309 1970 commeminerat
1337 1929 1494 1969 dictum
1507 1936 1552 1972 16

89 1996 186 2025 esse
207 1996 231 2024 a
248 1985 293 2034 Q.
314 1984 477 2025 Ennio
497 1984 537 2024 id
556 1985 729 2024 uerbum
754 1986 792 2025 in
815 1985 977 2026 tertio
1003 1985 1208 2026 decimo
1235 1986 1494 2026 annalium

87 2041 128 2081 in
158 2041 240 2082 isto
264 2052 412 2082 uersu:

399 2131 548 2172 Satin
581 2136 735 2171 uates
768 2139 955 2172 uerant
984 2138 1158 2173 aetate
1188 2132 1233 2171 in
1267 2133 1494 2182 agunda?

90 2223 312 2316 goronar,
275 2221 398 2272 igitur
412 2222 534 2263 huius
554 2221 810 2283 quaestionis
830 2223 908 2263 deo
928 2223 1122 2263 seriarum
1139 2227 1296 2263 starum
1314 2222 1493 2264 Saturno

119 2282 227 2318 atast
