1619 2476
158 73 241 117 236
709 76 833 114 Vllll.
852 85 910 113 111.
929 85 1006 113 1111.
1030 46 1033 49 Ι

120 195 144 228 4
239 189 299 226 Ea
322 188 517 237 epistula,
552 187 745 236 quoniam
778 199 901 227 curae
924 187 1243 237 diligentiaeque
1265 186 1302 226 in
1331 190 1555 227 liberorum

159 244 395 293 disciplinas
422 245 727 283 hortamentum
759 249 833 291 est,
867 244 1141 283 exscribenda
1168 243 1260 283 uisa
1281 248 1345 283 est
1374 244 1426 283 ad
1446 255 1554 283 com-

121 309 141 341 5
159 300 390 339 monendos
408 305 626 350 parentum
648 300 822 340 animos.
883 300 1144 350 Exponenda
1162 305 1224 340 est
1239 299 1362 350 igitur
1378 300 1429 338 ad
1448 300 1554 338 hanc

158 357 285 394 ferme
300 356 567 395 sententiam:

328 421 554 472 ‘Philippus
578 423 793 463 Aristoteli
820 424 994 463 salutem
1016 422 1125 462 dicit.

239 487 383 526 Filium
420 487 516 526 mihi
550 489 731 537 genitum
769 490 886 530 scito.
948 490 1067 539 Quod
1100 489 1292 539 equidem
1324 489 1386 528 dis
1418 489 1552 529 habeo

157 544 346 592 gratiam,
380 555 463 583 non
491 545 663 593 proinde
696 547 791 596 quia
812 551 931 586 natus
951 551 1031 594 est,
1065 557 1188 595 quam
1222 557 1297 596 pro
1335 557 1404 593 eo,
1442 546 1554 594 quod

158 611 251 638 eum
273 600 389 638 nasci
413 600 582 650 contigit
609 603 865 652 temporibus
889 602 996 641 uitae
1016 607 1125 641 tuae.
1170 603 1303 652 Spero
1322 601 1429 641 enim
1451 602 1552 649 fore,

156 661 202 694 ut
222 656 396 694 eductus
416 656 683 706 eruditusque
708 669 731 697 a
755 664 792 697 te
811 659 958 708 dignus
979 658 1129 698 existat
1152 663 1192 698 ct
1211 658 1331 698 nobis
1356 663 1396 697 et
1417 669 1553 697 rerum

157 712 328 750 istarum
355 713 654 762 susceptione’.

118 784 139 820 6
241 778 376 828 Ipsius
396 783 532 817 autem
549 778 723 830 Philippi
747 780 875 819 uerba
897 780 999 819 haec
1022 785 1138 820 sunt:

325 845 598 893 Φίλιππος
626 840 997 898 Ἀριστοτέλει
1028 846 1261 898 χαίρειν.

233 906 379 951 Ἴσθι
414 924 504 963 μοι
517 909 812 978 γεγονότα
846 908 986 951 υιόν.
1047 908 1269 964 Πολλὴν
1304 902 1406 951 οὖν
1438 919 1553 961 τοῖς

155 971 313 1015 θεοῖς
340 967 439 1033 ἐχω
463 964 647 1021 χάριν,
679 963 775 1020 οὐχ
803 963 976 1016 οὕτως
1007 965 1094 1007 ἐπὶ
1117 968 1180 1036 τῇ
1209 966 1443 1034 γενέσει
1455 969 1553 1009 τοῦ

156 1021 376 1075 παιδός,
408 1018 474 1072 ὡς
505 1022 591 1064 ἐπὶ
621 1025 689 1079 τῷ
719 1019 853 1064 κατὰ
882 1021 990 1090 τὴν
1010 1018 1110 1090 σῂν
1134 1021 1357 1090 ἡλικίαν
1381 1019 1552 1065 αὐτὸν

154 1077 480 1132 γεγονέναι·
525 1066 724 1130 ἐλπίζω
760 1078 888 1134 γάρ,
927 1075 1103 1120 αὐτὸν
1143 1074 1248 1121 ὑπὸ
1281 1081 1386 1120 σοῦ
1415 1093 1552 1133 τρα-

153 1134 329 1202 φέντα
380 1136 469 1177 καὶ
523 1135 910 1178 παιδευθέντα
967 1131 1122 1186 ἄξιον
1178 1136 1409 1177 ἔσεσθαι
1465 1135 1552 1177 καὶ

153 1188 302 1245 ἡμῶν
333 1191 423 1233 καὶ
454 1194 545 1246 τῆς
576 1194 685 1234 τῶν
713 1189 1046 1247 πραγμάτων
1071 1192 1346 1246 διαδοχῆς.

809 1307 891 1348 ΠΙΙ.

153 1386 204 1421 Dc
238 1387 479 1422 barbararum
513 1386 675 1432 gentium
705 1385 937 1433 prodigiosis
966 1387 1181 1431 misaculis;
1222 1386 1342 1433 deque
1383 1386 1474 1423 diris
1515 1391 1551 1422 et

209 1443 381 1478 exitiosis
427 1442 793 1486 effascinationibus3
846 1447 954 1489 alque
992 1444 1081 1479 inibi
1119 1443 1165 1478 de
1211 1443 1359 1479 seminis
1396 1448 1549 1490 repente

208 1500 329 1534 uersis
355 1498 392 1533 in
414 1510 552 1534 mares.

116 1594 134 1627 1
242 1586 340 1624 Cum
374 1596 395 1624 e
414 1586 583 1625 Graecia
612 1585 651 1624 in
672 1586 825 1625 Italiam
855 1586 1083 1625 rediremus
1117 1592 1158 1626 et
1180 1585 1445 1626 Brundisium
1475 1585 1548 1625 ire-

153 1653 243 1681 mus
262 1641 505 1691 egressique
524 1654 545 1681 e
563 1642 658 1681 naui
681 1642 720 1680 in
740 1648 890 1681 terram
910 1643 949 1681 in
967 1648 1089 1692 portu
1106 1643 1173 1682 illo
1195 1642 1334 1682 inclito
1352 1641 1550 1692 spatiare-

155 1710 258 1745 mur,
293 1709 415 1747 quem
453 1699 497 1747 Q.
525 1698 719 1738 Ennius
753 1699 975 1738 remotiore
1008 1700 1185 1746 paulum,
1217 1699 1293 1738 sed
1324 1698 1549 1738 admodum

154 1754 258 1794 scito
284 1755 489 1793 uocabulo
524 1758 796 1804 ‘praepetem'
820 1754 1052 1805 appellauit,
1086 1755 1222 1794 fasces
1253 1754 1450 1806 librorum
1479 1765 1549 1793 ue-

117 1817 138 1851 2
155 1810 305 1849 nalium
337 1810 554 1860 expositos
592 1811 782 1850 uidimus.
844 1814 982 1860 Atque
1007 1822 1084 1859 ego
1114 1810 1234 1850 auide
1258 1810 1395 1850 statim
1416 1821 1547 1860 pergo

112 1868 205 1906 3ad
237 1867 380 1906 libros.
440 1868 567 1906 Erant
584 1873 720 1907 autem
739 1868 805 1906 isti
823 1879 966 1907 omnes
985 1867 1074 1905 libri
1093 1867 1236 1906 Graeci
1257 1867 1549 1906 miraculorum
1589 1899 1617 1912 ,,

153 1924 467 1972 fabularumque
499 1924 628 1972 pleni,
668 1936 736 1963 res
767 1924 994 1970 inauditae,
1025 1923 1281 1969 incredulae,
1319 1922 1546 1972 scriptores
1580 1954 1582 1956 ,
1613 1936 1615 1938 ·

153 1984 319 2018 ueteres
344 1991 427 2018 non
446 1991 601 2029 paruae
619 1980 894 2020 auctoritatis:
917 1980 1034 2018 Aris
1049 1984 1060 2018 t
1075 1991 1095 2018 e
1109 1991 1161 2018 as
1182 1978 1490 2019 Proconnesius
1509 1983 1549 2017 et

156 2035 398 2084 Isigonus
423 2036 661 2076 Nicaeensis
688 2043 727 2076 et
755 2036 957 2076 Ctesias
984 2040 1023 2074 et
1045 2036 1375 2075 Onesicritus
1402 2035 1548 2074 etPO-
1579 2038 1619 2069 i?-

112 2097 135 2130 4
153 2094 234 2140 lys
249 2092 501 2139 tephanus
521 2097 560 2131 et
581 2092 857 2142 Hegesias3
889 2093 978 2141 ipsa
1000 2097 1136 2131 autem
1156 2092 1367 2132 uolumina
1389 2102 1440 2130 ex
1463 2090 1548 2128 diu-
1580 2096 1587 2118 ff

114 2153 133 2185 5
154 2147 237 2185 tino
265 2147 344 2186 situ
367 2149 613 2197 squalebant
628 2154 668 2187 et
688 2149 827 2188 habitu
848 2153 1104 2197 aspectuque
1128 2154 1259 2188 taetro
1279 2152 1407 2187 erant.
1467 2148 1547 2185 Ac·
1583 2188 1589 2193 ,
1617 2162 1619 2171 ·

155 2203 262 2241 cessi
292 2208 427 2242 tamen
449 2209 801 2254 percontatusque
826 2205 1000 2253 pretium
1021 2216 1111 2243 sum
1140 2210 1199 2252 et,
1223 2205 1426 2243 adductus
1445 2202 1548 2241 mira

154 2263 278 2308 atque
319 2259 527 2307 insperata
559 2261 730 2308 uilitate,
772 2261 899 2300 libros
934 2260 1132 2310 plurimos
1152 2272 1246 2299 aere
1286 2271 1420 2310 pauco
1452 2268 1545 2298 emo
