1603 2508
711 37 762 77 X.
788 48 846 77 x1.
863 47 939 76 xit.
1451 39 1504 80 11

177 146 281 187 Illud
298 158 400 188 uero
416 147 470 187 Ni
483 160 510 199 g
521 148 533 188 i
545 149 570 189 d
581 149 593 189 i
605 161 701 190 anu
712 162 751 190 m
774 150 833 190 rei
853 155 978 201 atque
994 150 1113 191 uerbi
1130 155 1506 202 temperamentum
1522 162 1543 195 5

92 202 215 245 dIuos
233 205 272 243 A
281 216 308 243 u
318 215 345 254 g
355 216 382 243 u
393 209 480 245 stu
491 217 510 245 s
529 206 694 248 duobus
708 207 876 247 Graecis
888 208 1027 248 uerbis
1046 209 1353 258 elegantissime
1372 221 1422 249 ex
1426 210 1506 260 pri-

91 260 244 300 mebat.
300 262 403 301 Nam
420 267 461 301 et
478 262 617 304 dicere
633 264 673 304 in
693 263 959 305 sermonibus
978 270 1018 304 et
1035 265 1219 305 scribere
1236 265 1274 305 in
1301 278 1322 306 e
1333 278 1359 317 p
1371 266 1383 305 i
1396 272 1442 306 st
1456 279 1506 306 u-

89 316 158 357 lis
195 317 364 358 solitum
396 330 492 359 esse
531 321 665 361 aiunt:
713 319 922 361 σπεῦδε
960 319 1233 374 βραδέως,
1281 334 1358 373 per
1393 325 1506 374 quod

91 374 309 424 monebat,
337 381 383 416 ut
397 376 449 415 ad
467 388 555 416 rem
573 379 777 428 agendam
796 377 917 418 simul
934 378 1203 418 adhiberetur
1219 385 1260 418 et
1277 380 1506 420 industriae

91 430 285 471 celeritas
304 437 345 472 et
363 432 600 483 diligentiae
627 435 798 474 tarditas
811 467 820 482 ,
853 446 903 474 ex
924 435 1074 485 quibus
1092 436 1258 476 duobus
1285 437 1505 477 contrariis

90 487 138 526 fit
155 488 422 529 ‘maturitas'.
484 491 521 529 V
535 502 625 541 erg
638 491 650 530 i
663 492 763 532 lius
783 503 966 542 quoque,
1000 492 1035 532 si
1053 492 1146 542 quis
1164 493 1345 532 animum
1364 495 1505 533 adten-
1522 501 1543 536 6

91 544 174 593 dat,
208 545 292 585 duo
309 545 390 586 ista
406 547 536 587 uerba
554 551 816 599 ‘properare'
842 554 882 588 et
900 552 1140 589 ‘maturare'
1154 555 1366 599 tamquam
1382 551 1506 601 plane

91 601 300 641 contraria
317 603 539 644 scitissime
557 605 769 656 separauit
793 606 832 645 in
852 605 967 645 hisce
983 606 1201 646 uersibus:

146 668 400 719 Frigidus
432 671 728 721 agricolam
755 673 797 712 si
825 673 1030 723 quando
1060 673 1298 713 continet
1323 673 1504 720 imber,

145 726 336 775 Multa,
371 728 550 768 forent
573 740 706 780 quae
730 742 848 770 mox
877 730 1025 769 caelo
1053 731 1396 780 properanda
1427 741 1504 770 se-

931 798 1087 835 reno,

145 840 408 881 Maturare
435 842 599 882 datur.

88 906 407 958 Elegantissime
427 909 510 949 duo
529 909 660 948 uerba
682 908 762 949 ista
786 908 943 949 diuisit:
978 920 1158 959 namque
1181 909 1218 948 in
1253 914 1506 960 praeparatu
1523 918 1542 952 7

89 964 149 1004 rei
167 963 346 1004 rusticae
365 976 442 1015 per
459 970 733 1016 tempestates
750 967 930 1016 pluuias,
953 966 1149 1016 quoniam
1168 966 1296 1006 otium
1314 972 1390 1014 est,
1404 969 1504 1005 ‘ma-

89 1021 242 1061 turari'
261 1026 423 1072 potest;
450 1034 527 1073 per
546 1034 733 1071 serenas,
754 1023 951 1073 quoniam
968 1028 1134 1074 tempus
1153 1023 1298 1071 instat,
1326 1026 1504 1074 ‘prope—

88 1077 187 1117 rari’
212 1089 435 1118 necessum
453 1084 531 1119 est.

179 1135 278 1174 Cum
310 1134 628 1185 significandum
653 1142 792 1176 autem
828 1141 917 1185 est,
951 1137 1136 1177 coactius
1161 1136 1260 1187 quid
1289 1139 1442 1177 factum
1465 1143 1543 1180 ets

89 1191 367 1239 festinantius,
384 1197 471 1233 tum
492 1193 646 1234 rectius
659 1197 954 1244 ‘praemature’
976 1195 1129 1234 factum
1147 1194 1188 1233 id
1207 1194 1504 1244 dicitur,qua1n

89 1251 298 1297 <mature',
337 1248 458 1289 sicuti
493 1250 744 1291 Afranius
769 1251 871 1291 dixit
901 1251 941 1290 in
969 1256 1173 1301 togata,
1211 1250 1275 1290 cui
1298 1251 1502 1291 Titulus

88 1317 240 1346 nomen
273 1310 357 1346 est:

143 1358 382 1413 'Adpetis
409 1362 725 1403 dominatum
751 1365 959 1405 demens
994 1363 1325 1415 praemature
1354 1364 1502 1415 prae-

930 1433 951 1461 c
966 1433 988 1462 o
1002 1434 1022 1461 c
1035 1433 1128 1469 em,

87 1475 129 1516 in
158 1487 241 1526 quo
268 1487 398 1516 uersu
420 1476 834 1517 animaduertendum
861 1484 944 1527 cst,
979 1479 1094 1529 quod
1115 1489 1306 1529 praeco
1321 1489 1426 1518 cem
1449 1477 1506 1517 in·
1522 1486 1543 1521 9

88 1532 196 1583 quit,
229 1544 312 1573 non
340 1535 698 1584 ‘praecoquem'z
741 1540 806 1574 est
840 1535 949 1574 enim
985 1547 1109 1576 casus
1136 1534 1224 1575 eius
1249 1540 1391 1575 rectus
1417 1546 1499 1575 non

87 1588 389 1641 ‘praecoquis’‚
409 1590 484 1630 sed
503 1593 735 1641 ‘praecox’.

85 1715 140 1752 De
161 1716 345 1763 portentis
377 1717 611 1761 fabularum,
647 1728 743 1764 quac
769 1718 912 1753 Plinius
940 1716 1142 1754 Secundus
1169 1717 1433 1765 indignissime
1462 1720 1499 1756 in

142 1772 397 1810 Democritum
425 1773 697 1821 philosophum
720 1775 883 1819 contem
912 1779 947 1809 et
976 1773 1115 1810 ibidem
1139 1773 1185 1809 de
1209 1775 1412 1811 simulacro
1435 1787 1499 1812 uo-

143 1830 238 1867 lucri
267 1831 478 1867 columbae.

174 1905 343 1947 Librum
385 1919 481 1948 esse
519 1907 755 1948 Democri
769 1907 803 1947 ti
821 1940 829 1955 ‚
861 1907 1107 1948 nobilissimi
1136 1909 1497 1960 philosophorum,
1517 1915 1531 1947 1

87 1963 147 2002 de
181 1963 231 2003 ui
271 1968 322 2003 et
362 1969 550 2004 natura
587 1965 1004 2005 chamaeleontis
1048 1977 1228 2016 eumque
1260 1977 1306 2006 se
1343 1965 1498 2015 legisse

85 2018 289 2060 Plinius
317 2020 588 2062 Secundus
613 2021 653 2061 in
680 2021 935 2061 naturalis
961 2022 1097 2062 histo
1111 2022 1217 2062 riae
1242 2022 1494 2062 uicesimo

87 2086 113 2115 ο
126 2080 206 2116 cta
218 2087 246 2116 u
258 2088 282 2117 o
315 2079 461 2126 refert,
499 2079 710 2129 multaque
735 2089 843 2118 uana
879 2084 1004 2129 atque
1033 2079 1296 2119 intoleranda
1324 2078 1495 2118 auribus

87 2131 240 2172 deinde
262 2133 383 2182 quasi
410 2145 435 2174 a
454 2136 487 2174 D
499 2146 572 2174 em
587 2147 610 2175 0
627 2136 759 2176 crito
785 2135 940 2175 scribta
954 2136 1098 2183 tradit,
1124 2148 1176 2176 ex
1195 2136 1344 2186 quibus
1361 2146 1495 2186 pauca

86 2187 192 2228 haec
206 2188 323 2230 inuiti
339 2190 612 2239 meminimus,
626 2192 722 2242 quia
738 2197 978 2242 pertaesum
995 2197 1078 2233 est:
1098 2193 1338 2243 accipitrem
1357 2193 1494 2232 auium
1511 2199 1532 2232 2

87 2244 397 2295 rapidissimum
418 2259 442 2287 a
475 2248 786 2290 chamaeleonte
820 2248 931 2290 humi
952 2255 1161 2300 reptante,
1193 2250 1229 2290 si
1260 2261 1354 2290 eum
1386 2251 1491 2290 forte
