1603 2508
573 483 632 548 Α.
682 483 724 546 G
747 484 784 545 E
807 484 844 545 L
867 482 904 546 L
929 485 948 547 Ι
972 485 993 546 1

156 644 451 721 Nocrlvltl
503 643 892 720 ATTIGARVM
944 644 1142 720 LIBER
1184 642 1410 719 NONVS.

772 917 802 955 1.

81 1012 334 1057 Quamobrem
360 1010 519 1055 Quintus
545 1009 723 1046 Claudius
749 1009 1023 1056 Quadrigarius
1049 1011 1087 1045 in
1110 1009 1396 1046 undeuicesimo
1426 1020 1489 1045 an-

137 1069 213 1104 nali
243 1068 458 1114 scripserit,
504 1067 687 1102 rectiores
718 1068 972 1113 certioresque
1004 1067 1099 1102 ictus
1130 1066 1233 1110 fieri,
1276 1068 1308 1103 si
1338 1078 1489 1103 sursum

138 1125 229 1172 quid
254 1125 399 1168 mittas,
428 1134 540 1170 quam
562 1124 594 1159 si
619 1123 809 1159 deorsum.

160 1200 386 1269 Quintus
406 1224 652 1264 Claudius
678 1223 718 1263 in
742 1222 1140 1263 undeuicesimo
1174 1222 1363 1271 annali,
1397 1232 1527 1266 euml

80 1281 281 1331 oppidum
299 1292 322 1319 a
338 1282 506 1320 Metello
524 1282 782 1329 proconsule
800 1280 1053 1331 oppugnari,
1078 1285 1224 1320 contra
1241 1280 1292 1318 ab
1316 1281 1488 1331 oppida-

78 1338 142 1377 nis
171 1339 354 1388 desuper
386 1349 408 1376 e
442 1337 570 1377 muris
601 1338 858 1387 propugnari
890 1337 1168 1384 describeret,
1211 1337 1267 1375 ita
1298 1337 1486 1388 scripsit:

79 1394 401 1444 Sagittarius
430 1405 541 1433 cum
567 1394 841 1434 funditore
867 1394 1133 1444 utrimque
1158 1405 1354 1434 summo
1382 1400 1488 1434 stu-

78 1451 160 1491 dio
211 1456 473 1501 spargunt
517 1450 825 1491 fortissime.
903 1451 1007 1491 Sed
1045 1450 1293 1501 sagittam
1332 1457 1487 1501 atque

77 1507 308 1558 lapidem
340 1508 586 1547 deorsum
618 1518 677 1545 an
704 1520 910 1547 sursum
950 1508 1147 1555 mittas,
1190 1508 1284 1548 hoc
1324 1507 1488 1548 inter-

77 1569 175 1604 est:
207 1575 320 1603 nam
352 1569 591 1604 neutrum
622 1569 804 1613 potest
826 1565 1073 1605 deorsum
1104 1576 1312 1604 uersum
1341 1570 1487 1604 recte

76 1620 229 1668 mitti,
268 1621 360 1660 sed
389 1632 598 1660 sursum
629 1626 904 1671 utrumque
936 1621 1138 1671 optime.
1202 1622 1366 1670 Quare
1405 1621 1486 1660 mi-

0 1710 1 1729 3
75 1676 200 1717 lites
231 1677 431 1717 Metelli
463 1677 836 1717 sauciabantur
861 1679 1022 1718 multo
1053 1677 1216 1717 minus
1249 1683 1315 1725 et,
1351 1678 1485 1727 quod

40 1742 43 1744 ·
75 1733 288 1773 maxime
311 1745 443 1783 opus
476 1739 609 1782 erat,
651 1746 674 1773 a
712 1734 888 1786 pinnis
928 1734 1101 1774 hostis
1135 1734 1486 1774 defendebant

75 1789 330 1829 facillime
360 1791 641 1831 funditore.

159 1848 441 1887 Percontabar
462 1859 540 1898 ego
561 1848 594 1886 A
608 1849 839 1890 ntonium
867 1846 1072 1887 Iulianu
1084 1859 1124 1886 m
1144 1847 1375 1896 rhetorem,
1411 1859 1483 1888 cur
1499 1858 1522 1892 2

74 1903 156 1945 hoe
172 1903 228 1943 ita
249 1915 330 1943 usu
345 1904 520 1952 ueniret,
555 1905 668 1954 quod
686 1903 1067 1954 Quadrigarius
1095 1903 1280 1952 dixisset,
1315 1910 1361 1944 ut
1378 1916 1485 1945 con-

73 1958 175 2009 tigui
199 1960 330 2010 magis
350 1960 680 2011 directioresque
702 1961 809 2000 ictus
828 1961 949 2009 fiant,
984 1960 1018 2000 si
1042 1962 1110 2000 uel
1132 1960 1312 2011 lapidem
1328 1963 1396 2000 uel
1421 1973 1485 2001 sa-

16 2040 18 2043 ·
75 2015 217 2065 gittam
234 2028 402 2057 sursum
418 2029 569 2058 uersus
584 2018 724 2066 iacias,
758 2029 881 2068 quam
898 2019 1111 2065 deorsum,
1147 2029 1240 2057 cum
1256 2018 1485 2068 procliuior

75 2073 319 2124 faciliorque
338 2073 470 2114 iactus
488 2074 542 2114 sit
564 2086 616 2113 ex
633 2075 827 2124 supernis
845 2074 884 2113 in
902 2074 1066 2122 infima,
1100 2086 1223 2124 quam
1249 2085 1300 2114 ex
1331 2074 1483 2115 infimis

30 2164 34 2169 .
74 2128 115 2168 in
133 2141 328 2179 superna.
389 2132 493 2171 Tum
516 2131 771 2177 Iulianus,
807 2131 1080 2181 comprobato
1100 2142 1254 2180 genere
1275 2131 1482 2181 quaestio-
1499 2139 1522 2173 3

75 2184 160 2225 uls:
192 2187 326 2236 ‘quod
343 2187 394 2227 de
412 2187 598 2236 sagitta'‚
631 2188 781 2237 inquit,
814 2192 879 2226 <et
895 2187 1030 2237 lapide
1049 2188 1170 2235 dixit,
1204 2188 1282 2228 hoc
1301 2189 1352 2227 de
1371 2189 1482 2229 omni

18 2240 58 2272 ἢ·
76 2241 163 2280 fere
178 2243 323 2283 missili
337 2245 420 2284 telo
440 2244 519 2282 dici
534 2249 688 2294 potest.
751 2244 928 2284 Facilior
945 2249 1082 2283 autem
1098 2245 1230 2284 iactus
1250 2250 1334 2293 est,
1360 2245 1480 2285 sicuti
1496 2253 1520 2287 4

15 2296 54 2355 ξ
77 2296 235 2348 dixisti,
264 2299 299 2339 si
320 2301 503 2350 desuper
532 2301 679 2346 iacias,
714 2301 747 2339 si
774 2301 871 2350 quid
898 2300 1033 2341 iacere
1055 2306 1212 2341 tantum
1243 2302 1367 2350 uelis,
1396 2313 1480 2342 non

16 2356 18 2375 Ι
48 2371 50 2373 .
