1619 2476
127 65 209 106 184
720 65 845 104 XVII.
885 75 927 102 x.

127 179 260 217 Roma
285 176 569 224 uenissemus‚
602 176 767 216 memini
789 186 917 225 super
936 174 1163 215 Pindaro
1187 181 1312 225 poeta
1335 181 1376 216 et
1403 179 1528 216 Ver·
1590 175 1594 178 ”

87 234 250 283 2gilio
276 233 316 270 in
339 233 447 271 hunc
465 233 591 271 ferme
608 233 776 272 modum
805 231 1032 271 disserere:
1064 231 1243 280 ‘Amici’,
1270 232 1420 282 inquit,
1453 234 1527 271 <fa-

125 289 387 337 miliaresque
410 289 452 327 P.
475 288 644 337 Vergilii
668 288 707 326 in
737 288 805 335 iis,
839 298 946 337 quae
978 288 1029 326 de
1059 287 1224 337 ingenio
1255 288 1530 338 moribusque

127 345 215 384 eius
257 343 480 383 memoriae
519 344 798 391 tradiderunt,
847 343 986 383 dicere
1034 355 1128 383 eum
1166 343 1333 383 solitum
1376 346 1526 392 serunt,

90 407 111 441 3
127 411 274 450 parere
302 411 348 438 se
371 411 518 439 uersus
548 412 663 439 more
687 407 812 449 atque
834 400 913 439 ritu
945 399 1099 439 ursino.
1160 401 1345 449 Namque
1379 405 1425 440 ut
1458 400 1528 439 illa

123 456 258 495 bestia
280 456 407 494 fetum
430 457 573 495 ederet
589 456 858 505 ineffigiatum
885 456 1209 504 informemque,
1239 456 1459 496 lambendo
1483 456 1525 495 id

125 518 284 562 postea,
316 512 430 561 quod
451 512 507 551 ita
525 512 737 560 edidisset,
771 513 1052 551 conformaret
1068 516 1108 551 et
1129 512 1317 561 fingeret,
1349 512 1525 562 proinde

122 568 274 617 ingenii
295 579 464 617 quoque
491 568 553 607 sui
578 575 721 619 partus
748 574 937 607 recentes
961 568 1052 607 rudi
1076 579 1172 608 esse
1197 567 1301 607 facie
1323 572 1363 606 et
1393 568 1527 617 inper-

123 626 243 671 fecta,
262 624 338 663 sed
356 624 554 674 deinceps
580 626 794 664 tractando
819 625 1082 674 colendoque
1104 624 1281 663 reddere
1300 623 1351 663 iis
1373 635 1420 663 se
1442 623 1526 663 oris

86 686 109 720 4
125 685 166 720 et
187 681 327 719 uultus
349 680 598 720 liniamenta.
646 682 736 720 Hoc
754 681 887 719 uirum
910 681 1046 719 iudicii
1073 680 1331 720 subtilissimi
1348 680 1529 729 ingenue

24 755 32 763 ·
84 742 245 785 5atque
263 747 361 775 uere
382 736 560 784 dixisse,
590 739 688 784 res’,
718 737 870 786 inquit,
905 737 1117 776 ‘indicium
1134 737 1241 776 facit.
1301 737 1402 775 Nam
1420 747 1529 785 quae

122 792 287 841 reliquit
309 793 492 841 perfecta
514 793 780 842 expolitaque
809 793 1045 842 quibusque
1068 792 1266 843 imposuit
1291 803 1442 831 census
1471 796 1530 831 at-

125 859 205 897 que
224 848 398 887 dilectus
422 848 487 887 sui
506 860 744 898 supremam
766 860 951 896 manum,
986 849 1096 888 omni
1119 849 1309 898 poeticae
1331 853 1529 887 uenusta-

83 911 104 944 6
120 904 172 943 tis
190 905 313 943 laude
338 904 510 951 florent;
545 906 619 944 sed
639 916 745 954 quae
766 905 1071 954 procrastinata
1088 910 1184 944 sunt
1201 906 1251 944 ab
1269 915 1333 952 eo,
1364 909 1410 943 ut
1429 907 1529 953 post

122 965 462 1008 recenserentur,
509 966 549 999 et
593 961 775 1008 absolui,
828 961 1023 1010 quoniam
1069 973 1182 1001 mors
1228 964 1528 1010 praeuerterat,

123 1016 421 1065 nequiuerunt‚
465 1028 728 1066 nequaquam
765 1022 984 1066 poetarum
1024 1017 1320 1066 elegantissimi
1360 1015 1529 1055 nomine

87 1078 249 1121 7atque
279 1072 430 1111 iudicio
465 1073 587 1122 digna
623 1078 730 1111 sunt.
806 1075 949 1122 Itaque
982 1084 1073 1112 cum
1109 1074 1254 1121 morbo
1296 1073 1529 1122 obpressus

125 1129 351 1166 aduentare
374 1133 549 1167 mortem
567 1128 748 1176 uideret,
774 1129 918 1178 petiuit
936 1129 1152 1178 orauitque
1176 1140 1200 1167 a
1220 1129 1306 1168 suis
1331 1127 1528 1166 amicissi-

124 1184 198 1222 mis
223 1184 397 1233 inpense
413 1216 421 1231 ,
440 1189 485 1222 ut
500 1187 605 1223 Aen
619 1184 754 1232 eida,
786 1196 907 1234 quam
930 1186 1115 1224 nondum
1141 1185 1241 1224 satis
1260 1183 1529 1230 elimauisset,

124 1241 355 1279 adolerent.

87 1320 109 1354 8
213 1316 281 1352 ‘In
322 1314 383 1353 his
421 1318 606 1361 autem',
646 1315 794 1363 inquit,
834 1319 844 1336 ⁶
862 1326 967 1363 quae
1002 1315 1195 1353 uidentur
1232 1315 1445 1354 retractari
1488 1322 1526 1354 et
1578 1364 1580 1367 Ι

124 1369 274 1418 corrigi
297 1370 513 1416 debuisse,
543 1370 577 1409 is
603 1371 777 1408 maxime
803 1372 920 1409 locus
946 1374 1029 1417 est,
1062 1370 1131 1419 qui
1153 1371 1203 1409 de
1227 1375 1367 1409 monte
1389 1372 1527 1410 Aetna
1562 1369 1583 1421 A'

123 1426 255 1464 factus
273 1430 348 1464 est.
380 1427 479 1464 Nam
500 1437 592 1464 cum
610 1426 695 1464 Pin
709 1426 841 1473 dari,
861 1426 1014 1464 ueteris
1036 1431 1200 1475 poetae,
1220 1437 1399 1474 carmen,
1413 1428 1526 1476 quod

124 1482 175 1520 de
193 1486 340 1520 natura
357 1488 480 1530 atque
498 1481 714 1530 flagrantia
731 1482 880 1521 montis
896 1482 984 1521 eius
1003 1482 1279 1532 compositum
1297 1487 1372 1530 est,
1389 1494 1526 1522 aemu-
1579 1523 1581 1525 ,

123 1538 196 1576 lari
215 1539 358 1585 uellet,
383 1538 586 1576 eiusmodi
604 1539 830 1577 sententias
852 1543 890 1576 et
909 1538 1039 1577 uerba
1063 1539 1228 1583 molitus
1248 1544 1333 1590 est,
1359 1544 1404 1578 ut
1419 1539 1531 1579 Pin-
1582 1588 1588 1593 ι

125 1595 250 1638 daro
272 1605 462 1643 quoque,
496 1594 564 1643 qui
585 1594 703 1633 nimis
729 1595 865 1644 opima
886 1594 1113 1644 pinguique
1132 1606 1227 1634 esse
1246 1595 1439 1634 facundia
1457 1607 1528 1634 ex-
1579 1609 1588 1647 ς

121 1650 325 1690 istimatus
355 1655 437 1696 est,
475 1649 721 1690 insolentior
745 1651 825 1689 hoe
861 1650 1026 1700 quidem
1055 1651 1094 1690 in
1123 1653 1215 1691 loco
1246 1651 1527 1701 tumidiorque
1587 1661 1590 1669 ·

83 1707 187 1745 9sit.
225 1709 367 1755 Atque
383 1706 442 1745 uti
458 1706 772 1755 uosmetipsos’,
805 1707 955 1756 inquit,
990 1706 1117 1754 ‘eius,
1151 1708 1265 1757 quod
1282 1706 1388 1756 dico,
1422 1707 1526 1746 arbi·

123 1768 211 1801 tros
230 1762 395 1809 faciam,
415 1773 580 1801 carmen
602 1763 687 1801 Pin
702 1763 833 1810 dari,
855 1763 968 1812 quod
989 1767 1054 1801 est
1075 1775 1202 1813 super
1218 1768 1359 1803 monte
1377 1766 1528 1811 Aetna,
1565 1750 1597 1813 Ῐῖ·

127 1820 366 1867 quantulum
391 1818 485 1856 mihi
506 1819 728 1858 memoriae
746 1824 826 1866 est,
861 1819 1014 1857 dicam:
1575 1819 1586 1834 ²

187 1908 291 1955 Τᾶς
323 1903 655 1960 ἐρεύγονται
689 1904 783 1959 μὲν
814 1902 1058 1948 ἀπλάτου
1090 1903 1262 1961 πυρὸς
1283 1901 1528 1960 ἁγνότα-
1578 1920 1589 1951 ·.’«

575 1977 660 2003 ται

179 2014 258 2058 Ἐκ
292 2021 483 2071 μυχῶν
514 2019 704 2071 παᾷαί·
746 2018 980 2084 ποταμοὶ
1010 2015 1052 2059 δ’
1088 2013 1387 2071 ἁμέραισιν
1425 2015 1527 2071 μὲν

563 2073 874 2141 προχέοντι
906 2072 1040 2128 ῥόον
1067 2075 1284 2114 καπνοῦ

187 2126 400 2171 Δί”θων
416 2146 424 2154 ·
458 2125 573 2172 ἀλλ’
606 2130 662 2170 ἐν
693 2127 1001 2194 ὄρφναισιν
1023 2130 1282 2181 ἶπέτρας]
1577 2157 1589 2179 „⁴

182 2186 452 2227 Φοίνισσα
489 2185 871 2237 κυλινδομένα
902 2182 1039 2250 φλὸξ
1069 2185 1120 2234 ἐς
1149 2188 1392 2251 βαθεῖαν
1425 2182 1528 2237 φέ-
1571 2187 1585 2206 ·’

573 2256 655 2295 ρει
680 2240 890 2283 πόντου
923 2238 1096 2282 πλάκα
1123 2238 1229 2282 σὺν
1251 2237 1488 2296 πατάγῳ.
