1619 2476
170 75 224 116 12
608 75 755 112 INDEX
794 75 1150 113 CAPITVLORVM.

169 189 321 233 tiarum3
355 188 550 235 iurgiaque
573 188 611 222 in
643 192 773 224 senatu
803 186 843 223 C.
872 186 1044 224 Caesaris
1069 189 1234 224 consulis
1263 193 1298 224 et
1323 188 1375 224 M.
1402 187 1564 233 Catonis,

172 246 271 281 diem
288 244 447 284 dicendo
467 244 677 278 eximentis.

281 301 344 336 XI.
374 300 476 344 Quae
498 300 693 346 qualiaque
713 300 802 342 sint,
823 310 916 345 quae
935 300 1184 336 Aristoxenus
1204 301 1310 346 quasi
1326 301 1448 347 magis
1466 312 1567 336 com-
1598 307 1603 341 Ῑ-

168 362 274 404 perta
289 356 334 392 de
353 356 567 403 Pythagora
584 356 784 390 memoriae
802 355 993 391 mandauit
1003 367 1012 400 ;
1044 360 1079 392 et
1109 367 1203 403 quae
1231 357 1317 392 item
1344 357 1565 392 Plutarchus
1603 367 1619 404 ξ

170 415 207 449 in
225 412 385 449 eundem
400 411 552 447 niodum
572 411 617 446 de
635 411 768 446 eodem
784 411 998 458 Pythagora
1017 413 1220 458 scripserit.
1604 405 1619 456 j

280 469 359 504 XII.
388 468 505 503 Notae
523 471 558 502 et
573 467 921 503 animaduersiones
939 469 1132 504 censoriae
1159 470 1195 504 in
1225 469 1411 504 ueteribus
1437 479 1566 504 monu-

169 525 301 560 mentis
318 527 487 570 repertae
501 552 509 567 ,
537 523 718 558 memoria
742 523 892 570 dignae.

281 580 376 615 XIII.
403 579 511 623 Quod
526 580 756 615 incentiones
775 578 958 625 quaedam
975 581 1142 616 tibiarum
1156 608 1164 623 ,
1183 584 1286 615 certo
1305 579 1415 615 modo
1433 581 1565 623 sactae,

170 636 347 672 ischiacis
363 635 506 670 mederi
522 638 693 681 possunt.

282 691 391 728 XIIII.
422 691 599 726 Narratur
614 690 771 726 historia
790 691 835 726 de
854 691 1009 727 Hostilio
1026 691 1198 727 Mancino
1216 691 1328 727 aedili
1356 695 1392 726 et
1415 691 1569 727 Manilia

170 748 386 791 meretrice3
412 749 601 793 uerbaque
627 746 765 782 decreti
790 748 1039 791 tribunorum,
1067 747 1116 783 ad
1140 759 1233 794 quos
1261 758 1282 783 a
1304 747 1456 783 Manilia
1482 759 1570 794 pro—

171 807 342 839 uocatum
360 808 429 839 est.

281 859 366 894 XV'.
394 859 558 894 Defensa
575 869 596 894 a
614 859 723 904 culpa
738 860 920 895 sententia
937 870 982 894 ex
997 859 1153 895 historia
1170 858 1355 904 Sallustii,
1374 870 1484 906 quam
1500 859 1570 894 ini·
1609 887 1612 891 .

172 916 233 962 qui
250 911 331 951 eius
350 926 434 951 cum
449 915 691 950 insectatione
710 916 862 961 maligni
879 915 1201 961 reprehenderint.

283 971 382 1006 XVI.
412 971 464 1005 De
482 971 676 1006 uocabulis
704 971 927 1016 quibusdam
953 983 975 1006 a
1000 971 1170 1006 Varrone
1203 975 1238 1006 et
1260 970 1410 1018 Nigidio
1441 975 1569 1007 contra

173 1027 347 1062 cotidiani
366 1027 550 1062 sermonis
567 1025 875 1061 consuetudinem
899 1026 1113 1071 declinatis;
1140 1031 1248 1073 atque
1273 1027 1361 1063 inibi
1385 1027 1425 1062 id
1448 1038 1570 1074 genus

173 1083 357 1129 quaedam
374 1093 457 1118 cum
474 1083 654 1128 exemplis
674 1087 839 1117 ueterum
856 1084 984 1118 relata.

284 1138 398 1173 XVII.
429 1138 482 1174 De
500 1142 631 1174 natura
657 1139 891 1184 quarundam
906 1139 1171 1185 particularum
1185 1167 1193 1183 ,
1220 1149 1314 1184 quae
1330 1139 1571 1185 praepositae
1590 1142 1619 1185 stt

172 1195 297 1229 uerbis
316 1194 455 1229 intendi
474 1199 582 1240 atque
599 1194 756 1239 produci
780 1196 936 1231 barbare
963 1199 997 1230 et
1021 1195 1150 1230 inscite
1170 1194 1361 1238 uidentur,
1387 1195 1571 1241 exemplis
1604 1206 1619 1221 s

172 1251 452 1296 rationibusque
469 1250 651 1296 plusculis
669 1249 930 1296 disceptatum.

285 1306 417 1341 XVIII.
445 1305 498 1341 De
525 1306 566 1341 P.
583 1306 760 1341 Africano
790 1307 983 1352 superiore
1012 1310 1158 1352 sumpta
1184 1305 1368 1352 quaedam
1385 1316 1430 1341 ex
1456 1316 1568 1342 anna·
1617 1313 1619 1330 ¹

173 1363 268 1398 libus
281 1390 289 1406 ,
314 1366 520 1397 memoratu
537 1361 771 1408 dignissima.
1616 1360 1619 1381 ¹

285 1427 433 1463 XVIIII.
467 1427 563 1472 Quid
578 1428 627 1462 M.
643 1428 765 1463 Varro
782 1429 819 1462 in
835 1429 1050 1477 logistorico
1068 1428 1259 1474 scr1pserit
1275 1427 1321 1463 de
1338 1426 1571 1462 moderando
1597 1429 1601 1432 '

173 1485 273 1520 uictu
289 1494 489 1530 puerorum
506 1484 710 1530 inpubium.

285 1552 367 1587 XX.
398 1553 520 1588 Notati
538 1563 559 1587 a
576 1554 793 1588 censoribus
808 1582 816 1596 ‚
842 1553 924 1598 qui,
949 1551 1185 1587 audientibus
1203 1551 1270 1594 iis,
1295 1549 1466 1586 dixerant
1486 1550 1570 1586 ioca

175 1608 360 1654 quaedam
376 1609 702 1654 intempestiuiter;
734 1619 776 1644 ac
794 1608 839 1644 de
860 1609 939 1643 eius
957 1617 1103 1654 quoque
1121 1611 1207 1643 nota
1224 1606 1468 1642 deliberatum
1480 1635 1489 1650 ‚
1507 1606 1569 1651 qui

175 1668 324 1700 steterat
340 1666 432 1700 sorte
452 1664 554 1710 apud
571 1676 636 1699 eos
654 1664 936 1701 oscitabundus.

540 1764 799 1803 CAPITVLA
838 1763 976 1801 LIBRI
1021 1761 1209 1810 QVINTI.

285 1843 313 1878 I.
354 1845 463 1889 Quod
494 1845 690 1880 Musonius
715 1845 963 1891 philosophus
999 1841 1242 1888 reprehendit
1271 1841 1610 1901 inprobauitque,÷0

175 1898 319 1934 laudari
344 1900 611 1947 philosophum
636 1901 881 1936 disserentem
910 1911 931 1936 a
958 1899 1249 1934 uociferantibus
1267 1901 1303 1932 et
1320 1897 1356 1932 in
1379 1895 1570 1933 laudando
1606 1904 1610 1947 ξ

175 1955 430 1999 gestientibus.
1592 1953 1609 1995 »ff

286 2011 329 2046 II.
354 2011 474 2058 Super
490 2024 585 2059 equo
598 2011 804 2048 Alexandri
821 2012 935 2057 regis,
954 2011 1014 2056 qui
1025 2009 1259 2056 Bucephalas
1274 2005 1481 2054 appellatus
1498 2011 1570 2044 est.
1586 1997 1608 2085 {J

288 2078 347 2112 III.
381 2078 483 2122 Quae
501 2089 617 2114 causa
634 2078 807 2124 quodque
825 2078 966 2112 initium
985 2078 1101 2112 fuisse
1121 2075 1263 2111 dicatur
1278 2075 1504 2122 Protagorae
1522 2059 1602 2110 ad²4

174 2133 437 2180 philosophiae
455 2135 580 2169 literas
601 2134 780 2170 adeundi.

287 2198 363 2233 1111.
392 2199 444 2233 De
463 2201 576 2235 uerbo
603 2199 675 2234 duo
704 2205 739 2234 et
769 2200 965 2243 uicesimo,
998 2197 1099 2244 quod
1126 2198 1237 2243 uulgo
1253 2197 1483 2244 incognitum
1499 2200 1569 2243 est,

176 2265 196 2288 a
214 2254 304 2289 uiris
324 2253 443 2290 doctis
461 2255 698 2291 multifariam
723 2256 759 2290 in
778 2256 878 2292 libris
897 2255 1073 2301 scriptum
1092 2257 1161 2289 est.
1568 2303 1569 2306 Ἰ
1594 2257 1604 2324 ἒ

1581 2328 1604 2476 i
