1635 2492
556 49 648 89 XV.
679 60 811 90 xxvn.
835 60 987 89 xxv111.
1401 48 1482 90 145

66 162 291 210 ‘tributa’3
333 161 565 203 centuriata
603 167 741 202 autem
780 162 945 202 comitia
981 161 1088 201 intra
1124 161 1357 212 pomerium
1393 162 1484 202 sieri

0 240 4 245 ·
64 221 184 260 nefas
220 229 338 267 esse,
380 218 479 268 quia
510 219 739 259 exercitum
782 224 900 258 extra
940 219 1087 258 urbem
1123 219 1318 270 imperari
1360 230 1482 269 opor-

64 280 171 324 teat,
203 275 311 316 intra
341 275 488 316 urbem
519 275 716 325 imperari
743 275 808 315 ius
839 287 924 316 non
953 276 1018 315 sit.
1087 272 1317 327 Propterea
1341 282 1482 316 centu·

65 332 172 373 riata
199 332 240 373 in
263 343 412 383 campo
451 331 600 373 Martio
633 332 776 372 haberi
799 332 1114 382 exercitumque
1145 332 1339 382 imperari
1364 344 1482 383 prae-

66 389 162 430 sidii
193 400 323 430 causa
355 388 545 437 solitum,
589 389 787 440 quoniam
825 390 1010 440 populus
1046 395 1161 429 esset
1198 389 1237 428 in
1272 389 1481 440 suffragiis

66 445 251 486 serendis
284 448 556 496 occupatus'.

678 558 861 600 XXVIII.

67 639 179 685 Quod
201 641 342 677 errauit
373 639 569 677 Cornelius
593 641 745 688 Nepos,
781 652 867 677 cum
888 642 1057 683 scribsit,
1090 640 1311 677 Ciceronem
1343 646 1417 678 tres
1448 645 1482 677 et

181 698 314 744 uiginti
335 708 459 734 annos
487 702 614 734 natum
637 709 793 734 causam
813 709 880 744 pro
903 697 1019 735 Sexto
1043 697 1181 734 Roscio
1207 697 1364 734 dixisse.

154 785 219 826 Co
234 796 322 826 rne
337 785 443 826 lius
469 786 571 836 Nep
586 797 609 826 o
624 796 643 826 s
674 791 714 825 et
738 796 876 825 rerum
899 784 1124 825 memoriae
1147 796 1232 825 non
1258 785 1480 837 indiligens
1498 793 1516 827 1

67 847 109 882 et
141 842 195 884 M.
228 841 507 883 Ciceronis
545 847 591 883 ut
623 842 692 892 qui
729 842 906 882 maxime
943 841 1100 882 amicus
1145 841 1354 882 familiaris
1394 843 1482 885 suit.

65 901 207 949 Atque
225 898 259 938 is
280 903 418 939 tamen
441 899 480 939 in
504 898 754 939 librorum
780 899 966 949 primo,
988 910 1095 949 quos
1114 899 1172 938 de
1194 899 1304 939 uita
1331 899 1519 942 illiu82

68 955 318 1007 composuit,
350 967 516 996 errasse
542 956 719 1004 uidetur,
754 967 846 995 cum
868 967 963 996 eum
980 955 1148 1006 scripsit
1168 960 1253 996 tres
1275 961 1315 995 et
1339 955 1481 1006 uiginti

67 1024 202 1053 annos
227 1017 369 1053 natum
391 1013 569 1063 primum
592 1024 761 1053 causam
778 1012 918 1053 iudicii
941 1012 1094 1063 publici
1120 1013 1260 1063 egisse
1291 1013 1482 1053 Sextum·

69 1080 152 1120 que
167 1069 366 1110 Roscium
382 1070 591 1119 parricidii
607 1081 724 1109 reum
741 1069 995 1110 defendisse.
1029 1069 1306 1110 Dinumeratis
1325 1070 1480 1120 quippe
1498 1078 1520 1111 3

69 1125 188 1166 annis
220 1138 246 1166 a
267 1126 313 1175 Q.
339 1126 546 1176 Caepione
580 1131 620 1165 et
639 1127 684 1175 Q.
709 1126 914 1173 Serrano,
945 1126 1094 1176 quibus
1120 1127 1362 1166 consulibus
1387 1132 1481 1166 ante

70 1182 179 1222 diem
210 1182 374 1222 tertium
404 1184 544 1223 Nonas
569 1183 744 1222 Ianuarii
777 1195 828 1222 m.
862 1184 915 1222 M.
950 1183 1133 1222 Cicero
1170 1187 1292 1223 natus
1314 1188 1400 1231 est,
1430 1184 1482 1222 ad

68 1239 124 1278 M.
143 1238 318 1278 Tullium
336 1243 376 1278 et
400 1240 470 1279 Cn.
488 1240 755 1287 Dolabellam,
776 1239 926 1289 quibus
950 1239 1191 1279 consulibus
1211 1250 1379 1280 causam
1403 1240 1482 1290 pri-

69 1299 208 1335 uatam
226 1307 318 1346 pro
338 1296 368 1345 Q
382 1295 548 1335 uincti
563 1307 586 1336 o
621 1297 732 1346 apud
749 1296 959 1346 Aquilium
985 1297 1143 1335 Gallum
1167 1296 1345 1336 iudicem
1367 1297 1479 1342 dixit,

70 1363 147 1392 sex
173 1356 214 1392 et
236 1351 383 1402 uiginti
416 1352 512 1392 anni
549 1352 825 1403 reperiuntur.
888 1353 1031 1402 Neque
1065 1353 1233 1393 dubium
1267 1359 1350 1401 est,
1384 1353 1481 1404 quin

68 1413 168 1460 post
193 1419 367 1456 annum,
402 1420 525 1459 quam
550 1421 644 1459 pro
677 1409 920 1460 Quinctio
949 1410 1130 1457 dixerat,
1159 1409 1257 1449 Sex.
1283 1411 1481 1450 Roscium

70 1476 188 1505 reum
209 1464 420 1515 parricidii
446 1466 699 1513 defenderit,
737 1478 870 1507 annos
893 1466 973 1505 iam
1006 1471 1168 1516 septem
1190 1472 1315 1516 atquc·
1338 1467 1482 1517 uiginti

70 1527 205 1570 natus,
231 1522 275 1560 L.
299 1521 413 1562 Sulla
440 1523 575 1562 Felice
592 1524 638 1562 II.
665 1523 710 1572 Q.
736 1524 900 1563 Metello
924 1522 995 1563 Pio
1016 1522 1272 1563 consulibus.

160 1613 204 1652 In
245 1623 327 1662 qua
361 1624 406 1652 re
442 1612 564 1652 etiam
594 1613 949 1653 Fenestellam
987 1625 1173 1660 errasse,
1214 1612 1520 1655 Pedianus4

0 1678 6 1684 ⁷
69 1669 340 1710 Asconius
364 1668 673 1717 animaduertit,
703 1670 815 1719 quod
838 1682 932 1710 eum
951 1669 1166 1719 scripserit
1192 1675 1312 1709 sexto
1341 1669 1479 1708 uicen-

71 1726 177 1766 simo
215 1725 361 1766 aetatis
399 1737 507 1765 anno
545 1736 637 1776 pro
671 1725 782 1765 Sex.
818 1726 1012 1766 Roscio
1050 1726 1219 1766 dixisse.
1296 1726 1518 1775 Longior5

72 1787 209 1822 autem
231 1782 467 1832 Nepotis,
494 1793 617 1832 quam
642 1781 980 1822 Fenestellae
1011 1794 1128 1822 error
1159 1787 1244 1830 est,
1277 1782 1355 1822 nisi
1385 1782 1478 1832 quis

72 1840 162 1879 uult
195 1839 235 1878 in
270 1839 450 1879 animum
484 1839 703 1887 inducere,
745 1839 1020 1889 Nepotem,
1072 1839 1209 1879 studio
1247 1839 1401 1878 amoris
1439 1844 1479 1878 et

72 1895 275 1936 amicitiae
331 1896 582 1943 adductum,
642 1895 956 1945 amplificandae
1012 1895 1293 1936 admirationis
1346 1896 1480 1945 gratia
1525 1933 1528 1935 Α

74 1951 390 2002 quadriennium
432 1953 750 2003 suppressisse,
806 1958 851 1992 ut
901 1953 954 1992 M.
1008 1952 1189 1993 Cicero
1247 1952 1478 1992 orationem

73 2008 410 2049 florentissimam
438 2009 595 2049 dixisse
622 2021 712 2059 pro
743 2009 934 2049 Roscio
969 2009 1195 2049 admodum
1227 2009 1477 2048 adulescens

73 2065 298 2105 uideretur.

158 2146 264 2186 Illud
286 2146 392 2185 adeo
411 2146 462 2186 ab
482 2146 699 2196 utriusque
725 2144 902 2185 oratoris
923 2144 1124 2185 studiosis
1144 2144 1478 2185 animaduersum
1494 2151 1517 2186 6

73 2206 116 2242 et
148 2201 349 2252 scriptum
382 2207 466 2250 est,
510 2203 624 2252 quod
660 2201 1051 2242 Demosthenes
1086 2206 1126 2240 et
1168 2201 1348 2241 Cicero
1388 2201 1477 2252 pari

72 2261 208 2299 aetate
245 2258 561 2303 inlustrissimas
603 2258 814 2299 orationes
856 2258 895 2297 in
932 2258 1068 2297 causis
1115 2257 1326 2354 ᾱίκεῖὸιηῐ,
1375 2259 1478 2297 alter

128 2316 284 2354 GELuvs
312 2317 356 2353 11.
