1619 2476
141 43 197 84 62
674 42 759 82 XII.
790 53 879 80 vm.
897 51 1004 80 v1111.

142 156 324 195 nondum
349 153 518 193 dimissa
549 155 760 201 contione,
791 155 897 194 ultro
928 158 1102 203 uterque
1133 159 1174 193 et
1201 155 1291 205 pari
1322 155 1534 194 uoluntate

144 211 350 250 coniuncti
383 210 670 260 complexique
702 214 816 256 sunt,
851 220 986 258 exque
1015 220 1064 249 eo
1091 209 1163 256 ,die
1192 214 1233 250 et
1258 210 1298 250 in
1325 210 1418 261 ipsa
1442 222 1535 250 cen-

142 278 238 306 sura
270 272 309 304 et
336 271 484 316 postea
512 265 596 315 iugi
635 264 859 305 concordia
890 264 1089 304 fidissime
1119 265 1449 316 amicissimeque
1478 266 1535 305 ui-

140 327 301 361 xerunt.

772 401 893 441 VIIII.

141 471 244 515 Quae
269 470 437 506 dieantur
457 472 642 507 uocabula
669 471 864 516 ancipitia;
898 474 933 504 et
954 469 1055 516 quod
1079 469 1234 506 honoris
1258 481 1406 517 quoque
1422 482 1535 507 uoca-

516 528 642 563 bulum
659 527 808 573 ancipiti
834 527 1017 561 sententia
1038 527 1158 561 suerit.

104 609 124 642 1
225 604 299 642 Est
320 602 569 652 plurifariam
595 601 736 642 uidere
759 607 884 651 atque
907 602 1233 643 animaduertere
1258 603 1298 643 in
1327 603 1535 643 ueteribus

139 658 324 708 scriptis,
350 660 548 708 pleraque
568 659 791 705 uocabula,
817 669 922 707 quae
948 670 1058 697 nunc
1081 659 1120 698 in
1145 659 1408 699 sermonibus
1424 659 1536 709 uulgi

137 726 261 754 unam
294 721 531 764 certamque
567 726 652 753 rem
685 714 988 762 demonstrent,
1018 714 1072 753 ita
1094 715 1222 755 fuisse
1254 715 1388 755 media
1413 721 1452 755 et
1477 716 1533 754 in-

139 771 391 819 communia‚
423 777 466 810 ut
497 771 729 820 significare
761 776 801 810 et
833 782 981 820 capere
1015 776 1192 821 possent
1226 772 1329 811 duas
1359 771 1464 811 inter
1489 783 1535 812 se

138 839 204 866 res
240 827 479 867 contrarias.
540 828 602 866 Ex
641 827 789 877 quibus
828 827 1028 876 quaedam
1071 828 1170 867 satis
1202 832 1302 867 nota
1333 833 1447 875 sunt,
1491 832 1535 867 ut

138 886 411 933 ‘tempestas’,
427 884 658 930 ‘ualitudo',
681 882 888 931 ‘facinus',
906 884 1077 931 ‘dolus'‚
1091 883 1267 934 ‘gratia',
1286 883 1533 923 ‘industria'.

97 944 118 977 2
135 940 247 978 Haec
273 940 380 978 enim
407 941 491 979 fere
514 940 593 978 iam
611 940 823 988 uulgatum
850 945 913 979 est
937 939 1127 989 ancipitia
1157 950 1251 979 esse
1274 945 1314 979 et
1340 945 1535 989 utroque-

137 1007 285 1035 uersus
304 996 381 1034 dici
398 1008 540 1046 posse.

222 1052 482 1091 ‘Periculum'
505 1052 625 1091 etiam
651 1057 690 1090 et
717 1054 955 1090 euenenum'
980 1058 1019 1091 et
1044 1051 1312 1102 ‘contagium'
1341 1063 1444 1098 non,
1476 1051 1535 1092 uti

137 1118 245 1146 nunc
279 1108 488 1156 dicuntur,
515 1120 591 1158 pro
611 1107 726 1146 malis
749 1112 905 1147 tantum
928 1107 1037 1147 dicta
1054 1119 1168 1156 esse,
1199 1109 1369 1147 multum
1400 1118 1535 1146 exem-

97 1168 118 1203 3
136 1165 298 1212 plorum
324 1164 561 1204 huiusmodi
585 1164 814 1214 repperias.
877 1164 960 1203 Sed
985 1164 1220 1204 ‘honorem’
1254 1174 1423 1213 quoque
1454 1174 1535 1202 rne-

137 1219 244 1258 diam
279 1231 426 1259 uocem
459 1220 588 1259 fuisse
619 1226 659 1259 et
686 1220 741 1259 ita
771 1221 1039 1269 appellatum,
1074 1226 1119 1259 ut
1149 1219 1269 1259 etiam
1292 1220 1440 1258 ‘malus
1464 1219 1535 1258 ho-

136 1278 230 1315 nos'
259 1276 463 1315 diceretur
495 1282 535 1315 et
567 1275 817 1325 significaret
845 1276 1053 1321 iniuriam,
1092 1276 1133 1314 id
1158 1277 1347 1325 profecto
1378 1273 1534 1314 rarissi-

97 1336 259 1370 4mum.
321 1332 542 1380 Quintus
574 1337 710 1370 autem
738 1333 981 1374 Metellus
1022 1331 1318 1370 Numidicus
1348 1328 1389 1368 in
1423 1341 1534 1369 ora-

135 1387 297 1434 tione,
340 1399 461 1436 quam
491 1388 550 1426 de
589 1386 847 1435 triumpho
881 1398 971 1426 suo
1005 1386 1123 1434 dixit,
1164 1385 1227 1426 his
1258 1385 1398 1425 uerbis
1431 1397 1533 1425 usus

136 1450 217 1482 est:
280 1444 384 1492 Qua
424 1443 472 1482 in
508 1454 560 1481 re
601 1447 798 1491 quanto
834 1442 1069 1482 uniuersi
1107 1453 1181 1481 me
1218 1454 1368 1481 unum
1403 1442 1534 1480 anti-

137 1505 293 1548 stant,
338 1504 484 1539 tanto
516 1499 667 1539 uobis
695 1509 838 1548 quam
870 1498 989 1537 mihi
1017 1499 1262 1539 maiorem
1292 1497 1534 1538 iniuriam

135 1562 289 1605 atque
345 1554 709 1595 contumeliam
752 1555 896 1602 facit,
944 1554 1195 1603 Quirites,
1248 1560 1295 1594 et
1344 1559 1532 1604 quanto

133 1612 286 1662 probi
315 1610 558 1651 iniuriam
598 1610 812 1650 facilius
853 1610 1149 1661 accipiunt,
1191 1621 1338 1660 quam
1378 1609 1534 1649 alteri

132 1670 359 1715 tradunt,
390 1673 532 1708 tanto
564 1667 650 1706 ille
679 1666 832 1707 uobis
865 1678 1008 1716 quam
1038 1665 1157 1705 mihi
1186 1666 1416 1716 peiorem
1448 1666 1533 1705 ho-

133 1736 306 1764 norem
342 1723 541 1771 habuit3
589 1735 695 1762 nam
724 1735 796 1762 me
838 1723 1079 1762 iniuriam
1122 1723 1279 1770 ferre,
1326 1733 1422 1762 uos
1461 1721 1534 1760 fa-

135 1792 247 1819 cere
277 1781 410 1829 uult,
445 1779 691 1829 Quirites,
720 1784 775 1819 ut
818 1779 898 1818 hic
931 1777 1268 1828 conquestio,
1307 1777 1432 1832 istic
1460 1776 1533 1817 ui-

92 1838 396 1887 5tuperatio
427 1836 768 1886 relinquatur.
808 1836 1084 1881 Ho-n‚0rem
1115 1833 1269 1896 inquit,
1302 1833 1531 1882 peiorem

133 1893 282 1932 uobis
314 1893 516 1941 habuit,
553 1903 701 1941 quam
732 1885 939 1941 (gratiam)
972 1865 1108 1938 mihi;
1144 1889 1259 1929 cuius
1287 1888 1405 1928 uerbi
1430 1899 1530 1927 sen-

131 1949 259 1988 tentia
275 1954 350 1996 est,
375 1960 497 1998 quam
521 1948 611 1998 ipse
641 1958 809 1997 quoque
830 1957 957 1996 supra
979 1945 1092 1985 dicit:
1136 1944 1309 1984 ‘maiore
1324 1956 1404 1984 uos
1420 1944 1532 1983 adfe-

134 2004 189 2043 cit
209 2004 355 2044 iniuria
375 2010 416 2044 et
433 2003 690 2050 contumelia,
713 2014 835 2052 quam
851 2006 949 2041 me'.

98 2067 119 2102 6
215 2061 382 2100 Praeter
411 2060 532 2099 huius
564 2065 699 2099 autem
719 2059 836 2098 uerbi
864 2058 1074 2098 notionem
1095 2056 1410 2096 adscribendam
1434 2066 1530 2095 esse

132 2116 237 2155 hanc
255 2117 500 2156 sententiam
518 2127 575 2154 ex
608 2115 844 2156 oratione
873 2113 1001 2163 Quin
1016 2112 1050 2151 ti
1069 2112 1262 2152 Metelli
1285 2110 1528 2158 existimaui,

137 2177 182 2210 ut
207 2172 492 2218 definiremus,
518 2171 580 2211 So
595 2182 644 2210 cr
657 2170 754 2209 atis
777 2181 872 2210 esse
893 2170 1122 2209 decretum:
1156 2163 1331 2208 εκάκιον
1349 2161 1461 2206 εἶναι
1477 2161 1526 2206 τὸ
1569 2221 1575 2226 .

134 2220 305 2266 ἀδικεῖν
334 2220 362 2280 ἢ
391 2222 441 2267 τὸ
469 2221 754 2267 ἀδικεῖσθαι’.
