1619 2476
658 409 718 472 A.
768 405 1079 470 GELLll

234 544 527 621 Noc'flvlll
565 544 1184 730 ATTlllissgllfflSLlBER
1224 545 1514 623 ocTAvvs

856 903 886 942 Ι.

171 986 450 1032 Disputationes
473 995 494 1019 a
514 983 743 1031 philosopho
763 983 888 1021 Stoico
912 988 947 1020 et
967 989 1095 1020 contra
1111 995 1131 1020 a
1147 985 1408 1031 Peripatetico,
1431 985 1569 1021 arbitro

227 1042 429 1086 Fauorino,
441 1042 560 1077 factae
575 1052 585 1086 ;
605 1041 888 1088 quaesitumque
906 1041 1000 1076 inter
1012 1052 1091 1085 cos,
1104 1045 1281 1088 quantum
1292 1041 1329 1077 in
1338 1040 1571 1088 perficienda
1618 1045 1619 1052 ¹

228 1100 304 1134 uita
320 1100 429 1134 beata
445 1099 562 1133 uirtus
580 1098 722 1134 ualeret
738 1102 988 1144 quantumque
1011 1103 1112 1134 esset
1133 1099 1171 1133 in
1190 1097 1262 1143 his,
1284 1108 1379 1144 quae
1397 1097 1572 1134 dicuntur

230 1160 419 1190 extranea.

135 1260 155 1292 1
249 1230 497 1292 Familiares
521 1254 657 1292 Fauo
673 1253 713 1291 ri
727 1253 774 1291 ni
797 1258 914 1292 erant
934 1254 1016 1293 duo
1044 1253 1211 1302 quidam
1233 1264 1316 1292 non
1339 1252 1568 1293 incelebres

173 1311 214 1349 in
247 1311 350 1349 urbe
373 1311 504 1349 Roma
536 1309 785 1358 philosophi.
846 1310 1001 1358 Eorum
1034 1309 1108 1347 suit
1135 1320 1242 1348 unus
1271 1309 1570 1358 Peripateticae

136 1371 158 1403 2
175 1366 416 1415 disciplinae
440 1369 632 1411 sectator,
658 1365 760 1402 alter
783 1364 962 1403 Stoicae.
993 1364 1065 1403 His
1090 1365 1300 1414 quondam
1322 1375 1400 1414 ego
1423 1364 1573 1404 acriter

175 1427 299 1471 atque
325 1425 519 1461 contente
550 1431 626 1469 pro
662 1420 749 1458 suis
766 1420 973 1469 utrimque
996 1420 1172 1459 decretis
1195 1421 1571 1470 propugnantibus,

177 1489 270 1517 cum
295 1488 484 1517 essemus
516 1487 598 1516 una
628 1487 772 1515 omnes
800 1476 936 1516 Ostiae
960 1487 1052 1515 cum
1080 1476 1362 1525 Fauorino,
1393 1476 1569 1516 interfui.

133 1534 498 1574 3Ambulabamus
536 1536 673 1571 autem
702 1532 741 1570 in
773 1531 911 1581 litore,
952 1544 1044 1571 cum
1077 1532 1156 1571 iam
1186 1534 1572 1582 aduesperasceret‚

175 1594 333 1629 aestate
351 1589 446 1628 anni
470 1589 582 1628 noui.

139 1651 160 1684 4
260 1649 399 1695 Atque
416 1645 471 1684 ibi
493 1645 659 1684 Stoicus
689 1645 903 1692 censebat,
934 1649 974 1683 et
993 1645 1121 1683 uitam
1137 1645 1300 1684 beatam
1315 1645 1469 1684 homini
1489 1645 1569 1684 uir-

175 1707 262 1742 tute
286 1702 408 1740 animi
426 1703 515 1741 sola
539 1706 579 1740 et
594 1701 799 1740 miseriam
816 1712 1018 1739 summam
1033 1701 1185 1740 malitia
1197 1701 1288 1740 sola
1303 1711 1433 1750 posse
1450 1701 1571 1749 effici,

178 1759 337 1798 etiamsi
359 1762 497 1797 cetera
513 1758 624 1796 bona
643 1769 793 1808 omma,
812 1768 919 1806 quae
942 1757 1175 1807 corporalia
1191 1761 1232 1795 et
1248 1761 1418 1795 externa
1432 1758 1573 1806 appel-

138 1819 160 1852 ὁ
177 1817 377 1862 larentur,
415 1813 555 1852 uirtuti
591 1814 806 1860 deessent,
842 1813 1019 1852 malitiae
1056 1814 1287 1852 adessent„
1327 1813 1397 1851 Ille
1428 1817 1574 1852 contra

175 1870 491 1920 Peripateticus,
522 1870 713 1908 miseram
740 1869 905 1918 quidem
932 1869 1059 1908 uitam
1085 1868 1192 1908 uitiis
1216 1867 1339 1906 animi
1359 1875 1399 1907 et
1423 1868 1573 1907 malitia

178 1928 268 1966 sola
285 1927 374 1965 fieri
391 1924 661 1977 concedebat,
685 1926 761 1964 sed
777 1926 829 1963 ad
848 1926 1119 1975 complendos
1142 1935 1285 1964 omnes
1303 1923 1411 1963 uitae
1424 1925 1572 1964 beatae

177 1993 372 2022 numeros
396 1982 588 2021 uirtutem
616 1983 747 2020 solam
774 1991 1036 2030 nequaquam
1056 1981 1155 2020 satis
1179 1991 1275 2020 esse
1300 1979 1571 2028 existimabat,

179 2039 373 2088 quoniam
390 2042 431 2077 et
450 2038 638 2087 corporis
655 2037 868 2086 integritas
885 2037 1124 2086 sanitasque
1144 2041 1184 2076 et
1198 2036 1401 2076 honestus
1421 2037 1572 2076 modus

179 2096 336 2134 formae
360 2099 400 2133 et
426 2094 605 2144 pecunia
636 2093 843 2134 familiaris
877 2098 916 2132 et
936 2093 1046 2132 bona
1078 2092 1326 2132 existimatio
1351 2097 1572 2142 ceteraque

180 2150 316 2188 omnia
334 2150 523 2199 corporis
542 2154 582 2188 et
606 2150 795 2189 fortunae
820 2150 930 2189 bona
953 2148 1193 2189 necessaria
1213 2147 1454 2189 uiderentur
1475 2159 1571 2199 per·
1593 2170 1619 2189 .—

178 2205 380 2245 ficiendae
400 2206 509 2245 uitae
533 2206 692 2244 beatae.
1609 2198 1619 2205 ⁴
