1635 2492
365 55 470 95 XIII.
502 65 668 94 xxvnn.
689 66 789 93 xxx.
813 60 980 102 (xxvm.
998 58 1186 102 xxv1111.)
1482 52 1566 94 103

90 168 212 208 tales’
243 179 368 218 quam
400 167 639 208 ‘homines'
674 166 844 206 dixisse.
906 167 1092 216 Namque
1118 167 1357 206 ‘multorum
1379 166 1544 208 homi-4

91 227 205 265 num’
238 224 459 275 appellatio
494 224 600 263 intra
630 223 840 263 modicum
873 234 1042 273 quoque
1074 233 1292 262 numerum
1324 222 1510 262 cohiberi

89 286 217 331 atque
234 281 388 321 includi
408 285 568 331 potest,
589 280 735 320 ‘multi’
755 285 892 319 autem
910 280 1141 319 ‘mortales'
1161 279 1306 319 nescio
1333 291 1415 329 quo
1439 291 1509 330 pa-

90 342 158 379 cto
183 341 225 377 et
249 338 432 388 quodam
457 349 587 378 sensu
608 336 872 376 inenarrabili
889 347 1012 376 omne
1029 337 1115 375 fere
1138 347 1286 385 genus,
1323 336 1437 386 quod
1468 336 1506 375 in

90 393 257 434 ciuitate
290 400 355 434 est
389 400 430 434 et
452 394 643 434 ordinum
675 399 716 433 et
747 398 928 433 aetatum
961 398 1002 432 et
1035 403 1163 433 sexus
1193 393 1506 443 conprendunt:

90 451 207 501 quod
229 450 388 491 scilicet
412 450 810 501 Quadrigarius,
844 450 900 489 ita
920 455 966 489 ut
989 461 1057 488 res
1084 453 1191 497 erat,
1216 449 1427 499 ingentem
1452 455 1508 488 at-

91 518 174 558 que
194 507 449 558 promiscam
475 507 778 547 multitudinem
795 508 944 546 uolens
966 506 1209 553 ostendere,
1233 509 1344 545 ‘cum
1368 506 1506 546 multis

90 563 353 604 mortalibus'
372 565 583 603 Metellum
601 564 641 603 in
662 563 906 613 Capitolium
931 562 1101 602 uenisse
1121 561 1223 600 dixit
1250 559 1508 614 ἑμφατικώ-

90 633 238 673 τερον,
274 632 399 671 quam
417 621 451 661 si
468 625 579 660 ‘cum
596 620 733 660 multis
749 619 1003 660 hominibus'
1023 618 1210 658 dixisset.

175 678 236 716 Ea
253 689 331 718 nos
352 689 517 724 omnes,
545 688 650 727 quae
667 677 860 717 Fronto
882 676 1002 724 dixit,
1028 687 1120 715 cum
1146 675 1220 722 ita,
1246 680 1291 714 ut
1306 686 1383 725 par
1407 681 1507 722 erat,
1527 687 1546 720 5

90 745 175 774 non
194 733 479 784 adprobantes
497 739 668 781 tantum,
689 734 765 773 sed
784 733 1035 772 admirantes
1056 742 1224 782 quoque
1246 732 1506 772 audiremus:

91 789 249 829 ‘uidete
265 794 436 839 tamen',
455 790 614 840 [inquit‚
618 794 631 838 ]
646 794 714 830 ‘ne
731 789 987 837 existimetis,
1007 800 1174 839 semper
1195 792 1320 838 atque
1337 789 1378 828 in
1399 789 1510 828 omni

89 847 185 887 Ioco
206 848 421 888 ‘mortales
440 848 610 887 multos’
633 858 710 896 pro
739 846 894 886 ‘multis
920 845 1172 886 hominibus'
1192 845 1433 893 dicendum,
1456 857 1507 884 ne

89 904 214 954 plane
231 903 304 943 fiat
328 905 531 944 Graecum
548 903 648 966 illud
666 904 717 942 de
742 903 781 941 V
792 903 1000 943 arronis
1031 908 1212 942 satura
1236 901 1507 951 prouerbium

89 955 148 999 τὸ
182 955 270 999 ἐπὶ
301 960 363 1015 τῇ
402 960 546 1014 φακῇ
577 955 794 1012 μύρον.
856 959 947 999 Hoc
979 958 1176 998 iudicium
1206 958 1507 1006 Frontonis,
1524 969 1547 1004 6

87 1015 214 1056 etiam
231 1015 302 1064 [in]
319 1017 462 1066 paruis
478 1016 730 1066 minutisque
746 1015 976 1064 uocabulis,
994 1027 1078 1055 non
1095 1014 1509 1065 praetermittendum

89 1072 246 1123 putaui,
273 1083 325 1112 ne
349 1085 428 1114 nos
450 1074 555 1115 forte
581 1075 742 1122 fugeret
762 1074 993 1122 lateretque
1013 1071 1204 1112 subtilior
1220 1070 1509 1111 huiuscemodi

90 1129 318 1169 uerborum
336 1129 634 1170 consideratio.

596 1242 722 1281 XXX.
755 1240 993 1289 (XXVIIII.)

311 1326 395 1362 Non
418 1326 601 1362 hactenus
622 1337 708 1362 esse
735 1326 882 1369 faeiem,
907 1335 980 1371 qua
1000 1326 1114 1372 uulgo
1138 1325 1286 1361 dicitur.

172 1412 519 1454 Animaduertere
545 1420 630 1461 est,
661 1415 862 1465 pleraque
886 1415 1113 1454 uerborum
1129 1413 1369 1452 Latinorum
1391 1422 1442 1451 ex
1460 1423 1509 1451 ea
1529 1414 1542 1447 l

90 1468 409 1519 significatione,
429 1470 482 1510 de
499 1481 580 1520 qua
597 1476 693 1510 nata
711 1476 820 1520 sunt,
844 1470 1085 1511 decessisse
1102 1471 1171 1508 uel
1188 1469 1229 1508 in
1246 1469 1366 1509 aliam
1383 1469 1507 1518 longe

90 1526 160 1566 uel
182 1525 221 1565 in
247 1526 502 1576 proximam,
532 1538 708 1577 eamque
735 1527 1029 1568 decessionem
1047 1527 1197 1566 factam
1217 1537 1315 1566 esse
1333 1536 1508 1564 consue-

93 1581 234 1621 tudine
253 1587 295 1622 et
308 1583 472 1624 inscitia
487 1589 646 1623 temere
664 1584 906 1632 dicentium,
928 1595 1034 1634 quae
1052 1582 1288 1623 cuiusmodi
1307 1581 1406 1630 sint,
1424 1592 1507 1621 non

92 1638 325 1679 didicerint.
388 1640 517 1680 Sicuti
542 1640 710 1690 quidam
735 1640 932 1680 ‘faciem'
960 1651 1056 1680 esse
1080 1638 1258 1680 hominis
1285 1642 1434 1687 putant
1460 1649 1508 1677 os
1525 1642 1547 1676 2

91 1700 250 1736 tantum
268 1701 310 1736 et
327 1698 475 1736 oculos
492 1701 533 1736 et
548 1707 698 1746 genas,
728 1698 842 1747 quod
863 1697 1010 1737 Graeci
1035 1700 1046 1718 ‘
1059 1691 1331 1746 atoo'o‘mnov'
1353 1693 1506 1740 dicunt,

93 1753 263 1801 quando
279 1752 440 1793 ‘facies’
460 1753 512 1793 sit
528 1754 661 1793 forma
684 1754 818 1794 omnis
836 1759 877 1793 et
896 1755 1048 1794 modus
1067 1758 1108 1791 et
1123 1754 1284 1791 factura
1301 1751 1508 1801 quaedam

93 1808 285 1858 corporis
302 1809 445 1862 totius,
464 1822 487 1849 a
510 1810 735 1850 ‘faciendo'
754 1810 882 1857 dicta,
901 1815 946 1849 ut
961 1810 1030 1859 a(b
1052 1811 1278 1858 a)‘spectu’
1306 1807 1504 1858 ‘species'

93 1870 136 1904 et
150 1876 175 1904 a
199 1866 431 1916 ‘fingendo'
453 1867 635 1917 efigura'.
678 1868 823 1916 Itaque
844 1866 873 1905 Ρ
886 1878 909 1906 a
923 1867 1108 1906 cuuius
1138 1865 1178 1904 in
1209 1870 1356 1914 trago
1369 1864 1504 1916 edia,
1522 1867 1545 1901 3

94 1932 203 1971 quae
222 1923 404 1972 Niptra
428 1923 641 1972 scribitur,
668 1928 679 1946 ‘
694 1923 864 1963 faciem’
888 1924 989 1963 dixit
1012 1921 1190 1963 hominis
1216 1932 1293 1971 pro
1317 1921 1507 1971 corporis

93 1978 351 2029 longitudine
364 1993 372 2019 :

154 2092 508 2104 .......
569 2067 778 2114 Aetate,
821 2064 972 2114 inquit,
1011 2060 1243 2112 integra,

152 2117 334 2159 Feroci
362 2120 597 2171 ingenio,
631 2121 763 2161 facie
790 2119 1015 2172 procera
1046 2119 1221 2159 uirum.

179 2204 269 2244 Non
287 2206 424 2245 solum
449 2211 585 2246 autem
609 2206 649 2246 in
675 2206 888 2246 hominum
916 2204 1185 2254 corporibus,
1219 2205 1296 2244 sed
1322 2203 1444 2244 etiam
1465 2202 1504 2242 in
1522 2207 1545 2242 4

96 2270 232 2300 rerum
256 2261 575 2312 cuiusquemodi
590 2263 773 2311 aliarum,
794 2262 954 2302 ‘facies’
975 2261 1137 2301 dicitur.
1169 2261 1269 2300 Nam
1291 2260 1442 2300 montis
1465 2265 1507 2299 et
