<?xml version="1.0" encoding="UTF-8"?>
<!DOCTYPE html PUBLIC "-//W3C//DTD XHTML 1.0 Transitional//EN"
    "http://www.w3.org/TR/xhtml1/DTD/xhtml1-transitional.dtd">
<html xmlns="http://www.w3.org/1999/xhtml" xml:lang="en" lang="en">
 <head>
  <title>
</title>
<meta http-equiv="Content-Type" content="text/html;charset=utf-8" />
  <meta name='ocr-system' content='tesseract 3.04.00' />
  <meta name='ocr-capabilities' content='ocr_page ocr_carea ocr_par ocr_line ocrx_word'/>
</head>
<body>
  <div class='ocr_page' id='page_1' title='image "./agelliinoctivmat00gelluoft_0181.png"; bbox 0 0 1603 2508; ppageno 0'>
   <div class='ocr_carea' id='block_1_1' title="bbox 689 69 1465 111">
    <p class='ocr_par' dir='ltr' id='par_1_1' title="bbox 689 69 1465 111">
     <span class='ocr_line' id='line_1_1' title="bbox 689 69 1465 111; baseline 0.005 -4"><span class='ocrx_word' id='word_1_1' title='bbox 689 69 773 108; x_wconf 92' lang='lat' dir='ltr'>IllI.</span> <span class='ocrx_word' id='word_1_2' title='bbox 801 80 871 108; x_wconf 88' lang='lat' dir='ltr'>xx.</span> <span class='ocrx_word' id='word_1_3' title='bbox 1383 69 1465 111; x_wconf 88' lang='lat'>159</span> 
     </span>
    </p>
   </div>
   <div class='ocr_carea' id='block_1_2' title="bbox 64 177 1524 1746">
    <p class='ocr_par' dir='ltr' id='par_1_2' title="bbox 67 177 1465 286">
     <span class='ocr_line' id='line_1_2' title="bbox 67 177 1465 231; baseline 0.004 -13"><span class='ocrx_word' id='word_1_4' title='bbox 67 177 242 227; x_wconf 88' lang='lat' dir='ltr'>rettulit,</span> <span class='ocrx_word' id='word_1_5' title='bbox 282 191 535 230; x_wconf 83' lang='lat' dir='ltr'>causamque</span> <span class='ocrx_word' id='word_1_6' title='bbox 562 180 668 219; x_wconf 89' lang='lat' dir='ltr'>hanc</span> <span class='ocrx_word' id='word_1_7' title='bbox 697 180 776 220; x_wconf 90' lang='lat' dir='ltr'>ioci</span> <span class='ocrx_word' id='word_1_8' title='bbox 804 180 986 220; x_wconf 87' lang='lat' dir='ltr'>scurrilis</span> <span class='ocrx_word' id='word_1_9' title='bbox 1018 182 1130 231; x_wconf 86' lang='lat' dir='ltr'>apud</span> <span class='ocrx_word' id='word_1_10' title='bbox 1161 193 1207 221; x_wconf 88' lang='lat' dir='ltr'>se</span> <span class='ocrx_word' id='word_1_11' title='bbox 1239 182 1334 222; x_wconf 89' lang='lat' dir='ltr'>dicti</span> <span class='ocrx_word' id='word_1_12' title='bbox 1371 184 1465 224; x_wconf 88' lang='lat' dir='ltr'>sub-</span> 
     </span>
     <span class='ocr_line' id='line_1_3' title="bbox 67 234 247 286; baseline -0.006 -11"><span class='ocrx_word' id='word_1_13' title='bbox 67 234 247 286; x_wconf 85' lang='lat' dir='ltr'><strong>scripsit.</strong></span> 
     </span>
    </p>

    <p class='ocr_par' dir='ltr' id='par_1_3' title="bbox 64 292 1523 904">
     <span class='ocr_line' id='line_1_4' title="bbox 148 292 1523 344; baseline 0.005 -14"><span class='ocrx_word' id='word_1_14' title='bbox 148 292 292 332; x_wconf 87' lang='lat' dir='ltr'>Altera</span> <span class='ocrx_word' id='word_1_15' title='bbox 316 293 519 333; x_wconf 86' lang='lat' dir='ltr'>seueritas</span> <span class='ocrx_word' id='word_1_16' title='bbox 544 292 728 332; x_wconf 89' lang='lat' dir='ltr'>eiusdem</span> <span class='ocrx_word' id='word_1_17' title='bbox 748 299 888 333; x_wconf 88' lang='lat' dir='ltr'>sectae</span> <span class='ocrx_word' id='word_1_18' title='bbox 906 293 1230 344; x_wconf 82' lang='lat' dir='ltr'>disciplinaeque</span> <span class='ocrx_word' id='word_1_19' title='bbox 1258 300 1335 334; x_wconf 88' lang='lat' dir='ltr'>est.</span> <span class='ocrx_word' id='word_1_20' title='bbox 1377 297 1523 337; x_wconf 84' lang='lat' dir='ltr'>De-7.8</span> 
     </span>
     <span class='ocr_line' id='line_1_5' title="bbox 67 346 1464 398; baseline 0.003 -12"><span class='ocrx_word' id='word_1_21' title='bbox 67 346 284 388; x_wconf 87' lang='lat' dir='ltr'>liberatum</span> <span class='ocrx_word' id='word_1_22' title='bbox 309 354 374 389; x_wconf 89' lang='lat' dir='ltr'>est</span> <span class='ocrx_word' id='word_1_23' title='bbox 401 350 453 388; x_wconf 93' lang='lat' dir='ltr'>de</span> <span class='ocrx_word' id='word_1_24' title='bbox 484 353 583 389; x_wconf 89' lang='lat' dir='ltr'>nota</span> <span class='ocrx_word' id='word_1_25' title='bbox 603 348 712 396; x_wconf 89' lang='lat' dir='ltr'>eius,</span> <span class='ocrx_word' id='word_1_26' title='bbox 746 349 814 398; x_wconf 89' lang='lat' dir='ltr'>qui</span> <span class='ocrx_word' id='word_1_27' title='bbox 844 350 898 388; x_wconf 88' lang='lat' dir='ltr'>ad</span> <span class='ocrx_word' id='word_1_28' title='bbox 929 361 1129 390; x_wconf 85' lang='lat' dir='ltr'>censores</span> <span class='ocrx_word' id='word_1_29' title='bbox 1158 350 1208 389; x_wconf 87' lang='lat' dir='ltr'>ab</span> <span class='ocrx_word' id='word_1_30' title='bbox 1239 350 1371 391; x_wconf 86' lang='lat' dir='ltr'>amico</span> <span class='ocrx_word' id='word_1_31' title='bbox 1396 352 1464 390; x_wconf 88' lang='lat' dir='ltr'>ad-</span> 
     </span>
     <span class='ocr_line' id='line_1_6' title="bbox 65 405 1464 454; baseline 0.002 -11"><span class='ocrx_word' id='word_1_32' title='bbox 65 409 243 445; x_wconf 84' lang='lat' dir='ltr'>uocatus</span> <span class='ocrx_word' id='word_1_33' title='bbox 266 410 405 454; x_wconf 90' lang='lat' dir='ltr'>estet,</span> <span class='ocrx_word' id='word_1_34' title='bbox 430 405 469 444; x_wconf 89' lang='lat' dir='ltr'>in</span> <span class='ocrx_word' id='word_1_35' title='bbox 486 405 574 445; x_wconf 80' lang='lat' dir='ltr'>iure</span> <span class='ocrx_word' id='word_1_36' title='bbox 590 410 726 452; x_wconf 86' lang='lat' dir='ltr'>stans,</span> <span class='ocrx_word' id='word_1_37' title='bbox 753 407 861 444; x_wconf 85' lang='lat' dir='ltr'>clare</span> <span class='ocrx_word' id='word_1_38' title='bbox 879 406 996 445; x_wconf 88' lang='lat' dir='ltr'>nimis</span> <span class='ocrx_word' id='word_1_39' title='bbox 1015 411 1056 445; x_wconf 81' lang='lat' dir='ltr'>et</span> <span class='ocrx_word' id='word_1_40' title='bbox 1078 418 1232 446; x_wconf 88' lang='lat' dir='ltr'>sonore</span> <span class='ocrx_word' id='word_1_41' title='bbox 1260 407 1464 454; x_wconf 87' lang='lat' dir='ltr'>oscitauit‚</span> 
     </span>
     <span class='ocr_line' id='line_1_7' title="bbox 67 460 1466 511; baseline 0.003 -13"><span class='ocrx_word' id='word_1_42' title='bbox 67 465 194 510; x_wconf 91' lang='lat' dir='ltr'>atque</span> <span class='ocrx_word' id='word_1_43' title='bbox 210 460 320 509; x_wconf 86' lang='lat' dir='ltr'>inibi,</span> <span class='ocrx_word' id='word_1_44' title='bbox 341 466 387 501; x_wconf 90' lang='lat' dir='ltr'>ut</span> <span class='ocrx_word' id='word_1_45' title='bbox 402 463 664 511; x_wconf 75' lang='lat' dir='ltr'>plecteretur,</span> <span class='ocrx_word' id='word_1_46' title='bbox 692 460 778 509; x_wconf 85' lang='lat' dir='ltr'>fuit,</span> <span class='ocrx_word' id='word_1_47' title='bbox 796 466 1006 511; x_wconf 78' lang='lat' dir='ltr'>tamquam</span> <span class='ocrx_word' id='word_1_48' title='bbox 1022 462 1123 501; x_wconf 93' lang='lat' dir='ltr'>illud</span> <span class='ocrx_word' id='word_1_49' title='bbox 1139 462 1334 502; x_wconf 89' lang='lat' dir='ltr'>indicium</span> <span class='ocrx_word' id='word_1_50' title='bbox 1352 469 1466 503; x_wconf 88' lang='lat' dir='ltr'>esset</span> 
     </span>
     <span class='ocr_line' id='line_1_8' title="bbox 64 516 1463 568; baseline 0.001 -12"><span class='ocrx_word' id='word_1_51' title='bbox 64 516 161 566; x_wconf 83' lang='lat' dir='ltr'>uagi</span> <span class='ocrx_word' id='word_1_52' title='bbox 177 516 299 556; x_wconf 85' lang='lat' dir='ltr'>animi</span> <span class='ocrx_word' id='word_1_53' title='bbox 323 522 364 557; x_wconf 93' lang='lat' dir='ltr'>et</span> <span class='ocrx_word' id='word_1_54' title='bbox 379 517 620 557; x_wconf 80' lang='lat' dir='ltr'>alucinantis</span> <span class='ocrx_word' id='word_1_55' title='bbox 644 522 684 556; x_wconf 91' lang='lat' dir='ltr'>et</span> <span class='ocrx_word' id='word_1_56' title='bbox 708 517 847 557; x_wconf 82' lang='lat' dir='ltr'>fluxae</span> <span class='ocrx_word' id='word_1_57' title='bbox 871 523 994 567; x_wconf 87' lang='lat' dir='ltr'>atque</span> <span class='ocrx_word' id='word_1_58' title='bbox 1020 523 1189 568; x_wconf 86' lang='lat' dir='ltr'>apertae</span> <span class='ocrx_word' id='word_1_59' title='bbox 1214 519 1463 558; x_wconf 84' lang='lat' dir='ltr'>securitatis.</span> 
     </span>
     <span class='ocr_line' id='line_1_9' title="bbox 67 572 1502 624; baseline 0.001 -12"><span class='ocrx_word' id='word_1_60' title='bbox 67 572 152 612; x_wconf 88' lang='lat' dir='ltr'>Sed</span> <span class='ocrx_word' id='word_1_61' title='bbox 169 584 263 612; x_wconf 88' lang='lat' dir='ltr'>curn</span> <span class='ocrx_word' id='word_1_62' title='bbox 286 574 354 613; x_wconf 90' lang='lat' dir='ltr'>ille</span> <span class='ocrx_word' id='word_1_63' title='bbox 371 573 622 621; x_wconf 85' lang='lat' dir='ltr'>deiurasset,</span> <span class='ocrx_word' id='word_1_64' title='bbox 653 572 945 613; x_wconf 86' lang='lat' dir='ltr'>inuitissimum</span> <span class='ocrx_word' id='word_1_65' title='bbox 968 585 1065 614; x_wconf 88' lang='lat' dir='ltr'>sese</span> <span class='ocrx_word' id='word_1_66' title='bbox 1089 585 1137 613; x_wconf 86' lang='lat' dir='ltr'>ac</span> <span class='ocrx_word' id='word_1_67' title='bbox 1163 581 1463 624; x_wconf 82' lang='lat' dir='ltr'>repugnantem</span> <span class='ocrx_word' id='word_1_68' title='bbox 1479 584 1502 619; x_wconf 89' lang='lat'><strong>9</strong></span> 
     </span>
     <span class='ocr_line' id='line_1_10' title="bbox 67 628 1465 680; baseline 0.001 -13"><span class='ocrx_word' id='word_1_69' title='bbox 67 628 314 670; x_wconf 85' lang='lat' dir='ltr'>oscitatione</span> <span class='ocrx_word' id='word_1_70' title='bbox 329 629 483 670; x_wconf 91' lang='lat' dir='ltr'>uictum</span> <span class='ocrx_word' id='word_1_71' title='bbox 503 630 719 679; x_wconf 84' lang='lat' dir='ltr'>tenerique</span> <span class='ocrx_word' id='word_1_72' title='bbox 743 641 792 669; x_wconf 94' lang='lat' dir='ltr'>eo</span> <span class='ocrx_word' id='word_1_73' title='bbox 811 629 929 677; x_wconf 86' lang='lat' dir='ltr'>uitio,</span> <span class='ocrx_word' id='word_1_74' title='bbox 965 631 1079 679; x_wconf 90' lang='lat' dir='ltr'>quod</span> <span class='ocrx_word' id='word_1_75' title='bbox 1097 634 1107 652; x_wconf 65' lang='lat'><em>³</em></span> <span class='ocrx_word' id='word_1_76' title='bbox 1121 631 1278 670; x_wconf 89' lang='lat' dir='ltr'>oscedo</span> <span class='ocrx_word' id='word_1_77' title='bbox 1292 634 1304 651; x_wconf 80' lang='lat'><strong><em>³</em></strong></span> <span class='ocrx_word' id='word_1_78' title='bbox 1325 633 1465 680; x_wconf 89' lang='lat' dir='ltr'>appel-</span> 
     </span>
     <span class='ocr_line' id='line_1_11' title="bbox 66 685 1520 736; baseline 0.002 -13"><span class='ocrx_word' id='word_1_79' title='bbox 66 686 190 733; x_wconf 82' lang='lat' dir='ltr'>latur,</span> <span class='ocrx_word' id='word_1_80' title='bbox 219 690 306 725; x_wconf 90' lang='lat' dir='ltr'>tum</span> <span class='ocrx_word' id='word_1_81' title='bbox 335 691 459 726; x_wconf 87' lang='lat' dir='ltr'>notae</span> <span class='ocrx_word' id='word_1_82' title='bbox 486 685 566 724; x_wconf 89' lang='lat' dir='ltr'>iam</span> <span class='ocrx_word' id='word_1_83' title='bbox 598 685 827 725; x_wconf 84' lang='lat' dir='ltr'>destinatae</span> <span class='ocrx_word' id='word_1_84' title='bbox 860 691 1077 736; x_wconf 76' lang='lat' dir='ltr'>exemptus</span> <span class='ocrx_word' id='word_1_85' title='bbox 1111 692 1186 726; x_wconf 88' lang='lat' dir='ltr'>cst.</span> <span class='ocrx_word' id='word_1_86' title='bbox 1246 687 1463 726; x_wconf 84' lang='lat' dir='ltr'>Publius</span> <span class='ocrx_word' id='word_1_87' title='bbox 1475 697 1520 730; x_wconf 84' lang='lat'>10</span> 
     </span>
     <span class='ocr_line' id='line_1_12' title="bbox 67 741 1462 792; baseline 0.001 -12"><span class='ocrx_word' id='word_1_88' title='bbox 67 741 242 791; x_wconf 84' lang='lat' dir='ltr'>Scipio</span> <span class='ocrx_word' id='word_1_89' title='bbox 273 742 581 790; x_wconf 83' lang='lat' dir='ltr'>Africanus,</span> <span class='ocrx_word' id='word_1_90' title='bbox 620 742 771 781; x_wconf 90' lang='lat' dir='ltr'>Pauli</span> <span class='ocrx_word' id='word_1_91' title='bbox 798 742 966 789; x_wconf 84' lang='lat' dir='ltr'>filius,</span> <span class='ocrx_word' id='word_1_92' title='bbox 998 748 1217 792; x_wconf 88' lang='lat' dir='ltr'>utramque</span> <span class='ocrx_word' id='word_1_93' title='bbox 1246 742 1462 783; x_wconf 82' lang='lat' dir='ltr'>historiam</span> 
     </span>
     <span class='ocr_line' id='line_1_13' title="bbox 67 798 1462 847; baseline 0.001 -10"><span class='ocrx_word' id='word_1_94' title='bbox 67 798 207 846; x_wconf 86' lang='lat' dir='ltr'>posuit</span> <span class='ocrx_word' id='word_1_95' title='bbox 236 798 283 837; x_wconf 91' lang='lat' dir='ltr'>in</span> <span class='ocrx_word' id='word_1_96' title='bbox 317 799 580 845; x_wconf 87' lang='lat' dir='ltr'>oratione,</span> <span class='ocrx_word' id='word_1_97' title='bbox 615 809 738 847; x_wconf 84' lang='lat' dir='ltr'>quam</span> <span class='ocrx_word' id='word_1_98' title='bbox 770 798 871 836; x_wconf 79' lang='lat' dir='ltr'>dixit</span> <span class='ocrx_word' id='word_1_99' title='bbox 900 799 948 837; x_wconf 90' lang='lat' dir='ltr'>in</span> <span class='ocrx_word' id='word_1_100' title='bbox 980 810 1230 845; x_wconf 86' lang='lat' dir='ltr'>censura,</span> <span class='ocrx_word' id='word_1_101' title='bbox 1264 810 1372 838; x_wconf 90' lang='lat' dir='ltr'>cum</span> <span class='ocrx_word' id='word_1_102' title='bbox 1402 800 1462 838; x_wconf 91' lang='lat' dir='ltr'>ad</span> 
     </span>
     <span class='ocr_line' id='line_1_14' title="bbox 66 853 1152 904; baseline 0.001 -12"><span class='ocrx_word' id='word_1_103' title='bbox 66 853 316 893; x_wconf 87' lang='lat' dir='ltr'>maiorum</span> <span class='ocrx_word' id='word_1_104' title='bbox 342 866 511 895; x_wconf 86' lang='lat' dir='ltr'>mores</span> <span class='ocrx_word' id='word_1_105' title='bbox 542 855 787 904; x_wconf 84' lang='lat' dir='ltr'>populum</span> <span class='ocrx_word' id='word_1_106' title='bbox 825 855 1152 894; x_wconf 87' lang='lat' dir='ltr'>hortaretur.</span> 
     </span>
    </p>

    <p class='ocr_par' dir='ltr' id='par_1_4' title="bbox 65 909 1519 1464">
     <span class='ocr_line' id='line_1_15' title="bbox 148 909 1519 960; baseline 0.001 -12"><span class='ocrx_word' id='word_1_107' title='bbox 148 911 248 949; x_wconf 84' lang='lat' dir='ltr'>item</span> <span class='ocrx_word' id='word_1_108' title='bbox 288 911 398 949; x_wconf 86' lang='lat' dir='ltr'>aliud</span> <span class='ocrx_word' id='word_1_109' title='bbox 436 912 562 950; x_wconf 86' lang='lat' dir='ltr'>refert</span> <span class='ocrx_word' id='word_1_110' title='bbox 593 910 817 949; x_wconf 83' lang='lat' dir='ltr'>Sabinus</span> <span class='ocrx_word' id='word_1_111' title='bbox 848 910 1106 950; x_wconf 82' lang='lat' dir='ltr'>Masurius</span> <span class='ocrx_word' id='word_1_112' title='bbox 1144 911 1195 949; x_wconf 89' lang='lat' dir='ltr'>in</span> <span class='ocrx_word' id='word_1_113' title='bbox 1236 909 1453 960; x_wconf 85' lang='lat' dir='ltr'>septimo</span> <span class='ocrx_word' id='word_1_114' title='bbox 1475 920 1519 954; x_wconf 79' lang='lat' dir='ltr'>ll</span> 
     </span>
     <span class='ocr_line' id='line_1_16' title="bbox 66 966 1455 1015; baseline 0.001 -11"><span class='ocrx_word' id='word_1_115' title='bbox 66 966 353 1006; x_wconf 86' lang='lat' dir='ltr'>memoriali</span> <span class='ocrx_word' id='word_1_116' title='bbox 379 978 527 1006; x_wconf 89' lang='lat' dir='ltr'>seuere</span> <span class='ocrx_word' id='word_1_117' title='bbox 557 968 727 1005; x_wconf 84' lang='lat' dir='ltr'>factum:</span> <span class='ocrx_word' id='word_1_118' title='bbox 761 967 1035 1013; x_wconf 78' lang='lat' dir='ltr'>Censores,</span> <span class='ocrx_word' id='word_1_119' title='bbox 1067 966 1216 1015; x_wconf 86' lang='lat' dir='ltr'>inquit,</span> <span class='ocrx_word' id='word_1_120' title='bbox 1246 966 1455 1005; x_wconf 88' lang='lat' dir='ltr'>Publius</span> 
     </span>
     <span class='ocr_line' id='line_1_17' title="bbox 67 1021 1461 1072; baseline 0.001 -12"><span class='ocrx_word' id='word_1_121' title='bbox 67 1021 243 1071; x_wconf 89' lang='lat' dir='ltr'>Scipio</span> <span class='ocrx_word' id='word_1_122' title='bbox 283 1023 469 1062; x_wconf 85' lang='lat' dir='ltr'>Nasica</span> <span class='ocrx_word' id='word_1_123' title='bbox 501 1027 552 1062; x_wconf 89' lang='lat' dir='ltr'>et</span> <span class='ocrx_word' id='word_1_124' title='bbox 583 1023 786 1061; x_wconf 85' lang='lat' dir='ltr'>Marcus</span> <span class='ocrx_word' id='word_1_125' title='bbox 820 1022 1056 1072; x_wconf 87' lang='lat' dir='ltr'>Popilius</span> <span class='ocrx_word' id='word_1_126' title='bbox 1089 1034 1196 1061; x_wconf 89' lang='lat' dir='ltr'>cum</span> <span class='ocrx_word' id='word_1_127' title='bbox 1231 1022 1461 1071; x_wconf 89' lang='lat' dir='ltr'>equitum</span> 
     </span>
     <span class='ocr_line' id='line_1_18' title="bbox 67 1078 1461 1127; baseline 0 -10"><span class='ocrx_word' id='word_1_128' title='bbox 67 1089 277 1117; x_wconf 89' lang='lat' dir='ltr'>censum</span> <span class='ocrx_word' id='word_1_129' title='bbox 304 1083 539 1127; x_wconf 81' lang='lat' dir='ltr'>agerent,</span> <span class='ocrx_word' id='word_1_130' title='bbox 569 1089 751 1127; x_wconf 89' lang='lat' dir='ltr'>equum</span> <span class='ocrx_word' id='word_1_131' title='bbox 783 1078 929 1117; x_wconf 88' lang='lat' dir='ltr'>nimis</span> <span class='ocrx_word' id='word_1_132' title='bbox 953 1078 1240 1127; x_wconf 81' lang='lat' dir='ltr'>strigosum</span> <span class='ocrx_word' id='word_1_133' title='bbox 1265 1084 1312 1117; x_wconf 89' lang='lat' dir='ltr'>et</span> <span class='ocrx_word' id='word_1_134' title='bbox 1333 1080 1461 1117; x_wconf 90' lang='lat' dir='ltr'>male</span> 
     </span>
     <span class='ocr_line' id='line_1_19' title="bbox 66 1133 1461 1183; baseline 0 -11"><span class='ocrx_word' id='word_1_135' title='bbox 66 1133 316 1182; x_wconf 89' lang='lat' dir='ltr'>habitum,</span> <span class='ocrx_word' id='word_1_136' title='bbox 363 1135 456 1174; x_wconf 90' lang='lat' dir='ltr'>sed</span> <span class='ocrx_word' id='word_1_137' title='bbox 486 1134 709 1183; x_wconf 87' lang='lat' dir='ltr'>equitem</span> <span class='ocrx_word' id='word_1_138' title='bbox 746 1134 856 1173; x_wconf 83' lang='lat' dir='ltr'>eius</span> <span class='ocrx_word' id='word_1_139' title='bbox 892 1135 1200 1173; x_wconf 86' lang='lat' dir='ltr'>uberrimum</span> <span class='ocrx_word' id='word_1_140' title='bbox 1232 1140 1285 1173; x_wconf 88' lang='lat' dir='ltr'>et</span> <span class='ocrx_word' id='word_1_141' title='bbox 1313 1135 1461 1173; x_wconf 89' lang='lat' dir='ltr'>habi-</span> 
     </span>
     <span class='ocr_line' id='line_1_20' title="bbox 65 1189 1460 1239; baseline 0.001 -11"><span class='ocrx_word' id='word_1_142' title='bbox 65 1189 324 1229; x_wconf 87' lang='lat' dir='ltr'>tissimum</span> <span class='ocrx_word' id='word_1_143' title='bbox 364 1191 607 1230; x_wconf 89' lang='lat' dir='ltr'>uiderunt</span> <span class='ocrx_word' id='word_1_144' title='bbox 639 1195 684 1228; x_wconf 91' lang='lat' dir='ltr'>et</span> <span class='ocrx_word' id='word_1_145' title='bbox 716 1193 874 1237; x_wconf 73' lang='lat' dir='ltr'>‘cur&#39;‚</span> <span class='ocrx_word' id='word_1_146' title='bbox 911 1190 1173 1239; x_wconf 88' lang='lat' dir='ltr'>inquiunt,</span> <span class='ocrx_word' id='word_1_147' title='bbox 1216 1190 1317 1229; x_wconf 70' lang='lat' dir='ltr'>‘ita</span> <span class='ocrx_word' id='word_1_148' title='bbox 1355 1196 1460 1237; x_wconf 88' lang='lat' dir='ltr'>est,</span> 
     </span>
     <span class='ocr_line' id='line_1_21' title="bbox 65 1246 1462 1296; baseline 0 -12"><span class='ocrx_word' id='word_1_149' title='bbox 65 1250 118 1285; x_wconf 92' lang='lat' dir='ltr'>ut</span> <span class='ocrx_word' id='word_1_150' title='bbox 146 1251 199 1286; x_wconf 90' lang='lat' dir='ltr'>tu</span> <span class='ocrx_word' id='word_1_151' title='bbox 227 1246 318 1294; x_wconf 85' lang='lat' dir='ltr'>sis,</span> <span class='ocrx_word' id='word_1_152' title='bbox 350 1258 494 1296; x_wconf 92' lang='lat' dir='ltr'>quam</span> <span class='ocrx_word' id='word_1_153' title='bbox 525 1257 710 1294; x_wconf 79' lang='lat' dir='ltr'>equus,</span> <span class='ocrx_word' id='word_1_154' title='bbox 741 1246 1018 1286; x_wconf 85' lang='lat' dir='ltr'>curatior?’</span> <span class='ocrx_word' id='word_1_155' title='bbox 1051 1246 1360 1295; x_wconf 42' lang='lat' dir='ltr'>‘QuoniamQ</span> <span class='ocrx_word' id='word_1_156' title='bbox 1389 1246 1462 1284; x_wconf 91' lang='lat' dir='ltr'>in-</span> 
     </span>
     <span class='ocr_line' id='line_1_22' title="bbox 68 1302 1462 1352; baseline -0.001 -11"><span class='ocrx_word' id='word_1_157' title='bbox 68 1302 197 1351; x_wconf 92' lang='lat' dir='ltr'>quit,</span> <span class='ocrx_word' id='word_1_158' title='bbox 243 1306 360 1352; x_wconf 80' lang='lat' dir='ltr'>‘ego</span> <span class='ocrx_word' id='word_1_159' title='bbox 398 1313 473 1341; x_wconf 74' lang='lat' dir='ltr'>me</span> <span class='ocrx_word' id='word_1_160' title='bbox 517 1313 659 1349; x_wconf 87' lang='lat' dir='ltr'>curo,</span> <span class='ocrx_word' id='word_1_161' title='bbox 712 1313 894 1351; x_wconf 86' lang='lat' dir='ltr'>equum</span> <span class='ocrx_word' id='word_1_162' title='bbox 931 1302 1126 1342; x_wconf 87' lang='lat' dir='ltr'>Statius</span> <span class='ocrx_word' id='word_1_163' title='bbox 1166 1302 1319 1341; x_wconf 89' lang='lat' dir='ltr'>nihili</span> <span class='ocrx_word' id='word_1_164' title='bbox 1355 1313 1462 1341; x_wconf 85' lang='lat' dir='ltr'>ser-</span> 
     </span>
     <span class='ocr_line' id='line_1_23' title="bbox 65 1358 1461 1408; baseline -0.001 -11"><span class='ocrx_word' id='word_1_165' title='bbox 65 1362 199 1398; x_wconf 90' lang='lat' dir='ltr'>uos&#39;.</span> <span class='ocrx_word' id='word_1_166' title='bbox 258 1358 438 1398; x_wconf 90' lang='lat' dir='ltr'>Visum</span> <span class='ocrx_word' id='word_1_167' title='bbox 476 1363 555 1398; x_wconf 92' lang='lat' dir='ltr'>est</span> <span class='ocrx_word' id='word_1_168' title='bbox 586 1369 759 1408; x_wconf 86' lang='lat' dir='ltr'>parum</span> <span class='ocrx_word' id='word_1_169' title='bbox 797 1370 920 1398; x_wconf 86' lang='lat' dir='ltr'>esse</span> <span class='ocrx_word' id='word_1_170' title='bbox 957 1370 1210 1398; x_wconf 89' lang='lat' dir='ltr'>reuerens</span> <span class='ocrx_word' id='word_1_171' title='bbox 1241 1367 1461 1408; x_wconf 79' lang='lat' dir='ltr'>respon-</span> 
     </span>
     <span class='ocr_line' id='line_1_24' title="bbox 67 1414 1259 1464; baseline 0 -11"><span class='ocrx_word' id='word_1_172' title='bbox 67 1426 172 1454; x_wconf 90' lang='lat' dir='ltr'>sum</span> <span class='ocrx_word' id='word_1_173' title='bbox 200 1415 511 1464; x_wconf 82' lang='lat' dir='ltr'>relatusque</span> <span class='ocrx_word' id='word_1_174' title='bbox 540 1414 591 1454; x_wconf 90' lang='lat' dir='ltr'>in</span> <span class='ocrx_word' id='word_1_175' title='bbox 623 1414 889 1461; x_wconf 85' lang='lat' dir='ltr'>aerarios,</span> <span class='ocrx_word' id='word_1_176' title='bbox 932 1421 984 1453; x_wconf 89' lang='lat' dir='ltr'>ut</span> <span class='ocrx_word' id='word_1_177' title='bbox 1022 1427 1130 1454; x_wconf 88' lang='lat' dir='ltr'>mos</span> <span class='ocrx_word' id='word_1_178' title='bbox 1167 1420 1259 1454; x_wconf 87' lang='lat' dir='ltr'>est.</span> 
     </span>
    </p>

    <p class='ocr_par' dir='ltr' id='par_1_5' title="bbox 66 1470 1524 1746">
     <span class='ocr_line' id='line_1_25' title="bbox 152 1470 1524 1520; baseline 0.001 -10"><span class='ocrx_word' id='word_1_179' title='bbox 152 1470 341 1510; x_wconf 75' lang='lat' dir='ltr'>‘Statius&#39;</span> <span class='ocrx_word' id='word_1_180' title='bbox 363 1476 498 1510; x_wconf 89' lang='lat' dir='ltr'>autem</span> <span class='ocrx_word' id='word_1_181' title='bbox 515 1470 664 1510; x_wconf 85' lang='lat' dir='ltr'>seruile</span> <span class='ocrx_word' id='word_1_182' title='bbox 681 1482 831 1510; x_wconf 83' lang='lat' dir='ltr'>nomen</span> <span class='ocrx_word' id='word_1_183' title='bbox 858 1471 944 1509; x_wconf 84' lang='lat' dir='ltr'>fuit.</span> <span class='ocrx_word' id='word_1_184' title='bbox 1003 1471 1194 1520; x_wconf 87' lang='lat' dir='ltr'>Plerique</span> <span class='ocrx_word' id='word_1_185' title='bbox 1219 1471 1330 1520; x_wconf 90' lang='lat' dir='ltr'>apud</span> <span class='ocrx_word' id='word_1_186' title='bbox 1351 1475 1463 1509; x_wconf 89' lang='lat' dir='ltr'>uete-</span> <span class='ocrx_word' id='word_1_187' title='bbox 1480 1478 1524 1512; x_wconf 81' lang='lat'>12</span> 
     </span>
     <span class='ocr_line' id='line_1_26' title="bbox 66 1526 1523 1576; baseline -0.001 -10"><span class='ocrx_word' id='word_1_188' title='bbox 66 1538 135 1566; x_wconf 90' lang='lat' dir='ltr'>res</span> <span class='ocrx_word' id='word_1_189' title='bbox 163 1526 275 1566; x_wconf 91' lang='lat' dir='ltr'>serui</span> <span class='ocrx_word' id='word_1_190' title='bbox 300 1538 350 1566; x_wconf 90' lang='lat' dir='ltr'>eo</span> <span class='ocrx_word' id='word_1_191' title='bbox 379 1527 544 1568; x_wconf 89' lang='lat' dir='ltr'>nomine</span> <span class='ocrx_word' id='word_1_192' title='bbox 569 1527 746 1566; x_wconf 87' lang='lat' dir='ltr'>fuerunt.</span> <span class='ocrx_word' id='word_1_193' title='bbox 809 1528 871 1565; x_wconf 89' lang='lat' dir='ltr'>Ca</span> <span class='ocrx_word' id='word_1_194' title='bbox 887 1527 1073 1567; x_wconf 87' lang='lat' dir='ltr'>ecilius</span> <span class='ocrx_word' id='word_1_195' title='bbox 1105 1538 1274 1576; x_wconf 87' lang='lat' dir='ltr'>quoque</span> <span class='ocrx_word' id='word_1_196' title='bbox 1299 1527 1369 1565; x_wconf 90' lang='lat' dir='ltr'>ille</span> <span class='ocrx_word' id='word_1_197' title='bbox 1394 1537 1460 1565; x_wconf 90' lang='lat' dir='ltr'>co-</span> <span class='ocrx_word' id='word_1_198' title='bbox 1478 1530 1523 1564; x_wconf 83' lang='lat'>13</span> 
     </span>
     <span class='ocr_line' id='line_1_27' title="bbox 67 1582 1464 1633; baseline -0.002 -11"><span class='ocrx_word' id='word_1_199' title='bbox 67 1582 322 1622; x_wconf 88' lang='lat' dir='ltr'>moediarum</span> <span class='ocrx_word' id='word_1_200' title='bbox 353 1588 480 1633; x_wconf 87' lang='lat' dir='ltr'>poeta</span> <span class='ocrx_word' id='word_1_201' title='bbox 505 1582 684 1622; x_wconf 82' lang='lat' dir='ltr'>inclutus</span> <span class='ocrx_word' id='word_1_202' title='bbox 712 1593 860 1621; x_wconf 87' lang='lat' dir='ltr'>seruus</span> <span class='ocrx_word' id='word_1_203' title='bbox 892 1583 965 1621; x_wconf 89' lang='lat' dir='ltr'>fuit</span> <span class='ocrx_word' id='word_1_204' title='bbox 989 1589 1028 1622; x_wconf 89' lang='lat' dir='ltr'>et</span> <span class='ocrx_word' id='word_1_205' title='bbox 1054 1588 1278 1632; x_wconf 85' lang='lat' dir='ltr'>propterea</span> <span class='ocrx_word' id='word_1_206' title='bbox 1312 1593 1464 1623; x_wconf 82' lang='lat' dir='ltr'>nomen</span> 
     </span>
     <span class='ocr_line' id='line_1_28' title="bbox 66 1638 1466 1688; baseline -0.001 -11"><span class='ocrx_word' id='word_1_207' title='bbox 66 1638 208 1678; x_wconf 89' lang='lat' dir='ltr'>habuit</span> <span class='ocrx_word' id='word_1_208' title='bbox 233 1639 455 1678; x_wconf 69' lang='lat' dir='ltr'>‘Statius&#39;.</span> <span class='ocrx_word' id='word_1_209' title='bbox 516 1639 601 1679; x_wconf 90' lang='lat' dir='ltr'>Sed</span> <span class='ocrx_word' id='word_1_210' title='bbox 624 1643 775 1687; x_wconf 88' lang='lat' dir='ltr'>postea</span> <span class='ocrx_word' id='word_1_211' title='bbox 798 1650 967 1677; x_wconf 87' lang='lat' dir='ltr'>uersum</span> <span class='ocrx_word' id='word_1_212' title='bbox 994 1644 1057 1678; x_wconf 89' lang='lat' dir='ltr'>est</span> <span class='ocrx_word' id='word_1_213' title='bbox 1086 1638 1203 1688; x_wconf 88' lang='lat' dir='ltr'>quasi</span> <span class='ocrx_word' id='word_1_214' title='bbox 1236 1639 1275 1677; x_wconf 91' lang='lat' dir='ltr'>in</span> <span class='ocrx_word' id='word_1_215' title='bbox 1313 1649 1466 1688; x_wconf 84' lang='lat' dir='ltr'>cogno-</span> 
     </span>
     <span class='ocr_line' id='line_1_29' title="bbox 67 1694 1290 1746; baseline -0.002 -12"><span class='ocrx_word' id='word_1_216' title='bbox 67 1700 268 1743; x_wconf 88' lang='lat' dir='ltr'>mentum,</span> <span class='ocrx_word' id='word_1_217' title='bbox 295 1697 610 1746; x_wconf 87' lang='lat' dir='ltr'>appellatusque</span> <span class='ocrx_word' id='word_1_218' title='bbox 644 1698 708 1733; x_wconf 85' lang='lat' dir='ltr'>est</span> <span class='ocrx_word' id='word_1_219' title='bbox 735 1694 1020 1733; x_wconf 68' lang='lat' dir='ltr'>&lt;Caecilius</span> <span class='ocrx_word' id='word_1_220' title='bbox 1051 1694 1290 1733; x_wconf 87' lang='lat' dir='ltr'>Statius’.</span> 
     </span>
    </p>
   </div>
  </div>
 </body>
</html>
