1635 2492
611 0 721 34 xvi.
754 6 829 35 x11.
867 7 960 36 xm.
1420 0 1502 42 163

19 133 25 137 -
81 106 270 159 quasi‘
271 102 687 173 φαινεράτωρ’,
710 101 817 148 ἀπὸ
846 109 947 149 τοῦ
979 110 1290 163 φαίνεσθαι
1322 109 1412 154 ἐπὶ
1442 109 1501 155 τὸ

77 158 477 217 χρηστότερον,
517 165 764 215 quoniam
795 165 846 205 id
876 178 1043 216 genus
1085 168 1348 210 hominum
1385 182 1503 221 spe·

79 221 206 261 ciem
254 226 531 262 ostentent
579 221 925 263 humanitatis
981 230 1030 264 et
1076 227 1337 266 commodi
1384 239 1502 268 esse

76 277 364 320 uideantur
421 278 674 328 inopibus
737 291 969 321 nummos
1032 282 1499 334 desiderantibus,

5 338 26 360 s
76 335 205 386 idque
240 335 401 376 dixisse
427 336 484 376 ait
512 337 623 388 Hyp
635 336 679 376 si
691 347 712 375 c
726 342 841 377 rate
851 349 877 377 n
905 339 1143 389 quempiam
1170 342 1500 391 grammaticum,
1516 349 1540 386 6

77 392 196 433 cuius
214 392 306 433 libri
328 404 432 433 sane
449 393 612 433 nobiles
631 399 729 434 sunt
750 405 916 444 super
939 395 1044 444 his,
1079 407 1216 447 quae
1235 408 1259 436 a
1281 399 1499 439 Graecis

75 456 298 501 accepta
317 455 454 490 sunt.
487 450 586 490 Siue
602 450 683 491 hoc
708 457 847 491 autem
870 451 962 503 ipse
985 453 1223 494 Cloatius
1242 454 1333 494 siue
1355 456 1499 497 nescio

77 506 170 558 quis
189 507 295 548 alius
317 508 471 548 nebulo
496 507 687 556 effutiuit,
711 508 809 548 nihil
830 516 974 559 potest
1005 510 1084 550 dici
1100 511 1316 552 insulsius.
1350 513 1440 552 ‘Fa
1455 524 1499 552 e-
1519 519 1539 554 7

75 567 318 605 nerator’
362 564 491 614 enim,
537 565 658 605 sicuti
691 566 745 606 M.
781 567 943 607 Varro
985 567 1026 606 in
1067 568 1201 609 libro
1240 569 1399 610 tertio
1438 571 1500 609 de

75 621 521 664 sermoneLatino
549 622 737 674 scripsit,
763 635 788 662 a
811 623 1032 665 faenore
1065 631 1148 666 est
1175 626 1496 674 nominatus;

76 681 314 720 ‘faenus'
357 685 497 720 autem
530 680 684 721 dictum
716 680 772 720 ait
810 692 835 720 a
866 682 974 721 fetu
1006 688 1054 722 et
1084 684 1234 733 quasi
1266 694 1291 722 a
1322 684 1499 723 fetura

75 738 298 787 quadam
338 737 604 788 pecuniae
638 737 903 788 parientis
936 745 1092 789 atque
1122 740 1496 780 increscentis.

73 794 236 835 Idcirco
255 799 296 834 et
312 793 367 834 M.
386 795 547 835 Caton
561 805 633 835 ern
659 801 699 835 et
718 801 885 836 ceteros
904 797 1052 836 aetatis
1071 796 1161 837 eius
1181 798 1496 838 ‘feneratorem'
1513 799 1537 835 8

75 852 166 891 sine
183 850 344 891 alitera
359 852 662 902 pronuntiasse
678 852 816 900 tradit,
849 853 970 893 sicuti
991 855 1135 894 ‘fetus'
1164 853 1255 904 ipse
1281 860 1322 893 et
1340 856 1497 894 ‘secun—

75 908 199 949 ditas’
225 909 447 960 appellata.

737 1012 842 1053 xm.

74 1095 174 1141 Quid
199 1096 247 1132 sit
261 1097 507 1143 municipium
534 1101 569 1132 et
588 1096 679 1143 quid
695 1108 716 1132 a
734 1098 884 1133 colonia
907 1096 1079 1143 differem
1114 1098 1258 1146 etquid
1277 1100 1350 1135 sint
1374 1101 1495 1136 inuni-

132 1153 237 1200 cipes
260 1163 433 1200 quaeque
453 1154 500 1189 sit
515 1154 597 1189 eius
616 1154 792 1190 uocabuli
814 1155 909 1190 ratio
931 1166 975 1190 ae
991 1156 1229 1202 proprietas;
1254 1160 1364 1203 atque
1387 1157 1491 1201 inibi,

131 1209 234 1257 quod
256 1209 368 1246 diuus
385 1209 600 1246 Hadrianus
624 1211 660 1246 in
682 1215 815 1247 senatu
844 1210 890 1247 de
919 1212 998 1247 iure
1025 1216 1137 1259 atque
1161 1214 1350 1249 uocabulo
1374 1215 1494 1249 muni-

131 1267 256 1313 cipum
273 1268 393 1303 uerba
411 1267 510 1303 feeit.

155 1369 168 1389 ‘
180 1366 439 1418 Municipes'
462 1373 501 1408 et
518 1371 530 1389 ‘
545 1368 793 1419 municipia'
812 1369 944 1409 uerba
962 1375 1059 1409 sunt
1076 1369 1189 1409 dictu
1207 1369 1341 1410 facilia
1359 1375 1400 1409 et
1415 1381 1494 1409 usu
1514 1377 1525 1410 1

74 1423 219 1472 obuia,
252 1430 294 1464 et
325 1424 568 1475 neutiquam
599 1426 800 1477 reperias,
833 1426 903 1476 qui
926 1426 1157 1474 haecdicit,
1188 1427 1285 1477 quin
1313 1426 1421 1467 scire
1446 1438 1493 1467 se

72 1482 198 1532 plane
216 1486 345 1531 putet,
370 1481 470 1531 quid
490 1482 612 1522 dicat.
675 1482 760 1523 Sed
775 1484 968 1535 profecto
988 1483 1098 1523 aliud
1117 1490 1194 1532 est,
1226 1490 1352 1534 atque
1376 1482 1494 1523 aliter

73 1538 238 1577 dicitur.
301 1538 461 1588 Quotus
480 1539 588 1578 enim
606 1540 693 1579 fere
711 1545 902 1580 nostrum
920 1546 996 1588 est,
1021 1541 1102 1590 qui,
1137 1552 1230 1580 cum
1253 1552 1306 1580 ex
1326 1540 1492 1580 colonia
1508 1547 1531 1581 2

74 1594 220 1646 populi
240 1595 418 1635 Romani
447 1595 519 1643 sit,
552 1607 635 1636 non
655 1597 1024 1647 se‘municipem’
1062 1608 1158 1637 esse
1191 1603 1232 1636 et
1263 1599 1491 1647 populares

75 1663 178 1692 suos
198 1651 464 1702 ‘municipes'
485 1663 581 1692 esse
599 1652 729 1700 dicat,
764 1654 877 1703 quod
897 1659 962 1693 est
978 1664 1002 1692 a
1023 1653 1184 1694 ratione
1208 1659 1247 1692 et
1271 1665 1296 1692 a
1317 1653 1492 1694 ueritate
1508 1661 1533 1697 3

72 1709 198 1759 longe
216 1709 439 1749 auersum?
465 1707 534 1748 Sic
552 1709 658 1749 adeo
684 1715 724 1749 et
746 1710 1000 1760 ‘municipia’
1026 1710 1124 1760 quid
1142 1715 1182 1749 et
1200 1723 1282 1760 quo
1304 1711 1394 1750 Iure
1412 1711 1494 1751 sint

75 1770 364 1816 quantumque
381 1777 405 1804 a
421 1766 636 1806 ‘colonia'
665 1766 879 1815 differant,
913 1767 1155 1817 ignoramus
1178 1767 1492 1808 existimamus-

76 1833 158 1872 que
174 1822 347 1862 meliore
365 1822 605 1863 conditione
627 1834 724 1863 esse
742 1824 980 1872 ‘colonias’,
1014 1836 1137 1874 quam
1159 1825 1431 1874 ‘municipia’.

158 1880 220 1919 De
239 1878 358 1919 cuius
386 1879 639 1930 opinationis
667 1886 750 1919 tam
767 1881 1006 1930 promiscae
1023 1881 1237 1922 erroribus
1256 1882 1377 1922 diuus
1395 1882 1491 1920 Ha-
1510 1894 1534 1928 4

74 1934 291 1976 drianus
326 1935 368 1975 in
401 1936 665 1985 oratione,
699 1948 823 1986 quam
851 1938 910 1977 de
937 1938 1346 1986 Italicensibus,
1378 1938 1491 1977 unde

70 1992 165 2043 ipse
182 1998 300 2033 ortus
317 1992 412 2041 fuit,
441 1993 482 2033 in
501 2000 649 2034 senatu
666 1994 826 2042 habuit,
856 1994 1107 2044 peritissime
1124 1995 1323 2035 disseruit
1337 1994 1490 2034 mirari-

75 2060 157 2099 que
174 2059 220 2089 se
243 2049 446 2098 ostendit,
470 2051 585 2100 quod
603 2057 643 2090 et
657 2051 737 2101 ipsi
755 2051 997 2092 Italicenses
1016 2058 1056 2091 et
1074 2053 1280 2102 quaedam
1297 2052 1395 2091 item
1412 2051 1491 2089 alia

74 2105 300 2157 municipia
321 2106 511 2156 antiqua,
543 2107 583 2146 in
611 2108 762 2158 quibus
786 2107 1010 2148 Vticenses
1042 2109 1248 2157 nominat,
1277 2120 1370 2148 cum
1402 2107 1489 2147 suis

74 2163 261 2203 moribus
279 2161 528 2214 legibusque
545 2164 605 2204 uti
620 2170 811 2215 possent,
842 2164 882 2203 in
898 2164 963 2205 ius
983 2166 1240 2206 coloniarum
1258 2164 1404 2204 mutari
1421 2175 1491 2214 ge-

74 2218 277 2260 stiuerint.
319 2219 616 2261 Praenestinos
635 2227 771 2261 autem
788 2222 916 2261 refert
931 2222 1110 2262 maximo
1130 2233 1258 2318 opelrie
1284 2233 1307 2260 a
1323 2220 1485 2261 Tiberio
1510 2229 1532 2263 5

1265 2280 1286 2300 *
