1635 2492
603 42 695 82 XV.
729 53 849 81 xvul.
882 55 1016 82 xvim.
1438 44 1523 87 139

739 192 816 234 XV
819 193 885 233 Ill.

102 273 215 319 Quod
236 284 366 322 pugna
390 274 478 311 belli
503 274 626 310 ciuilis
652 274 884 321 uictoriaque
912 275 979 311 Gai
1002 274 1198 321 Caesaris,
1230 289 1342 325 quam
1373 277 1463 316 uicit·
1482 290 1519 316 m

158 330 365 368 Pharsaliis
384 332 548 378 campis,
574 330 740 367 nuntiata
763 331 1035 379 praedictaque
1060 338 1117 369 est
1142 345 1211 381 per
1228 336 1440 383 cuiuspiam
1461 347 1518 373 rc-

158 388 271 435 migis
289 388 507 424 uaticinium
524 387 659 424 eodem
678 388 761 435 ipso
781 387 842 424 die
864 389 901 424 in
918 389 1021 425 Italia
1038 390 1180 426 Pataui.

185 498 275 547 Quo
308 499 349 538 C.
386 499 539 540 Caesar
572 504 612 538 ct
638 500 708 538 Cn.
740 500 966 550 Pompeius
1004 501 1070 540 die
1099 513 1177 552 per
1210 502 1330 542 ciuile
1367 504 1556 543 belluml

101 553 234 605 signis
253 555 429 595 conlatis
446 554 487 595 in
506 556 722 596 Thessalia
740 556 1041 606 conflixerunt,
1060 570 1128 598 res
1152 559 1302 599 accidit
1317 560 1462 599 Pataui
1479 560 1519 599 in

99 611 385 661 transpadana
408 612 526 652 Italia
555 613 776 653 memorari
809 614 946 663 digna.
1011 615 1226 656 Cornelius
1258 616 1426 667 quidam
1455 621 1555 656 εει-2

101 669 276 718 cerdos,
307 674 348 709 et
378 669 529 710 nobilis
553 675 592 710 et
615 670 839 710 sacerdotii
870 671 1141 722 religionibus
1177 674 1446 713 uenerandus
1480 679 1521 713 et

101 724 292 766 castitate
318 725 430 766 uitae
456 731 648 774 sanctus,
677 733 849 776 repente
882 734 995 768 mota
1026 735 1163 769 mente
1191 730 1439 781 conspicere
1473 742 1519 770 se

97 784 248 833 procul
286 783 408 832 dixit,
441 795 625 834 pugnam
663 785 906 824 acerrimam
942 786 1119 836 pugnari
1151 798 1200 826 ac
1229 787 1381 828 deinde
1412 787 1518 827 alios

99 841 273 888 cedere,
311 840 415 882 alios
455 852 626 892 urgere⁷
663 842 858 889 caedem,
897 843 1058 892 sugam,
1101 845 1183 883 tela
1214 844 1419 892 uolantia,
1460 844 1519 883 in-

98 896 400 938 staurationem
416 909 596 949 pugnae,
627 898 948 948 inpressionem,
981 900 1173 950 gemitus,
1204 902 1392 949 uulnera,
1424 912 1519 950 pro-

96 953 194 994 inde
221 960 268 994 ut
306 954 341 995 si
372 955 464 1005 ipse
494 955 534 995 in
564 955 725 1006 proelio
759 962 1021 1005 uersaretur,
1065 968 1207 998 coram
1243 958 1388 998 uidere
1422 969 1519 998 sese

97 1010 357 1052 uociferatus
396 1018 461 1052 est
502 1023 550 1052 ac
591 1018 740 1063 postea
785 1013 923 1053 subito
970 1015 1248 1068 exclamauit,
1293 1016 1516 1055 Caesarem

97 1079 266 1109 uicisse.

179 1149 239 1188 Ea
259 1148 436 1189 Cornelii
455 1149 690 1189 sacerdotis
709 1150 898 1190 ariolatio
925 1150 1030 1190 leuis
1054 1156 1140 1190 tum
1159 1150 1326 1200 quidem
1346 1150 1437 1191 uisa
1455 1157 1518 1191 est
1536 1158 1558 1193 3

99 1210 141 1245 et
169 1215 342 1253 uecors,
387 1217 563 1255 magnae
601 1217 705 1246 mox
742 1206 1004 1247 admirationi
1037 1207 1130 1256 ruit,
1170 1208 1402 1258 quon[i]am
1432 1220 1516 1248 non

98 1262 226 1303 modo
258 1273 424 1312 pugnae
457 1262 566 1310 dies,
597 1275 701 1313 quae
728 1264 767 1303 in
800 1264 1015 1304 Thessalia
1046 1270 1231 1315 pugnata
1263 1270 1346 1312 est,
1379 1277 1519 1315 neque

97 1319 246 1370 proelii
280 1318 440 1368 exitus,
474 1319 544 1370 qui
576 1326 665 1359 erat
695 1320 957 1370 praedictus,
991 1321 1100 1361 idem
1133 1322 1227 1369 fuit,
1260 1323 1337 1362 sed
1370 1333 1517 1362 omnes

98 1387 271 1427 quoque
299 1376 515 1427 pugnandi
546 1377 790 1428 reciprocae
812 1377 929 1418 uices
958 1384 997 1418 et
1019 1378 1111 1429 ipsa
1133 1378 1391 1419 exercituum
1417 1379 1518 1418 duo-

96 1433 469 1475 rum'conssictatio
502 1434 765 1475 uaticinantis
799 1440 913 1476 motu
945 1441 1070 1486 atque
1102 1436 1242 1476 uerbis
1272 1446 1519 1487 repraesen-

99 1495 183 1532 tata
215 1495 293 1532 est.

723 1617 887 1658 xvffll.

96 1699 226 1737 Verba
251 1699 302 1736 M.
330 1699 518 1736 Varronis
550 1700 734 1737 memoria
766 1700 881 1749 digna
909 1713 955 1737 cx
986 1706 1134 1743 satura,
1169 1711 1265 1748 quae
1298 1701 1515 1738 inscribitur

626 1752 715 1807 περὶ
745 1750 978 1806 ἐδεσμάτων.

182 1867 274 1908 Non
295 1866 538 1917 paucissimi
563 1873 678 1915 sunt,
710 1867 749 1907 in
776 1880 883 1917 quos
916 1873 1057 1918 potest
1081 1866 1307 1910 conuenire
1334 1866 1376 1908 id
1401 1869 1548 1919 quod]

96 1923 153 1964 M.
172 1925 339 1966 Varro
363 1924 461 1965 dicit
481 1924 521 1964 in
544 1930 743 1972 satura,
767 1936 874 1975 quae
891 1924 1130 1965 inscribitur
1146 1922 1271 1978 περὶ
1294 1921 1518 1978 ἐδεσμά-

97 1992 222 2021 των.
282 1981 425 2022 Verba
457 1982 561 2022 haec
596 1987 712 2022 sunt:
751 1981 822 2030 Si,
870 1986 1111 2032 quantum
1148 1993 1344 2034 operae
1383 1987 1556 2023 sum-2

97 2037 288 2087 psisti,
342 2043 405 2078 ut
443 2043 566 2080 tuus
610 2039 786 2089 pistor
837 2039 1026 2080 bonum
1064 2041 1266 2080 faceret
1309 2050 1518 2089 panem,

99 2094 214 2135 eius
257 2095 627 2137 duodecimam
662 2095 1040 2147 philosophiae
1083 2097 1358 2144 dedisses,
1404 2095 1519 2147 ipse

98 2149 271 2192 bonus
308 2151 618 2203 iampridem
645 2164 795 2193 esses
833 2154 1021 2194 factus.
1083 2154 1222 2193 Nunc
1257 2153 1399 2193 illum
1434 2151 1519 2204 qui

99 2213 296 2249 norunt
347 2210 537 2251 uolunt
595 2221 770 2250 emere
812 2210 1022 2251 milibus
1068 2216 1301 2258 centum,
1344 2216 1397 2250 te
1435 2208 1519 2261 qui

98 2263 250 2307 nouit
280 2277 426 2308 nemo
463 2265 748 2307 centussis.
