<?xml version="1.0" encoding="UTF-8"?>
<!DOCTYPE html PUBLIC "-//W3C//DTD XHTML 1.0 Transitional//EN"
    "http://www.w3.org/TR/xhtml1/DTD/xhtml1-transitional.dtd">
<html xmlns="http://www.w3.org/1999/xhtml" xml:lang="en" lang="en">
 <head>
  <title>
</title>
<meta http-equiv="Content-Type" content="text/html;charset=utf-8" />
  <meta name='ocr-system' content='tesseract 3.04.00' />
  <meta name='ocr-capabilities' content='ocr_page ocr_carea ocr_par ocr_line ocrx_word'/>
</head>
<body>
  <div class='ocr_page' id='page_1' title='image "./agelliinoctivmat00gelluoft_0340.png"; bbox 0 0 1619 2476; ppageno 0'>
   <div class='ocr_carea' id='block_1_1' title="bbox 145 66 971 108">
    <p class='ocr_par' dir='ltr' id='par_1_1' title="bbox 145 66 971 108">
     <span class='ocr_line' id='line_1_1' title="bbox 145 66 971 108; baseline -0.002 0"><span class='ocrx_word' id='word_1_1' title='bbox 145 66 201 108; x_wconf 89' lang='lat'>54</span> <span class='ocrx_word' id='word_1_2' title='bbox 726 68 812 107; x_wconf 82' lang='lat' dir='ltr'>XII.</span> <span class='ocrx_word' id='word_1_3' title='bbox 845 78 889 106; x_wconf 88' lang='lat'>11.</span> <span class='ocrx_word' id='word_1_4' title='bbox 910 79 971 106; x_wconf 85' lang='lat'>111.</span> 
     </span>
    </p>
   </div>
   <div class='ocr_carea' id='block_1_2' title="bbox 84 179 1550 1402">
    <p class='ocr_par' dir='ltr' id='par_1_2' title="bbox 92 179 1550 614">
     <span class='ocr_line' id='line_1_2' title="bbox 92 179 1550 231; baseline -0.001 -9"><span class='ocrx_word' id='word_1_5' title='bbox 92 188 131 222; x_wconf 85' lang='lat' dir='ltr'>ll</span> <span class='ocrx_word' id='word_1_6' title='bbox 231 181 314 220; x_wconf 89' lang='lat' dir='ltr'>Sed</span> <span class='ocrx_word' id='word_1_7' title='bbox 343 180 422 219; x_wconf 89' lang='lat' dir='ltr'>iam</span> <span class='ocrx_word' id='word_1_8' title='bbox 447 180 672 219; x_wconf 86' lang='lat' dir='ltr'>uerborum</span> <span class='ocrx_word' id='word_1_9' title='bbox 703 180 933 219; x_wconf 82' lang='lat' dir='ltr'>Senecae</span> <span class='ocrx_word' id='word_1_10' title='bbox 963 180 1096 230; x_wconf 78' lang='lat' dir='ltr'>piget3</span> <span class='ocrx_word' id='word_1_11' title='bbox 1133 179 1235 220; x_wconf 89' lang='lat' dir='ltr'>haec</span> <span class='ocrx_word' id='word_1_12' title='bbox 1258 186 1396 220; x_wconf 87' lang='lat' dir='ltr'>tamen</span> <span class='ocrx_word' id='word_1_13' title='bbox 1423 179 1550 231; x_wconf 85' lang='lat' dir='ltr'>inepti</span> 
     </span>
     <span class='ocr_line' id='line_1_3' title="bbox 145 235 1548 286; baseline -0.001 -10"><span class='ocrx_word' id='word_1_14' title='bbox 145 242 185 276; x_wconf 89' lang='lat' dir='ltr'>et</span> <span class='ocrx_word' id='word_1_15' title='bbox 213 236 393 276; x_wconf 75' lang='lat' dir='ltr'>insubidi</span> <span class='ocrx_word' id='word_1_16' title='bbox 422 235 599 276; x_wconf 90' lang='lat' dir='ltr'>hominis</span> <span class='ocrx_word' id='word_1_17' title='bbox 630 235 724 275; x_wconf 90' lang='lat' dir='ltr'>ioca</span> <span class='ocrx_word' id='word_1_18' title='bbox 754 247 837 275; x_wconf 90' lang='lat' dir='ltr'>non</span> <span class='ocrx_word' id='word_1_19' title='bbox 867 236 1122 286; x_wconf 83' lang='lat' dir='ltr'>praeteribo:</span> <span class='ocrx_word' id='word_1_20' title='bbox 1166 237 1380 286; x_wconf 80' lang='lat' dir='ltr'>Quidam</span> <span class='ocrx_word' id='word_1_21' title='bbox 1410 241 1548 285; x_wconf 90' lang='lat' dir='ltr'>sunt,</span> 
     </span>
     <span class='ocr_line' id='line_1_4' title="bbox 142 291 1549 341; baseline 0 -10"><span class='ocrx_word' id='word_1_22' title='bbox 142 293 291 341; x_wconf 85' lang='lat' dir='ltr'>inquit,</span> <span class='ocrx_word' id='word_1_23' title='bbox 323 298 420 331; x_wconf 84' lang='lat' dir='ltr'>tam</span> <span class='ocrx_word' id='word_1_24' title='bbox 451 291 620 341; x_wconf 79' lang='lat' dir='ltr'>magni</span> <span class='ocrx_word' id='word_1_25' title='bbox 652 303 840 332; x_wconf 87' lang='lat' dir='ltr'>sensus</span> <span class='ocrx_word' id='word_1_26' title='bbox 873 292 918 341; x_wconf 79' lang='lat' dir='ltr'>Q.</span> <span class='ocrx_word' id='word_1_27' title='bbox 951 292 1119 339; x_wconf 90' lang='lat' dir='ltr'>Ennii,</span> <span class='ocrx_word' id='word_1_28' title='bbox 1152 298 1224 341; x_wconf 90' lang='lat' dir='ltr'>ut,</span> <span class='ocrx_word' id='word_1_29' title='bbox 1265 293 1393 333; x_wconf 90' lang='lat' dir='ltr'>licet</span> <span class='ocrx_word' id='word_1_30' title='bbox 1423 293 1549 333; x_wconf 86' lang='lat' dir='ltr'>scri-</span> 
     </span>
     <span class='ocr_line' id='line_1_5' title="bbox 141 348 1550 398; baseline 0.001 -11"><span class='ocrx_word' id='word_1_31' title='bbox 141 349 216 398; x_wconf 89' lang='lat' dir='ltr'>pti</span> <span class='ocrx_word' id='word_1_32' title='bbox 250 348 353 387; x_wconf 90' lang='lat' dir='ltr'>sint</span> <span class='ocrx_word' id='word_1_33' title='bbox 383 348 519 387; x_wconf 83' lang='lat' dir='ltr'>inter</span> <span class='ocrx_word' id='word_1_34' title='bbox 548 348 816 396; x_wconf 86' lang='lat' dir='ltr'>hircosos,</span> <span class='ocrx_word' id='word_1_35' title='bbox 855 349 1068 398; x_wconf 87' lang='lat' dir='ltr'>possint</span> <span class='ocrx_word' id='word_1_36' title='bbox 1098 354 1264 389; x_wconf 89' lang='lat' dir='ltr'>tamen</span> <span class='ocrx_word' id='word_1_37' title='bbox 1295 350 1433 389; x_wconf 86' lang='lat' dir='ltr'>inter</span> <span class='ocrx_word' id='word_1_38' title='bbox 1462 361 1550 388; x_wconf 87' lang='lat' dir='ltr'>un-</span> 
     </span>
     <span class='ocr_line' id='line_1_6' title="bbox 142 404 1549 455; baseline 0 -11"><span class='ocrx_word' id='word_1_39' title='bbox 142 410 419 454; x_wconf 80' lang='lat' dir='ltr'>guentatos</span> <span class='ocrx_word' id='word_1_40' title='bbox 441 406 676 455; x_wconf 84' lang='lat' dir='ltr'>placere;</span> <span class='ocrx_word' id='word_1_41' title='bbox 707 410 767 451; x_wconf 89' lang='lat' dir='ltr'>et,</span> <span class='ocrx_word' id='word_1_42' title='bbox 793 416 883 445; x_wconf 89' lang='lat' dir='ltr'>cum</span> <span class='ocrx_word' id='word_1_43' title='bbox 900 404 1240 455; x_wconf 86' lang='lat' dir='ltr'>reprehendisset</span> <span class='ocrx_word' id='word_1_44' title='bbox 1254 417 1423 454; x_wconf 86' lang='lat' dir='ltr'>uersus,</span> <span class='ocrx_word' id='word_1_45' title='bbox 1442 417 1549 455; x_wconf 89' lang='lat' dir='ltr'>quos</span> 
     </span>
     <span class='ocr_line' id='line_1_7' title="bbox 142 461 1549 511; baseline 0 -11"><span class='ocrx_word' id='word_1_46' title='bbox 142 472 269 511; x_wconf 88' lang='lat' dir='ltr'>supra</span> <span class='ocrx_word' id='word_1_47' title='bbox 300 462 350 500; x_wconf 90' lang='lat' dir='ltr'>de</span> <span class='ocrx_word' id='word_1_48' title='bbox 380 462 531 510; x_wconf 83' lang='lat' dir='ltr'>Cetego</span> <span class='ocrx_word' id='word_1_49' title='bbox 565 461 802 511; x_wconf 84' lang='lat' dir='ltr'>posuimus:</span> <span class='ocrx_word' id='word_1_50' title='bbox 851 461 935 511; x_wconf 90' lang='lat' dir='ltr'>qui</span> <span class='ocrx_word' id='word_1_51' title='bbox 971 462 1358 509; x_wconf 89' lang='lat' dir='ltr'>huiuscemodi,</span> <span class='ocrx_word' id='word_1_52' title='bbox 1404 461 1549 511; x_wconf 78' lang='lat' dir='ltr'>inquit,</span> 
     </span>
     <span class='ocr_line' id='line_1_8' title="bbox 141 517 1550 566; baseline 0.001 -10"><span class='ocrx_word' id='word_1_53' title='bbox 141 528 327 557; x_wconf 88' lang='lat' dir='ltr'>uersus</span> <span class='ocrx_word' id='word_1_54' title='bbox 367 523 555 565; x_wconf 87' lang='lat' dir='ltr'>amant,</span> <span class='ocrx_word' id='word_1_55' title='bbox 606 517 805 566; x_wconf 80' lang='lat' dir='ltr'>liqueat</span> <span class='ocrx_word' id='word_1_56' title='bbox 842 517 936 557; x_wconf 88' lang='lat' dir='ltr'>tibi</span> <span class='ocrx_word' id='word_1_57' title='bbox 973 519 1188 559; x_wconf 89' lang='lat' dir='ltr'>eosdem</span> <span class='ocrx_word' id='word_1_58' title='bbox 1226 517 1471 557; x_wconf 87' lang='lat' dir='ltr'>admirari</span> <span class='ocrx_word' id='word_1_59' title='bbox 1502 523 1550 557; x_wconf 84' lang='lat' dir='ltr'>et</span> 
     </span>
     <span class='ocr_line' id='line_1_9' title="bbox 143 574 584 614; baseline -0.005 0"><span class='ocrx_word' id='word_1_60' title='bbox 143 574 369 614; x_wconf 77' lang='lat' dir='ltr'>Soterici</span> <span class='ocrx_word' id='word_1_61' title='bbox 401 575 584 613; x_wconf 85' lang='lat' dir='ltr'>lectos.</span> 
     </span>
    </p>

    <p class='ocr_par' dir='ltr' id='par_1_3' title="bbox 88 630 1548 794">
     <span class='ocr_line' id='line_1_10' title="bbox 88 630 1548 680; baseline 0.002 -14"><span class='ocrx_word' id='word_1_62' title='bbox 88 633 130 666; x_wconf 79' lang='lat'>12</span> <span class='ocrx_word' id='word_1_63' title='bbox 227 630 382 680; x_wconf 82' lang='lat' dir='ltr'>Dignus</span> <span class='ocrx_word' id='word_1_64' title='bbox 409 641 509 670; x_wconf 89' lang='lat' dir='ltr'>sane</span> <span class='ocrx_word' id='word_1_65' title='bbox 534 630 731 669; x_wconf 87' lang='lat' dir='ltr'>Seneca</span> <span class='ocrx_word' id='word_1_66' title='bbox 762 630 951 670; x_wconf 85' lang='lat' dir='ltr'>uideatur</span> <span class='ocrx_word' id='word_1_67' title='bbox 980 631 1156 671; x_wconf 88' lang='lat' dir='ltr'>lectione</span> <span class='ocrx_word' id='word_1_68' title='bbox 1180 642 1227 670; x_wconf 86' lang='lat' dir='ltr'>ac</span> <span class='ocrx_word' id='word_1_69' title='bbox 1252 631 1388 671; x_wconf 90' lang='lat' dir='ltr'>studio</span> <span class='ocrx_word' id='word_1_70' title='bbox 1411 631 1548 670; x_wconf 86' lang='lat' dir='ltr'>adule-</span> 
     </span>
     <span class='ocr_line' id='line_1_11' title="bbox 142 686 1548 736; baseline 0.001 -11"><span class='ocrx_word' id='word_1_71' title='bbox 142 686 365 733; x_wconf 81' lang='lat' dir='ltr'>scentium,</span> <span class='ocrx_word' id='word_1_72' title='bbox 399 687 468 736; x_wconf 86' lang='lat' dir='ltr'>qui</span> <span class='ocrx_word' id='word_1_73' title='bbox 498 687 699 726; x_wconf 85' lang='lat' dir='ltr'>honorem</span> <span class='ocrx_word' id='word_1_74' title='bbox 732 689 1001 736; x_wconf 83' lang='lat' dir='ltr'>coloremque</span> <span class='ocrx_word' id='word_1_75' title='bbox 1023 687 1178 728; x_wconf 89' lang='lat' dir='ltr'>ueteris</span> <span class='ocrx_word' id='word_1_76' title='bbox 1205 686 1403 728; x_wconf 89' lang='lat' dir='ltr'>orationis</span> <span class='ocrx_word' id='word_1_77' title='bbox 1432 687 1548 727; x_wconf 85' lang='lat' dir='ltr'>Sote-</span> 
     </span>
     <span class='ocr_line' id='line_1_12' title="bbox 142 742 1548 794; baseline 0 -13"><span class='ocrx_word' id='word_1_78' title='bbox 142 743 214 782; x_wconf 85' lang='lat' dir='ltr'>rici</span> <span class='ocrx_word' id='word_1_79' title='bbox 250 743 364 782; x_wconf 87' lang='lat' dir='ltr'>lectis</span> <span class='ocrx_word' id='word_1_80' title='bbox 396 742 664 792; x_wconf 85' lang='lat' dir='ltr'>compararit,</span> <span class='ocrx_word' id='word_1_81' title='bbox 700 744 818 792; x_wconf 87' lang='lat' dir='ltr'>quasi</span> <span class='ocrx_word' id='word_1_82' title='bbox 843 743 1032 783; x_wconf 81' lang='lat' dir='ltr'>minimae</span> <span class='ocrx_word' id='word_1_83' title='bbox 1058 743 1215 784; x_wconf 88' lang='lat' dir='ltr'>scilicet</span> <span class='ocrx_word' id='word_1_84' title='bbox 1237 743 1393 794; x_wconf 83' lang='lat' dir='ltr'>gratiae</span> <span class='ocrx_word' id='word_1_85' title='bbox 1423 748 1463 782; x_wconf 90' lang='lat' dir='ltr'>et</span> <span class='ocrx_word' id='word_1_86' title='bbox 1488 753 1548 782; x_wconf 90' lang='lat' dir='ltr'>re-</span> 
     </span>
    </p>

    <p class='ocr_par' dir='ltr' id='par_1_4' title="bbox 85 799 1550 1076">
     <span class='ocr_line' id='line_1_13' title="bbox 85 799 1549 849; baseline -0.001 -11"><span class='ocrx_word' id='word_1_87' title='bbox 85 804 127 838; x_wconf 84' lang='lat'>13</span> <span class='ocrx_word' id='word_1_88' title='bbox 143 799 248 838; x_wconf 89' lang='lat' dir='ltr'>lictis</span> <span class='ocrx_word' id='word_1_89' title='bbox 279 800 359 838; x_wconf 83' lang='lat' dir='ltr'>iam</span> <span class='ocrx_word' id='word_1_90' title='bbox 392 799 738 849; x_wconf 83' lang='lat' dir='ltr'>contemptisque.</span> <span class='ocrx_word' id='word_1_91' title='bbox 799 799 959 839; x_wconf 82' lang='lat' dir='ltr'>Audias</span> <span class='ocrx_word' id='word_1_92' title='bbox 989 806 1126 840; x_wconf 90' lang='lat' dir='ltr'>tamen</span> <span class='ocrx_word' id='word_1_93' title='bbox 1158 799 1472 840; x_wconf 86' lang='lat' dir='ltr'>commemorari</span> <span class='ocrx_word' id='word_1_94' title='bbox 1501 809 1549 837; x_wconf 82' lang='lat' dir='ltr'>ac</span> 
     </span>
     <span class='ocr_line' id='line_1_14' title="bbox 140 855 1548 907; baseline -0.001 -13"><span class='ocrx_word' id='word_1_95' title='bbox 140 856 283 895; x_wconf 82' lang='lat' dir='ltr'>referri</span> <span class='ocrx_word' id='word_1_96' title='bbox 313 867 447 906; x_wconf 87' lang='lat' dir='ltr'>pauca</span> <span class='ocrx_word' id='word_1_97' title='bbox 475 856 700 905; x_wconf 80' lang='lat' dir='ltr'>quaedam,</span> <span class='ocrx_word' id='word_1_98' title='bbox 735 868 840 906; x_wconf 85' lang='lat' dir='ltr'>quae</span> <span class='ocrx_word' id='word_1_99' title='bbox 872 856 982 896; x_wconf 91' lang='lat' dir='ltr'>idem</span> <span class='ocrx_word' id='word_1_100' title='bbox 1009 856 1100 907; x_wconf 89' lang='lat' dir='ltr'>ipse</span> <span class='ocrx_word' id='word_1_101' title='bbox 1132 856 1328 897; x_wconf 82' lang='lat' dir='ltr'>Seneca</span> <span class='ocrx_word' id='word_1_102' title='bbox 1360 856 1467 896; x_wconf 85' lang='lat' dir='ltr'>bene</span> <span class='ocrx_word' id='word_1_103' title='bbox 1493 855 1548 894; x_wconf 92' lang='lat' dir='ltr'>di-</span> 
     </span>
     <span class='ocr_line' id='line_1_15' title="bbox 139 911 1550 962; baseline -0.001 -10"><span class='ocrx_word' id='word_1_104' title='bbox 139 912 265 959; x_wconf 81' lang='lat' dir='ltr'>xerit,</span> <span class='ocrx_word' id='word_1_105' title='bbox 294 914 414 962; x_wconf 90' lang='lat' dir='ltr'>quale</span> <span class='ocrx_word' id='word_1_106' title='bbox 446 918 510 952; x_wconf 88' lang='lat' dir='ltr'>est</span> <span class='ocrx_word' id='word_1_107' title='bbox 540 912 659 960; x_wconf 92' lang='lat' dir='ltr'>illud,</span> <span class='ocrx_word' id='word_1_108' title='bbox 693 914 806 961; x_wconf 89' lang='lat' dir='ltr'>quod</span> <span class='ocrx_word' id='word_1_109' title='bbox 830 912 870 952; x_wconf 93' lang='lat' dir='ltr'>in</span> <span class='ocrx_word' id='word_1_110' title='bbox 896 913 1104 953; x_wconf 90' lang='lat' dir='ltr'>hominem</span> <span class='ocrx_word' id='word_1_111' title='bbox 1124 921 1295 953; x_wconf 84' lang='lat' dir='ltr'>auarum</span> <span class='ocrx_word' id='word_1_112' title='bbox 1320 917 1362 952; x_wconf 87' lang='lat' dir='ltr'>et</span> <span class='ocrx_word' id='word_1_113' title='bbox 1383 911 1550 952; x_wconf 85' lang='lat' dir='ltr'>auidum</span> 
     </span>
     <span class='ocr_line' id='line_1_16' title="bbox 141 968 1548 1019; baseline -0.001 -11"><span class='ocrx_word' id='word_1_114' title='bbox 141 974 180 1008; x_wconf 87' lang='lat' dir='ltr'>et</span> <span class='ocrx_word' id='word_1_115' title='bbox 211 969 412 1019; x_wconf 85' lang='lat' dir='ltr'>pecuniae</span> <span class='ocrx_word' id='word_1_116' title='bbox 446 968 651 1008; x_wconf 88' lang='lat' dir='ltr'>sitientem</span> <span class='ocrx_word' id='word_1_117' title='bbox 684 969 802 1008; x_wconf 84' lang='lat' dir='ltr'>dixit:</span> <span class='ocrx_word' id='word_1_118' title='bbox 866 969 992 1019; x_wconf 77' lang='lat' dir='ltr'>Quid</span> <span class='ocrx_word' id='word_1_119' title='bbox 1031 969 1158 1009; x_wconf 89' lang='lat' dir='ltr'>enim</span> <span class='ocrx_word' id='word_1_120' title='bbox 1196 970 1357 1009; x_wconf 84' lang='lat' dir='ltr'>refert</span> <span class='ocrx_word' id='word_1_121' title='bbox 1393 979 1548 1018; x_wconf 87' lang='lat' dir='ltr'>quan-</span> 
     </span>
     <span class='ocr_line' id='line_1_17' title="bbox 140 1025 1548 1076; baseline -0.001 -12"><span class='ocrx_word' id='word_1_122' title='bbox 140 1031 240 1064; x_wconf 84' lang='lat' dir='ltr'>tum</span> <span class='ocrx_word' id='word_1_123' title='bbox 271 1026 497 1064; x_wconf 84' lang='lat' dir='ltr'>habeas?</span> <span class='ocrx_word' id='word_1_124' title='bbox 538 1027 697 1064; x_wconf 81' lang='lat' dir='ltr'>multo</span> <span class='ocrx_word' id='word_1_125' title='bbox 731 1025 864 1065; x_wconf 87' lang='lat' dir='ltr'>illud</span> <span class='ocrx_word' id='word_1_126' title='bbox 895 1027 1010 1076; x_wconf 89' lang='lat' dir='ltr'>plus</span> <span class='ocrx_word' id='word_1_127' title='bbox 1041 1031 1139 1073; x_wconf 90' lang='lat' dir='ltr'>est,</span> <span class='ocrx_word' id='word_1_128' title='bbox 1173 1026 1310 1076; x_wconf 88' lang='lat' dir='ltr'>quod</span> <span class='ocrx_word' id='word_1_129' title='bbox 1333 1037 1432 1066; x_wconf 91' lang='lat' dir='ltr'>non</span> <span class='ocrx_word' id='word_1_130' title='bbox 1463 1025 1548 1063; x_wconf 88' lang='lat' dir='ltr'>ha-</span> 
     </span>
    </p>

    <p class='ocr_par' dir='ltr' id='par_1_5' title="bbox 84 1081 1548 1402">
     <span class='ocr_line' id='line_1_18' title="bbox 84 1081 1548 1129; baseline 0.001 -11"><span class='ocrx_word' id='word_1_131' title='bbox 84 1081 243 1121; x_wconf 70' lang='lat' dir='ltr'>14bes.</span> <span class='ocrx_word' id='word_1_132' title='bbox 304 1083 473 1121; x_wconf 86' lang='lat' dir='ltr'>Benene</span> <span class='ocrx_word' id='word_1_133' title='bbox 504 1083 610 1121; x_wconf 83' lang='lat' dir='ltr'>hoc?</span> <span class='ocrx_word' id='word_1_134' title='bbox 641 1093 741 1120; x_wconf 90' lang='lat' dir='ltr'>sane</span> <span class='ocrx_word' id='word_1_135' title='bbox 769 1083 896 1129; x_wconf 85' lang='lat' dir='ltr'>bene;</span> <span class='ocrx_word' id='word_1_136' title='bbox 924 1083 1000 1122; x_wconf 89' lang='lat' dir='ltr'>sed</span> <span class='ocrx_word' id='word_1_137' title='bbox 1023 1082 1351 1122; x_wconf 86' lang='lat' dir='ltr'>adulescentium</span> <span class='ocrx_word' id='word_1_138' title='bbox 1366 1081 1548 1121; x_wconf 87' lang='lat' dir='ltr'>indolem</span> 
     </span>
     <span class='ocr_line' id='line_1_19' title="bbox 139 1137 1547 1188; baseline -0.001 -12"><span class='ocrx_word' id='word_1_139' title='bbox 139 1150 221 1177; x_wconf 88' lang='lat' dir='ltr'>non</span> <span class='ocrx_word' id='word_1_140' title='bbox 259 1144 342 1178; x_wconf 86' lang='lat' dir='ltr'>tam</span> <span class='ocrx_word' id='word_1_141' title='bbox 379 1138 541 1186; x_wconf 88' lang='lat' dir='ltr'>iuuant,</span> <span class='ocrx_word' id='word_1_142' title='bbox 590 1149 696 1187; x_wconf 87' lang='lat' dir='ltr'>quae</span> <span class='ocrx_word' id='word_1_143' title='bbox 733 1139 838 1178; x_wconf 85' lang='lat' dir='ltr'>bene</span> <span class='ocrx_word' id='word_1_144' title='bbox 882 1139 990 1178; x_wconf 89' lang='lat' dir='ltr'>dicta</span> <span class='ocrx_word' id='word_1_145' title='bbox 1029 1143 1147 1186; x_wconf 90' lang='lat' dir='ltr'>sunt,</span> <span class='ocrx_word' id='word_1_146' title='bbox 1196 1150 1320 1188; x_wconf 90' lang='lat' dir='ltr'>quam</span> <span class='ocrx_word' id='word_1_147' title='bbox 1348 1137 1547 1183; x_wconf 87' lang='lat' dir='ltr'>inficiunt,</span> 
     </span>
     <span class='ocr_line' id='line_1_20' title="bbox 140 1194 1547 1245; baseline -0.002 -11"><span class='ocrx_word' id='word_1_148' title='bbox 140 1206 245 1244; x_wconf 82' lang='lat' dir='ltr'>quae</span> <span class='ocrx_word' id='word_1_149' title='bbox 262 1194 519 1245; x_wconf 81' lang='lat' dir='ltr'>saepissime,</span> <span class='ocrx_word' id='word_1_150' title='bbox 539 1196 752 1244; x_wconf 88' lang='lat' dir='ltr'>multoque</span> <span class='ocrx_word' id='word_1_151' title='bbox 768 1200 883 1235; x_wconf 89' lang='lat' dir='ltr'>tanto</span> <span class='ocrx_word' id='word_1_152' title='bbox 904 1194 1047 1245; x_wconf 82' lang='lat' dir='ltr'>magis,</span> <span class='ocrx_word' id='word_1_153' title='bbox 1065 1194 1100 1234; x_wconf 91' lang='lat' dir='ltr'>si</span> <span class='ocrx_word' id='word_1_154' title='bbox 1118 1200 1159 1235; x_wconf 92' lang='lat' dir='ltr'>et</span> <span class='ocrx_word' id='word_1_155' title='bbox 1174 1196 1294 1245; x_wconf 88' lang='lat' dir='ltr'>plura</span> <span class='ocrx_word' id='word_1_156' title='bbox 1310 1199 1419 1241; x_wconf 87' lang='lat' dir='ltr'>sunt,</span> <span class='ocrx_word' id='word_1_157' title='bbox 1442 1203 1547 1243; x_wconf 91' lang='lat' dir='ltr'>quae</span> 
     </span>
     <span class='ocr_line' id='line_1_21' title="bbox 140 1251 1546 1301; baseline -0.001 -12"><span class='ocrx_word' id='word_1_158' title='bbox 140 1251 347 1292; x_wconf 81' lang='lat' dir='ltr'>deteriora</span> <span class='ocrx_word' id='word_1_159' title='bbox 379 1257 494 1298; x_wconf 89' lang='lat' dir='ltr'>sunt,</span> <span class='ocrx_word' id='word_1_160' title='bbox 536 1257 575 1290; x_wconf 87' lang='lat' dir='ltr'>et</span> <span class='ocrx_word' id='word_1_161' title='bbox 614 1252 817 1300; x_wconf 79' lang='lat' dir='ltr'>quaedam</span> <span class='ocrx_word' id='word_1_162' title='bbox 848 1252 887 1290; x_wconf 87' lang='lat' dir='ltr'>in</span> <span class='ocrx_word' id='word_1_163' title='bbox 922 1252 983 1291; x_wconf 90' lang='lat' dir='ltr'>his</span> <span class='ocrx_word' id='word_1_164' title='bbox 1015 1263 1098 1291; x_wconf 90' lang='lat' dir='ltr'>non</span> <span class='ocrx_word' id='word_1_165' title='bbox 1130 1263 1207 1301; x_wconf 90' lang='lat' dir='ltr'>pro</span> <span class='ocrx_word' id='word_1_166' title='bbox 1241 1251 1546 1300; x_wconf 85' lang='lat' dir='ltr'>enthymemate</span> 
     </span>
     <span class='ocr_line' id='line_1_22' title="bbox 139 1306 1546 1357; baseline -0.001 -12"><span class='ocrx_word' id='word_1_167' title='bbox 139 1306 276 1356; x_wconf 85' lang='lat' dir='ltr'>aliquo</span> <span class='ocrx_word' id='word_1_168' title='bbox 310 1308 368 1346; x_wconf 87' lang='lat' dir='ltr'>rei</span> <span class='ocrx_word' id='word_1_169' title='bbox 398 1319 551 1357; x_wconf 83' lang='lat' dir='ltr'>paruae</span> <span class='ocrx_word' id='word_1_170' title='bbox 585 1318 632 1345; x_wconf 87' lang='lat' dir='ltr'>ac</span> <span class='ocrx_word' id='word_1_171' title='bbox 663 1307 879 1357; x_wconf 86' lang='lat' dir='ltr'>simplicis,</span> <span class='ocrx_word' id='word_1_172' title='bbox 911 1308 987 1347; x_wconf 90' lang='lat' dir='ltr'>sed</span> <span class='ocrx_word' id='word_1_173' title='bbox 1017 1308 1057 1346; x_wconf 90' lang='lat' dir='ltr'>in</span> <span class='ocrx_word' id='word_1_174' title='bbox 1088 1319 1133 1346; x_wconf 89' lang='lat' dir='ltr'>re</span> <span class='ocrx_word' id='word_1_175' title='bbox 1158 1306 1324 1357; x_wconf 89' lang='lat' dir='ltr'>ancipiti</span> <span class='ocrx_word' id='word_1_176' title='bbox 1346 1317 1423 1356; x_wconf 91' lang='lat' dir='ltr'>pro</span> <span class='ocrx_word' id='word_1_177' title='bbox 1452 1316 1546 1344; x_wconf 92' lang='lat' dir='ltr'>con-</span> 
     </span>
     <span class='ocr_line' id='line_1_23' title="bbox 139 1363 462 1402; baseline 0.003 -1"><span class='ocrx_word' id='word_1_178' title='bbox 139 1363 228 1402; x_wconf 89' lang='lat' dir='ltr'>silio</span> <span class='ocrx_word' id='word_1_179' title='bbox 261 1364 462 1402; x_wconf 83' lang='lat' dir='ltr'>dicuntur.</span> 
     </span>
    </p>
   </div>
   <div class='ocr_carea' id='block_1_3' title="bbox 813 1475 878 1514">
    <p class='ocr_par' dir='ltr' id='par_1_6' title="bbox 813 1475 878 1514">
     <span class='ocr_line' id='line_1_24' title="bbox 813 1475 878 1514; baseline 0 0"><span class='ocrx_word' id='word_1_180' title='bbox 813 1475 878 1514; x_wconf 90' lang='lat'><em>111.</em></span> 
     </span>
    </p>
   </div>
   <div class='ocr_carea' id='block_1_4' title="bbox 138 1556 1546 1660">
    <p class='ocr_par' dir='ltr' id='par_1_7' title="bbox 138 1556 1546 1660">
     <span class='ocr_line' id='line_1_25' title="bbox 138 1556 1546 1604; baseline -0.002 -11"><span class='ocrx_word' id='word_1_181' title='bbox 138 1559 293 1594; x_wconf 77' lang='lat' dir='ltr'>Lictoris</span> <span class='ocrx_word' id='word_1_182' title='bbox 317 1558 540 1594; x_wconf 84' lang='lat' dir='ltr'>uocabulum</span> <span class='ocrx_word' id='word_1_183' title='bbox 564 1569 636 1604; x_wconf 83' lang='lat' dir='ltr'>qua</span> <span class='ocrx_word' id='word_1_184' title='bbox 661 1559 802 1594; x_wconf 82' lang='lat' dir='ltr'>ratione</span> <span class='ocrx_word' id='word_1_185' title='bbox 828 1561 1049 1604; x_wconf 83' lang='lat' dir='ltr'>conceptum</span> <span class='ocrx_word' id='word_1_186' title='bbox 1070 1561 1264 1603; x_wconf 83' lang='lat' dir='ltr'>ortumque</span> <span class='ocrx_word' id='word_1_187' title='bbox 1289 1556 1356 1599; x_wconf 84' lang='lat' dir='ltr'>sit3</span> <span class='ocrx_word' id='word_1_188' title='bbox 1381 1559 1418 1591; x_wconf 87' lang='lat' dir='ltr'>et</span> <span class='ocrx_word' id='word_1_189' title='bbox 1433 1565 1546 1601; x_wconf 84' lang='lat' dir='ltr'>super</span> 
     </span>
     <span class='ocr_line' id='line_1_26' title="bbox 299 1612 1378 1660; baseline -0.002 -11"><span class='ocrx_word' id='word_1_190' title='bbox 299 1626 342 1649; x_wconf 80' lang='lat' dir='ltr'>eo</span> <span class='ocrx_word' id='word_1_191' title='bbox 369 1614 543 1650; x_wconf 87' lang='lat' dir='ltr'>diuersae</span> <span class='ocrx_word' id='word_1_192' title='bbox 568 1616 773 1650; x_wconf 83' lang='lat' dir='ltr'>sententiae</span> <span class='ocrx_word' id='word_1_193' title='bbox 794 1615 906 1660; x_wconf 77' lang='lat' dir='ltr'>Valgi</span> <span class='ocrx_word' id='word_1_194' title='bbox 928 1613 1013 1650; x_wconf 88' lang='lat' dir='ltr'>Rufi</span> <span class='ocrx_word' id='word_1_195' title='bbox 1035 1618 1070 1649; x_wconf 85' lang='lat' dir='ltr'>et</span> <span class='ocrx_word' id='word_1_196' title='bbox 1091 1613 1200 1649; x_wconf 89' lang='lat' dir='ltr'>Tullii</span> <span class='ocrx_word' id='word_1_197' title='bbox 1217 1612 1378 1648; x_wconf 87' lang='lat' dir='ltr'>Tironis.</span> 
     </span>
    </p>
   </div>
   <div class='ocr_carea' id='block_1_5' title="bbox 97 1697 1578 2310">
    <p class='ocr_par' dir='ltr' id='par_1_8' title="bbox 101 1697 1547 2144">
     <span class='ocr_line' id='line_1_27' title="bbox 101 1697 1545 1751; baseline -0.003 -8"><span class='ocrx_word' id='word_1_198' title='bbox 101 1713 119 1745; x_wconf 94' lang='lat'>1</span> <span class='ocrx_word' id='word_1_199' title='bbox 200 1701 418 1751; x_wconf 80' lang='lat' dir='ltr'>Valgius</span> <span class='ocrx_word' id='word_1_200' title='bbox 450 1703 609 1741; x_wconf 87' lang='lat' dir='ltr'>Rufus</span> <span class='ocrx_word' id='word_1_201' title='bbox 642 1702 681 1741; x_wconf 89' lang='lat' dir='ltr'>in</span> <span class='ocrx_word' id='word_1_202' title='bbox 709 1702 938 1741; x_wconf 89' lang='lat' dir='ltr'>secundo</span> <span class='ocrx_word' id='word_1_203' title='bbox 971 1699 1238 1746; x_wconf 86' lang='lat' dir='ltr'>librorum,</span> <span class='ocrx_word' id='word_1_204' title='bbox 1271 1709 1378 1748; x_wconf 90' lang='lat' dir='ltr'>quos</span> <span class='ocrx_word' id='word_1_205' title='bbox 1403 1697 1545 1738; x_wconf 89' lang='lat' dir='ltr'>inscri-</span> 
     </span>
     <span class='ocr_line' id='line_1_28' title="bbox 135 1754 1546 1808; baseline -0.001 -12"><span class='ocrx_word' id='word_1_206' title='bbox 135 1759 217 1808; x_wconf 81' lang='lat' dir='ltr'>psit</span> <span class='ocrx_word' id='word_1_207' title='bbox 249 1759 306 1797; x_wconf 93' lang='lat' dir='ltr'>de</span> <span class='ocrx_word' id='word_1_208' title='bbox 339 1759 490 1798; x_wconf 86' lang='lat' dir='ltr'>rebus</span> <span class='ocrx_word' id='word_1_209' title='bbox 520 1770 611 1808; x_wconf 89' lang='lat' dir='ltr'>per</span> <span class='ocrx_word' id='word_1_210' title='bbox 642 1758 922 1808; x_wconf 82' lang='lat' dir='ltr'>epistulam</span> <span class='ocrx_word' id='word_1_211' title='bbox 946 1754 1223 1806; x_wconf 88' lang='lat' dir='ltr'>quaesitis,</span> <span class='ocrx_word' id='word_1_212' title='bbox 1252 1755 1546 1795; x_wconf 70' lang='lat' dir='ltr'>‘lictorem’di-</span> 
     </span>
     <span class='ocr_line' id='line_1_29' title="bbox 137 1810 1544 1865; baseline -0.002 -11"><span class='ocrx_word' id='word_1_213' title='bbox 137 1815 190 1854; x_wconf 89' lang='lat' dir='ltr'>cit</span> <span class='ocrx_word' id='word_1_214' title='bbox 221 1826 243 1854; x_wconf 92' lang='lat' dir='ltr'>a</span> <span class='ocrx_word' id='word_1_215' title='bbox 277 1814 491 1864; x_wconf 75' lang='lat' dir='ltr'>‘ligando’</span> <span class='ocrx_word' id='word_1_216' title='bbox 525 1816 776 1865; x_wconf 85' lang='lat' dir='ltr'>appellatum</span> <span class='ocrx_word' id='word_1_217' title='bbox 817 1825 930 1855; x_wconf 82' lang='lat' dir='ltr'>esse.</span> <span class='ocrx_word' id='word_1_218' title='bbox 974 1811 1108 1862; x_wconf 88' lang='lat' dir='ltr'>quod,</span> <span class='ocrx_word' id='word_1_219' title='bbox 1149 1821 1242 1849; x_wconf 88' lang='lat' dir='ltr'>cum</span> <span class='ocrx_word' id='word_1_220' title='bbox 1279 1810 1544 1860; x_wconf 86' lang='lat' dir='ltr'>magistratus</span> 
     </span>
     <span class='ocr_line' id='line_1_30' title="bbox 136 1866 1546 1921; baseline -0.001 -12"><span class='ocrx_word' id='word_1_221' title='bbox 136 1872 279 1921; x_wconf 84' lang='lat' dir='ltr'>populi</span> <span class='ocrx_word' id='word_1_222' title='bbox 310 1871 484 1911; x_wconf 87' lang='lat' dir='ltr'>Romani</span> <span class='ocrx_word' id='word_1_223' title='bbox 513 1871 640 1921; x_wconf 82' lang='lat' dir='ltr'>uirgis</span> <span class='ocrx_word' id='word_1_224' title='bbox 660 1870 892 1920; x_wconf 81' lang='lat' dir='ltr'>quempiam</span> <span class='ocrx_word' id='word_1_225' title='bbox 913 1866 1123 1909; x_wconf 85' lang='lat' dir='ltr'>uerberari</span> <span class='ocrx_word' id='word_1_226' title='bbox 1152 1866 1392 1915; x_wconf 88' lang='lat' dir='ltr'>iussissent,</span> <span class='ocrx_word' id='word_1_227' title='bbox 1409 1879 1546 1918; x_wconf 17' lang='lat' dir='ltr'>‘crura</span> 
     </span>
     <span class='ocr_line' id='line_1_31' title="bbox 135 1923 1546 1977; baseline -0.001 -11"><span class='ocrx_word' id='word_1_228' title='bbox 135 1927 223 1966; x_wconf 89' lang='lat' dir='ltr'>eius</span> <span class='ocrx_word' id='word_1_229' title='bbox 252 1933 293 1966; x_wconf 88' lang='lat' dir='ltr'>et</span> <span class='ocrx_word' id='word_1_230' title='bbox 317 1939 462 1966; x_wconf 88' lang='lat' dir='ltr'>manus</span> <span class='ocrx_word' id='word_1_231' title='bbox 490 1927 604 1977; x_wconf 82' lang='lat' dir='ltr'>ligari</span> <span class='ocrx_word' id='word_1_232' title='bbox 628 1927 857 1976; x_wconf 88' lang='lat' dir='ltr'>uincirique</span> <span class='ocrx_word' id='word_1_233' title='bbox 881 1938 904 1965; x_wconf 83' lang='lat' dir='ltr'>a</span> <span class='ocrx_word' id='word_1_234' title='bbox 933 1925 1092 1965; x_wconf 84' lang='lat' dir='ltr'>uiatore</span> <span class='ocrx_word' id='word_1_235' title='bbox 1117 1923 1238 1962; x_wconf 89' lang='lat' dir='ltr'>solita</span> <span class='ocrx_word' id='word_1_236' title='bbox 1262 1923 1363 1971; x_wconf 90' lang='lat' dir='ltr'>sint,</span> <span class='ocrx_word' id='word_1_237' title='bbox 1394 1923 1443 1973; x_wconf 90' lang='lat' dir='ltr'>is,</span> <span class='ocrx_word' id='word_1_238' title='bbox 1476 1924 1546 1974; x_wconf 88' lang='lat' dir='ltr'>qui</span> 
     </span>
     <span class='ocr_line' id='line_1_32' title="bbox 135 1980 1547 2032; baseline -0.001 -10"><span class='ocrx_word' id='word_1_239' title='bbox 135 1995 187 2022; x_wconf 84' lang='lat' dir='ltr'>ex</span> <span class='ocrx_word' id='word_1_240' title='bbox 221 1984 408 2032; x_wconf 79' lang='lat' dir='ltr'>conlegio</span> <span class='ocrx_word' id='word_1_241' title='bbox 441 1984 646 2024; x_wconf 86' lang='lat' dir='ltr'>uiatorum</span> <span class='ocrx_word' id='word_1_242' title='bbox 678 1983 860 2024; x_wconf 87' lang='lat' dir='ltr'>officium</span> <span class='ocrx_word' id='word_1_243' title='bbox 890 1980 1042 2032; x_wconf 86' lang='lat' dir='ltr'>ligandi</span> <span class='ocrx_word' id='word_1_244' title='bbox 1071 1980 1261 2027; x_wconf 85' lang='lat' dir='ltr'>haberet,</span> <span class='ocrx_word' id='word_1_245' title='bbox 1295 1980 1462 2020; x_wconf 79' lang='lat' dir='ltr'>‘lictor&#39;</span> <span class='ocrx_word' id='word_1_246' title='bbox 1494 1981 1547 2020; x_wconf 87' lang='lat' dir='ltr'>sit</span> 
     </span>
     <span class='ocr_line' id='line_1_33' title="bbox 135 2035 1544 2090; baseline -0.001 -13"><span class='ocrx_word' id='word_1_247' title='bbox 135 2041 387 2089; x_wconf 83' lang='lat' dir='ltr'>appellatus;</span> <span class='ocrx_word' id='word_1_248' title='bbox 419 2040 629 2090; x_wconf 87' lang='lat' dir='ltr'>utiturque</span> <span class='ocrx_word' id='word_1_249' title='bbox 658 2041 710 2079; x_wconf 89' lang='lat' dir='ltr'>ad</span> <span class='ocrx_word' id='word_1_250' title='bbox 732 2051 822 2079; x_wconf 86' lang='lat' dir='ltr'>eam</span> <span class='ocrx_word' id='word_1_251' title='bbox 847 2050 934 2078; x_wconf 89' lang='lat' dir='ltr'>rem</span> <span class='ocrx_word' id='word_1_252' title='bbox 960 2035 1196 2077; x_wconf 88' lang='lat' dir='ltr'>testimonio</span> <span class='ocrx_word' id='word_1_253' title='bbox 1219 2037 1273 2078; x_wconf 89' lang='lat' dir='ltr'>M.</span> <span class='ocrx_word' id='word_1_254' title='bbox 1298 2036 1431 2076; x_wconf 88' lang='lat' dir='ltr'>Tulli</span> <span class='ocrx_word' id='word_1_255' title='bbox 1454 2048 1544 2076; x_wconf 85' lang='lat' dir='ltr'>uer-</span> 
     </span>
     <span class='ocr_line' id='line_1_34' title="bbox 134 2092 1542 2144; baseline -0.001 -11"><span class='ocrx_word' id='word_1_256' title='bbox 134 2096 271 2144; x_wconf 84' lang='lat' dir='ltr'>baque</span> <span class='ocrx_word' id='word_1_257' title='bbox 310 2096 396 2135; x_wconf 88' lang='lat' dir='ltr'>eius</span> <span class='ocrx_word' id='word_1_258' title='bbox 436 2097 561 2135; x_wconf 81' lang='lat' dir='ltr'>refert</span> <span class='ocrx_word' id='word_1_259' title='bbox 601 2108 653 2136; x_wconf 89' lang='lat' dir='ltr'>ex</span> <span class='ocrx_word' id='word_1_260' title='bbox 693 2095 951 2142; x_wconf 87' lang='lat' dir='ltr'>oratione,</span> <span class='ocrx_word' id='word_1_261' title='bbox 999 2103 1105 2143; x_wconf 87' lang='lat' dir='ltr'>quae</span> <span class='ocrx_word' id='word_1_262' title='bbox 1136 2092 1245 2131; x_wconf 89' lang='lat' dir='ltr'>dicta</span> <span class='ocrx_word' id='word_1_263' title='bbox 1275 2098 1340 2133; x_wconf 90' lang='lat' dir='ltr'>est</span> <span class='ocrx_word' id='word_1_264' title='bbox 1377 2105 1466 2143; x_wconf 91' lang='lat' dir='ltr'>pro</span> <span class='ocrx_word' id='word_1_265' title='bbox 1500 2093 1542 2132; x_wconf 90' lang='lat' dir='ltr'>C.</span> 
     </span>
    </p>

    <p class='ocr_par' dir='ltr' id='par_1_9' title="bbox 101 2149 1578 2256">
     <span class='ocr_line' id='line_1_35' title="bbox 101 2149 1545 2202; baseline -0.001 -12"><span class='ocrx_word' id='word_1_266' title='bbox 101 2152 373 2192; x_wconf 80' lang='lat' dir='ltr'>2Rabirio:</span> <span class='ocrx_word' id='word_1_267' title='bbox 426 2151 621 2198; x_wconf 87' lang='lat' dir='ltr'>Lictor‚</span> <span class='ocrx_word' id='word_1_268' title='bbox 662 2152 813 2202; x_wconf 88' lang='lat' dir='ltr'>inquit,</span> <span class='ocrx_word' id='word_1_269' title='bbox 848 2150 1052 2200; x_wconf 82' lang='lat' dir='ltr'>conliga</span> <span class='ocrx_word' id='word_1_270' title='bbox 1089 2159 1280 2189; x_wconf 87' lang='lat' dir='ltr'>manus.</span> <span class='ocrx_word' id='word_1_271' title='bbox 1340 2150 1453 2189; x_wconf 85' lang='lat' dir='ltr'>Haec</span> <span class='ocrx_word' id='word_1_272' title='bbox 1488 2149 1545 2188; x_wconf 89' lang='lat' dir='ltr'>ita</span> 
     </span>
     <span class='ocr_line' id='line_1_36' title="bbox 134 2208 1578 2256; baseline 0 -12"><span class='ocrx_word' id='word_1_273' title='bbox 134 2208 361 2256; x_wconf 80' lang='lat' dir='ltr'>Valgius.</span> <span class='ocrx_word' id='word_1_274' title='bbox 1547 2221 1578 2239; x_wconf 78' lang='lat'>.-</span> 
     </span>
    </p>

    <p class='ocr_par' dir='ltr' id='par_1_10' title="bbox 97 2260 1540 2310">
     <span class='ocr_line' id='line_1_37' title="bbox 97 2260 1540 2310; baseline -0.002 -7"><span class='ocrx_word' id='word_1_275' title='bbox 97 2269 119 2303; x_wconf 84' lang='grc'>3</span> <span class='ocrx_word' id='word_1_276' title='bbox 218 2264 268 2301; x_wconf 80' lang='lat' dir='ltr'>Et</span> <span class='ocrx_word' id='word_1_277' title='bbox 292 2276 368 2303; x_wconf 85' lang='lat' dir='ltr'>nos</span> <span class='ocrx_word' id='word_1_278' title='bbox 389 2276 487 2304; x_wconf 87' lang='lat' dir='ltr'>sane</span> <span class='ocrx_word' id='word_1_279' title='bbox 505 2275 597 2304; x_wconf 87' lang='lat' dir='ltr'>cum</span> <span class='ocrx_word' id='word_1_280' title='bbox 621 2265 687 2304; x_wconf 91' lang='lat' dir='ltr'>illo</span> <span class='ocrx_word' id='word_1_281' title='bbox 715 2264 934 2310; x_wconf 89' lang='lat' dir='ltr'>sentimus;</span> <span class='ocrx_word' id='word_1_282' title='bbox 967 2262 1043 2302; x_wconf 91' lang='lat' dir='ltr'>sed</span> <span class='ocrx_word' id='word_1_283' title='bbox 1073 2260 1192 2300; x_wconf 88' lang='lat' dir='ltr'>Tiro</span> <span class='ocrx_word' id='word_1_284' title='bbox 1226 2260 1450 2309; x_wconf 91' lang='lat' dir='ltr'>Tullius,</span> <span class='ocrx_word' id='word_1_285' title='bbox 1482 2261 1540 2300; x_wconf 90' lang='lat' dir='ltr'>M.</span> 
     </span>
    </p>
   </div>
  </div>
 </body>
</html>
