1619 2476
141 48 225 90 216
635 47 722 85 VH.
742 47 849 94 (VI.)
881 56 940 84 111.
964 55 1042 84 1111.

812 158 877 197 ΙΙΙ.

218 243 384 279 Historia
402 247 550 288 sumpta
574 252 620 276 ex
638 241 740 276 libris
755 240 962 275 Tuberonis
986 239 1032 274 de
1050 244 1224 286 serpente
1246 240 1457 276 inuisitatae

715 295 977 343 longitudinis.

108 394 126 427 1
216 384 415 424 Tubero
436 382 482 421 in
504 382 747 422 historiis
766 381 965 431 scriptum
982 380 1157 431 reliquit,
1173 381 1282 420 bello
1296 380 1429 431 primo
1443 381 1544 421 Poe·

144 441 236 481 nico
252 440 420 479 Atilium
433 440 636 488 Regulum
655 440 867 478 consulem
883 438 923 476 in
939 437 1093 485 Africa,
1112 436 1258 478 castris
1273 438 1385 487 apud
1393 438 1546 486 Bagra-

145 499 238 537 dam
269 497 423 536 flumen
444 495 614 545 positis,
646 495 848 545 proelium
865 495 1022 544 grande
1047 499 1173 544 atque
1196 505 1292 533 acre
1309 493 1461 533 secisse
1477 493 1546 532 ad-

143 565 292 593 uersus
313 564 440 592 unum
459 557 694 602 serpentem
719 551 758 590 in
785 551 861 590 illis
891 551 993 590 locis
1013 551 1288 590 stabulantem
1312 549 1546 589 inuisitatae

144 609 392 649 inmanitatis
408 641 417 656 ,
461 620 639 658 eumque.
689 619 838 656 magna
871 607 995 646 totius
1036 607 1243 647 exercitus
1281 605 1547 646 conflictione

144 666 302 706 balistis
328 671 451 715 atque
475 663 692 713 catapultis
718 665 785 702 diu
811 669 1118 713 oppugnatum,
1142 665 1317 713 eiusque
1342 661 1546 701 interfecti

147 723 303 762 corium
326 723 494 770 longum
513 721 642 770 pedes
662 726 825 759 centum
841 726 881 759 et
902 720 1046 770 uiginti
1062 721 1235 760 Romam
1253 718 1432 759 misisse.

808 845 891 883 1111.

147 924 244 969 Quid
268 924 367 959 idem
395 924 541 960 Tubero
569 935 689 960 nouae
719 924 898 960 historiae
926 923 971 959 de
989 924 1102 960 Atilio
1121 923 1287 970 Regulo,
1317 934 1339 959 a
1357 922 1549 969 Carthagi-

202 982 398 1017 niensibus
416 985 537 1027 capto,
552 981 683 1016 litteris
702 980 957 1025 mandauerit;
977 980 1067 1027 quid
1083 981 1194 1016 etiam
1207 980 1418 1016 Tuditanus
1436 990 1550 1026 super

205 1038 338 1073 eodem
358 1037 503 1084 Regulo
528 1038 733 1083 scripserit.

112 1126 129 1158 1
229 1114 348 1164 Quod
369 1114 468 1154 satis
497 1114 659 1152 celebre
679 1118 742 1153 est
758 1114 810 1152 de
828 1113 953 1153 Atilio
972 1114 1132 1163 Regulo
1147 1146 1156 1161 ,
1177 1113 1220 1152 id
1236 1113 1473 1164 nuperrime
1492 1116 1549 1153 le-

147 1171 279 1220 gimus
295 1171 493 1220 scriptum
512 1170 551 1209 in
569 1171 599 1209 T
612 1183 637 1209 u
651 1170 675 1208 d
689 1169 760 1209 ita
772 1170 820 1208 ni
839 1170 973 1209 libris:
1006 1171 1212 1220 Regulum
1229 1175 1395 1220 captum
1415 1171 1467 1209 ad
1487 1182 1548 1217 ea,

148 1239 253 1277 quae
270 1227 310 1266 in
329 1233 475 1267 senatu
491 1228 647 1266 Romae
665 1226 766 1265 dixit
782 1227 977 1274 suadens,
994 1238 1045 1265 ne
1064 1226 1215 1276 captiui
1234 1238 1326 1266 cum
1344 1226 1550 1276 Carthagi-

147 1284 360 1323 niensibus
374 1288 718 1333 permutarentur‚
746 1283 787 1321 id
807 1294 975 1332 quoque
992 1282 1218 1330 addidisse,
1245 1294 1454 1322 uenenum
1471 1282 1550 1323 sibi

150 1340 507 1389 Carthaginienses
547 1338 729 1385 dedisse,
761 1350 844 1378 non
873 1339 1214 1388 praesentarium,
1247 1339 1323 1378 sed
1344 1339 1550 1379 eiusmodi

148 1396 262 1446 quod
277 1399 452 1435 mortem
469 1395 509 1433 in
528 1394 635 1433 diem
652 1395 871 1445 proferret,
886 1406 935 1434 eo
955 1394 1141 1443 consilio,
1153 1400 1198 1434 ut
1213 1394 1374 1435 uiueret
1384 1395 1550 1445 quidem

147 1452 350 1502 tantisper
369 1451 507 1501 quoad
524 1451 642 1490 fieret
659 1451 919 1500 permutatio,
932 1456 1030 1500 post
1047 1457 1196 1500 autem,
1216 1457 1436 1501 grassante
1457 1462 1550 1492 sen-

148 1509 224 1547 sim
246 1519 430 1555 ueneno,
462 1508 790 1546 contabesceret.

108 1572 130 1605 2
224 1565 625 1613 EundemRegulum
643 1565 842 1603 Tubero
867 1563 916 1602 in
942 1563 1190 1604 historiis
1207 1564 1370 1604 redisse
1389 1566 1551 1605 Cartha-

147 1621 282 1670 ginem
300 1620 507 1670 nouisque
525 1622 809 1670 exemplorum
827 1619 962 1660 modis
983 1621 1262 1661 excruciatum
1287 1632 1310 1660 a
1325 1622 1475 1661 Poenis
1493 1621 1551 1660 di-

110 1685 132 1718 3
149 1677 219 1716 cit:
258 1678 311 1716 In
344 1683 508 1724 atras,
542 1677 692 1725 inquit,
727 1682 776 1716 et
818 1677 1108 1726 profundas
1149 1678 1399 1717 tenebras
1440 1689 1550 1717 eum

149 1734 473 1773 claudebant
496 1744 552 1772 ac
578 1733 659 1772 diu
683 1745 744 1783 po
759 1738 827 1779 st,
852 1733 937 1772 ubi
961 1739 1070 1772 erat
1091 1733 1238 1773 uisus
1262 1735 1341 1773 sol
1367 1735 1550 1774 arden-

148 1790 410 1837 tissimus,
451 1795 670 1839 repente
706 1790 1007 1830 educebant
1036 1794 1084 1828 et
1113 1790 1374 1829 aduersus
1409 1790 1550 1831 ictus
1614 1809 1618 1815 »

149 1846 283 1886 solis
310 1845 612 1896 oppositum
637 1846 983 1885 continebant
1004 1850 1157 1895 atque
1189 1845 1470 1886 intendere
1501 1847 1549 1886 in

150 1904 347 1942 caelum
375 1904 560 1942 oculos
585 1903 859 1952 cogebant.
890 1903 1173 1952 Palpebras
1192 1914 1400 1952 quoque
1417 1903 1549 1950 eius,

150 1971 209 1998 ne
231 1959 486 1999 coniuere
510 1965 720 2008 posset,
739 1971 946 1998 sursum
968 1970 1022 1998 ac
1041 1960 1290 1998 deorsum
1307 1958 1550 1999 diductas

110 2023 132 2056 4
147 2015 196 2054 in
209 2017 367 2054 sueba
380 2021 441 2054 nt.
477 2015 764 2055 Tuditanus
795 2021 931 2055 autem
948 2026 1097 2055 somno
1125 2014 1193 2053 diu
1215 2014 1468 2065 prohibitum
1492 2020 1548 2054 at-

150 2083 230 2120 que
245 2071 302 2110 ita
310 2071 395 2111 uita
405 2072 610 2121 priuatum
627 2073 765 2118 refert,
777 2070 903 2121 idque
920 2071 989 2110 ubi
999 2072 1155 2111 Romae
1169 2071 1378 2120 cognitum
1389 2077 1466 2119 est,
1477 2083 1549 2111 no·

147 2127 372 2167 bilissimos
388 2129 622 2167 Poenorum
650 2128 839 2177 captiuos
857 2128 995 2167 liberis
1013 2127 1161 2176 Reguli
1179 2138 1203 2166 a
1219 2133 1367 2167 senatu
1384 2127 1549 2167 deditos

149 2188 189 2221 et
211 2184 260 2221 ab
285 2184 347 2222 his
365 2184 403 2222 in
427 2184 602 2224 armario
627 2184 850 2224 muricibus
867 2184 1054 2234 praefixo
1077 2183 1299 2223 destitutos
1316 2183 1548 2233 eademque

148 2238 354 2278 insomnia
372 2240 578 2279 cruciatos
597 2240 802 2280 interisse.
