1603 2508
733 30 784 70 X.
803 40 865 68 111.
1124 80 1127 82 v
1477 31 1503 70 5

90 143 544 192 Ardebantoculi‚
568 148 681 185 toto
709 155 771 183 ex
797 154 888 183 ore
917 142 1206 183 crudelitas
1230 142 1503 184 eminebat.

89 200 459 250 Expectabant
494 211 698 248 omnes,
727 211 825 250 quo
871 200 1080 239 tandem
1112 210 1504 250 progressurus

90 262 177 298 aut
219 257 468 308 quidnam
508 262 727 297 acturus
772 261 946 304 esset,
998 267 1104 296 cum
1151 262 1369 306 repente
1404 258 1505 299 ho-

90 313 275 354 minem
315 314 523 366 proripi
559 319 721 365 atque
756 313 810 353 in
857 314 972 354 soro
1011 312 1178 354 medio
1217 314 1403 354 nudari
1442 326 1504 354 ac

90 371 321 422 deligari
358 376 414 411 et
443 371 622 422 uirgas
664 369 906 421 expediri
941 370 1095 410 iubet.
1172 372 1255 410 Iam
1282 371 1386 410 haec
1423 377 1562 412 me-lo

89 427 184 468 dius
215 427 339 468 fidius
363 429 454 468 sola
483 428 634 468 uerba:
681 427 865 467 nudari
896 439 957 466 ac
990 427 1212 477 deligari
1245 432 1300 467 et
1327 427 1503 478 uirgas

89 484 334 536 expediri
369 485 516 525 iubet
559 484 660 524 tanti
697 489 834 524 motus
867 483 1140 533 horrorisque
1179 490 1297 533 sunt,
1344 489 1391 525 ut
1421 497 1504 526 non

89 541 267 590 narrari,
303 552 410 592 quae
427 547 546 592 gesta
567 546 684 589 sunt,
712 541 788 580 sed
810 552 896 580 rem
919 540 1008 591 geri
1026 552 1180 590 prosus
1198 541 1358 581 uideas.

179 632 445 673 Gracchus
466 638 603 673 autem
624 643 708 673 non
733 631 944 683 querentis
967 644 1104 682 neque
1127 632 1405 682 implorantis,
1430 635 1505 673 sed
1521 642 1561 677 11

89 688 315 729 nuntiantis
351 689 506 730 uicem:
554 691 731 740 palus,
775 688 926 739 inquit,
960 688 1013 728 in
1057 691 1172 730 soro
1213 689 1505 730 destitutus

90 751 198 795 est,
242 746 562 786 uestimenta
609 747 851 786 detracta
896 752 1041 794 sunt,
1092 746 1262 797 uirgis
1315 758 1504 787 caesus

89 807 184 843 est.
248 803 333 843 Sed
363 802 472 843 enim
493 803 547 843 M.
574 803 758 843 Cicero
792 804 1021 853 praeclare,
1057 815 1150 843 cum
1169 803 1322 843 diutina
1341 813 1560 854 reprae-li

89 859 347 908 sentatione,
380 872 464 900 non
500 863 667 900 ‘caesus
702 863 795 908 est’‚
829 860 924 900 sed:
970 861 1318 908 caedebatur,
1361 861 1504 911 inquit,

91 915 258 967 uirgis
288 916 342 956 in
373 917 544 956 medio
581 918 693 957 foro
731 918 1014 957 Messanae
1049 917 1181 957 ciuis
1213 918 1503 965 Romanus,

89 984 199 1013 cum
242 973 445 1013 interea
489 974 664 1013 nullus
710 973 961 1024 gemitus,
1015 975 1155 1014 nulla
1209 986 1310 1014 uox
1362 974 1504 1014 illius

89 1029 270 1070 miseri
327 1029 465 1069 inter
525 1031 757 1070 dolorem
818 1030 1181 1081 crepitumque
1239 1033 1504 1082 plagarum

89 1085 431 1135 audiebatur,
475 1086 574 1126 nisi
623 1087 776 1126 haec:
827 1087 996 1127 ‘ciuis
1037 1089 1295 1128 Romanus
1333 1089 1501 1128 suml'

87 1143 192 1183 Hac
240 1143 743 1184 commemoratione
785 1143 1026 1183 ciuitatis
1069 1144 1239 1184 onmia
1278 1145 1506 1184 uerbera

89 1200 445 1248 depulsurum
492 1200 889 1251 cruciatumque
926 1212 948 1238 a
996 1212 1224 1251 corpore
1259 1201 1506 1242 deiectu-

88 1267 194 1296 rum
217 1255 592 1296 arbitrabatur.
657 1257 1037 1308 Complorationem
1056 1258 1206 1298 deinde
1229 1264 1313 1297 tam
1330 1259 1506 1298 acerbae
1519 1262 1562 1297 13

88 1311 149 1352 rei
165 1316 206 1351 et
222 1311 365 1352 odium
381 1311 422 1352 in
434 1314 609 1352 Verrem
628 1314 1033 1364 detestationemque
1052 1321 1151 1364 aput
1169 1315 1271 1355 ciuis
1289 1316 1504 1356 Romanos

87 1368 266 1419 inpense
302 1373 428 1419 atque
452 1368 602 1409 acriter
633 1375 757 1420 atque
793 1370 1099 1411 inflammanter
1134 1372 1253 1425 facit,
1287 1383 1379 1412 cum
1401 1373 1505 1412 haec

89 1424 207 1465 dicit:
238 1425 269 1465 O
313 1437 502 1465 nomen
548 1427 699 1466 dulce
736 1427 1042 1467 libertatis!
1078 1440 1100 1469 o
1138 1429 1217 1469 ius
1261 1429 1505 1469 eximium

89 1487 305 1522 nostrae
342 1482 607 1523 ciuitatis!
658 1496 681 1523 o
719 1485 802 1524 lex
835 1485 1019 1525 Porcia
1061 1487 1320 1536 legesque
1360 1486 1504 1526 Sem-

87 1538 339 1589 proniae!
403 1551 426 1579 o
475 1540 705 1588 grauiter
750 1541 1056 1581 desiderata
1108 1548 1158 1581 et
1217 1542 1502 1592 aliquando

87 1595 300 1634 reddita
359 1596 505 1646 plebi
565 1598 827 1638 Romanae
888 1598 1171 1637 tribunitia
1228 1600 1501 1648 potestas!

87 1651 291 1691 Hucine
342 1653 550 1692 tandem
609 1653 739 1693 haec
792 1654 959 1694 omnia
1013 1655 1387 1704 recciderunt,
1444 1661 1504 1696 ut

89 1707 218 1748 ciuis
242 1709 506 1749 Romanus
541 1709 594 1749 in
626 1710 911 1760 prouincia
940 1712 1132 1761 populi
1159 1712 1404 1761 Romani,
1448 1712 1503 1751 in

89 1764 286 1815 oppido
309 1766 724 1815 foederatorum,
749 1768 806 1806 ab
831 1779 908 1815 eo,
937 1767 1019 1816 qui
1042 1768 1302 1810 beneficio
1324 1768 1504 1820 populi

87 1821 304 1861 Romani
348 1823 529 1862 fasces
573 1835 630 1863 ac
672 1835 890 1863 secures
933 1824 1177 1873 haberet,
1229 1826 1502 1876 deligatus

87 1876 142 1917 in
191 1879 310 1918 foro
354 1878 521 1928 uirgis
573 1881 925 1920 caederetur?
979 1881 1144 1930 Quid?
1200 1893 1308 1922 cuni
1350 1882 1502 1933 ignes

88 1934 454 1985 ardentesque
485 1937 759 1977 lamminae
798 1937 1074 1987 ceterique
1111 1939 1382 1979 cruciatus
1413 1941 1501 1979 ad-

88 1991 472 2041 monebantur,
512 1992 561 2032 si
591 1998 645 2033 te
685 1994 834 2034 illius
866 1995 1055 2033 acerba
1093 1994 1404 2045 imploratio
1449 2001 1507 2036 et

86 2058 192 2088 uox
231 2047 560 2089 miserabilis
602 2062 706 2090 non
745 2050 1009 2098 leniebat,
1057 2063 1123 2090 ne
1161 2051 1352 2091 ciuium
1387 2052 1502 2102 qui-

89 2103 593 2155 demRomanorum,
617 2107 823 2156 quitum
857 2108 1098 2155 aderant,
1132 2109 1261 2149 fletu
1283 2108 1501 2159 gemitu-

87 2171 184 2209 que
207 2160 428 2201 maximo
452 2164 888 2206 commouebare?
