1619 2476
140 70 222 110 140
742 67 831 106 XV.
864 77 934 106 xx.

794 178 884 219 XX.

137 263 273 300 Notata
296 262 482 309 quaedam
502 261 548 298 de
565 262 758 310 Euripidis
774 266 908 310 poetae
927 272 1087 309 genere,
1105 262 1183 299 uita
1195 291 1203 307 ,
1231 263 1399 300 moribus
1416 263 1538 310 deque

645 319 817 355 eiusdem
834 318 906 354 fine
925 319 1038 354 uitae.

101 413 118 445 1
221 405 253 444 Ε
265 417 291 444 u
302 404 343 444 ri
356 417 380 455 p
391 404 402 444 i
414 405 460 444 di
486 411 636 456 poetae
655 411 826 445 matrem
843 407 873 445 T
886 406 911 444 h
922 416 977 445 eo
988 417 1014 456 p
1028 416 1051 445 o
1063 416 1101 444 m
1112 417 1175 455 pu
1186 417 1206 445 s
1228 404 1409 456 agrestia
1426 407 1540 446 olera

99 467 118 499 2
137 461 388 501 uendentem
419 462 573 502 uictum
602 462 820 512 quaesisse
845 462 954 501 dicit.
1014 461 1123 501 Patri
1149 467 1286 502 autem
1310 461 1419 511 eius,
1441 467 1537 501 nato

134 516 217 565 illo,
244 528 497 568 responsum
515 524 579 558 est
603 531 625 557 a
652 518 880 566 Chaldaeis,
906 529 999 558 eum
1017 529 1207 570 puerum,
1224 529 1317 558 cum
1334 519 1538 559 adoleuis-

136 578 222 621 set,
252 573 456 614 uictorem
481 574 520 614 in
545 575 835 614 certaminibus
868 576 974 625 sore;
1009 573 1049 613 id
1068 574 1104 613 ei
1125 586 1256 625 puero
1278 576 1405 615 satum
1429 585 1537 615 esse.

100 635 122 670 3
137 630 258 668 Pater
273 629 587 681 interpretatus,
607 632 799 671 athletam
818 631 969 670 debere
993 642 1101 679 esse,
1124 632 1322 672 roborato
1342 631 1539 672 exercita-

134 690 264 735 toque
282 686 350 725 filii
368 687 431 726 sui
450 698 640 738 corpore,
661 688 890 738 Olympiam
910 692 1161 727 certaturum
1184 698 1277 728 eum
1291 688 1398 728 inter
1414 688 1538 728 athle-

134 746 198 781 tas
219 753 374 792 pueros
395 744 578 784 deduxit.
640 746 702 783 Ac
724 745 856 795 primo
878 744 1043 794 quidem
1063 744 1103 783 in
1128 749 1334 785 certamen
1357 755 1434 795 per
1458 755 1539 784 am-

134 797 299 848 biguam
323 805 500 839 aetatem
523 806 716 850 receptus
743 813 825 841 non
850 806 932 849 est,
964 805 1061 850 post
1081 801 1276 842 Eleusino
1310 806 1351 841 et
1375 801 1538 840 Theseo

96 861 117 893 4
136 855 359 895 certamine
376 857 578 906 pugnauit
606 862 645 896 et
677 863 902 898 coronatus
927 862 1004 897 est.
1065 858 1163 898 Mox
1180 868 1203 896 a
1227 856 1415 908 corporis
1441 868 1539 896 cura

135 911 186 949 ad
205 912 424 952 excolendi
448 913 570 952 animi
597 913 778 953 studium
808 919 1119 964 transgressus,
1142 913 1307 954 auditor
1331 913 1406 954 suit
1436 914 1539 964 phy-

134 966 207 1006 sici
236 971 592 1019 Anaxagorae
623 976 663 1009 et
692 971 904 1011 Prodici
933 969 1131 1018 rhetoris,
1162 970 1202 1010 in
1228 970 1373 1011 morali
1403 974 1538 1010 autern

134 1022 400 1075 philosophia
424 1026 673 1066 Socratis.
735 1027 1007 1077 Tragoediam
1038 1026 1221 1066 scribere
1248 1032 1371 1067 natus
1405 1037 1538 1066 annos

94 1087 113 1118 5
138 1079 423 1130 duodeuiginti
437 1083 609 1123 adortus
630 1088 706 1123 est.
736 1084 876 1123 Philo
892 1095 912 1123 c
926 1084 951 1122 h
964 1095 1084 1123 orus
1112 1084 1239 1123 refert
1254 1084 1293 1123 in
1314 1084 1450 1123 insula
1468 1082 1539 1122 Sa-

134 1136 281 1175 lamine
300 1139 540 1186 speluncam
558 1151 653 1179 esse
665 1145 837 1180 taetram
855 1145 895 1179 et
910 1139 1183 1188 horridam‚in
1196 1152 1277 1190 qua
1286 1138 1537 1190 scriptitarit.

97 1197 117 1230 6
224 1194 418 1234 Mulieres
444 1196 529 1235 sere
557 1207 703 1236 omnes
730 1197 770 1236 in
792 1196 992 1237 maiorem
1021 1197 1190 1236 modum
1223 1208 1381 1237 exosus
1410 1195 1539 1236 fuisse

135 1248 306 1298 dicitur,
339 1251 428 1290 siue
459 1254 572 1302 quod
604 1258 750 1292 natura
772 1253 986 1293 abhorruit
1011 1264 1034 1291 a
1056 1252 1272 1293 mulierum
1296 1257 1420 1293 coetu
1449 1251 1539 1291 siue

134 1305 248 1354 quod
277 1306 380 1346 duas
400 1308 520 1347 simul
543 1320 697 1348 uxores
725 1309 944 1355 habuerat,
978 1319 1070 1348 cum
1088 1308 1129 1347 id
1147 1309 1316 1348 decreto
1345 1309 1396 1347 ab
1413 1307 1538 1347 Athe-

132 1360 346 1402 niensibus
380 1364 487 1403 sacto
511 1364 574 1403 ius
608 1369 739 1412 esset,
773 1376 948 1414 quarum
978 1364 1224 1404 matrimonii
1252 1363 1536 1414 pertaedebat.

94 1420 114 1454 7
130 1416 230 1457 Eius
254 1418 336 1458 odii
368 1419 408 1458 in
441 1419 633 1460 mulieres
655 1420 833 1460 Aristo
844 1432 870 1470 p
884 1420 1043 1459 hanes
1076 1431 1245 1471 quoque
1273 1419 1456 1460 meminit
1482 1416 1504 1458 ε’
1511 1433 1537 1458 ν

132 1478 247 1521 ταῖς
264 1473 560 1528 προτέραις
579 1472 1181 1530 Θεσμοφοριαζούσαις,
1200 1477 1240 1517 in
1255 1476 1535 1517 hisuersibus:

187 1564 314 1604 Νῦν
341 1557 443 1605 οὖν
473 1560 783 1606 ἁπάσαισιν
807 1567 1060 1632 παραινῶ
1089 1565 1178 1607 καὶ
1200 1564 1372 1635 λέγω,

193 1621 408 1661 Τοῦτον
439 1619 678 1663 κολάσαι
714 1617 810 1663 τὸν
845 1617 1021 1677 ἄνδρα
1052 1623 1280 1664 πολλῶν
1307 1617 1537 1664 οὕνεκα

177 1671 373 1746 ’Ἁγηρια
408 1673 511 1745 γάρ
551 1674 709 1732 ἡμᾶς,
746 1693 780 1720 ω
818 1685 1104 1745 γυναῖκες,
1135 1679 1258 1747 δρᾷ
1268 1675 1429 1730 κακά,

180 1727 280 1773 'Av’
327 1732 383 1774 ἐν
418 1729 700 1789 ἀγρίοισ[ι]
732 1741 846 1785 τοῖς
888 1732 1155 1790 λαχάνοις
1193 1731 1370 1784 αὐτὸς
1402 1746 1538 1786 τρα-

1008 1794 1056 1833 εί

94 1855 442 1897 8Alexander
479 1862 617 1898 autem
647 1860 871 1899 Aetolus
915 1807 995 1899 hoqs²
1027 1808 1097 1898 dg
1102 1856 1348 1908 Euripide
1385 1857 1534 1898 uersus

137 1912 392 1962 composuit:

186 1971 232 2016 Ο
257 1972 299 2017 δ’
320 1973 700 2046 Ἀναξαγόρου
722 1977 1002 2049 τρόφιμος
1022 1979 1306 2032 (ΑΡ)χαιοῦ
1334 1989 1535 2032 στριφ-

561 2034 656 2084 νὸς
686 2034 784 2089 μὲν
807 2036 998 2101 ἔμοιγε
1027 2040 1383 2104 προσειπειν,

190 2088 294 2130 Καὶ
315 2090 745 2145 μισογέλως,καὶ
773 2089 1047 2142 τωθάζειν
1068 2086 1199 2132 οὐδὲ
1221 2086 1345 2146 παρ’
1374 2086 1530 2133 οἶνοι

561 2145 927 2217 μεμαθηκώς,

187 2198 316 2243 Ἀλλ’
347 2199 374 2244 ὅ
399 2219 447 2245 τι
473 2202 704 2258 γράψαι,
729 2200 877 2246 τουτ’
898 2219 962 2247 αν
987 2203 1211 2257 μέλιτος
1233 2202 1322 2246 καὶ
1345 2201 1535 2258 σειρή-
1570 2236 1600 2256 Π,

563 2275 671 2301 νων
702 2257 990 2314 ἐτετεύχει.
1593 2267 1598 2270 ⁴
