1603 2508
473 62 544 106 VI.
576 62 703 110 (VII.)
743 73 814 101 xx.
846 73 935 102 xxr.
968 73 1074 102 xx11.
1401 62 1483 105 211

0 142 10 162 'J
364 140 368 144 .

0 168 13 210 ἶ.
72 185 167 215 cum
183 174 324 215 dicere
346 174 552 216 ‘ebrioso'
569 180 719 226 posset
740 180 792 224 et,
817 177 932 226 quod
949 182 1038 216 erat
1058 176 1264 225 usitatius,
1284 178 1483 218 ‘acinum’

68 231 110 272 in
132 236 281 272 neutro
303 242 458 282 genere
482 233 717 283 appellare,
742 244 886 273 amans
907 238 1045 273 tamen
1079 233 1215 274 hiatus
1246 233 1353 274 illius
1379 235 1416 274 H
1431 247 1454 275 o
1469 258 1484 264 -

68 288 264 328 merici
294 288 566 338 suauitatem,
601 289 860 330 ‘ebriosam'
895 290 996 330 dixit
1025 296 1201 341 propter
1221 290 1482 341 insequentis

68 357 93 385 a
108 345 252 386 literae
271 350 534 386 concentum.
572 346 648 396 Qui
670 346 845 387 ‘ebrios’
865 352 1003 387 autem
1027 349 1055 388 C
1069 349 1301 388 atullum
1325 348 1484 389 dixisse

66 407 214 453 putant
246 408 317 442 aut
353 406 366 426 ‘
383 402 575 444 ebriosos
590 406 604 424 '
620 435 629 451 ,
669 416 764 443 nani
800 404 840 443 id
877 416 1049 454 quoque
1089 410 1247 444 temere
1282 405 1484 456 scriptum

66 459 295 508 inuenitur,
328 459 369 500 in
386 459 514 501 libros
536 459 694 501 scilicet
712 461 764 501 de
784 461 993 512 corruptis
1012 462 1322 512 exemplaribus
1348 463 1482 503 factos

65 516 313 557 inciderunt.

721 584 815 624 XXI
821 614 828 622 .

67 655 202 700 Quoad
216 656 318 691 uiuet
338 654 538 702 quoadque
561 657 753 699 morietur,
773 666 838 691 cur
857 654 893 691 id
912 656 1034 702 ipsum
1054 656 1234 703 temporis
1253 655 1480 702 significent,

380 723 465 749 cum
490 723 538 748 ex
559 712 707 749 duobus
732 713 806 748 sint
839 713 937 748 sacta
960 714 1175 749 contrariis.

150 800 314 849 ‘Quoad
335 800 478 849 uiuet',
499 812 592 841 cum
610 800 706 840 item
725 800 874 840 dicitur
897 800 1055 850 <quoad
1075 801 1306 848 morietur',
1336 801 1477 840 uiden-
1500 805 1516 838 1

63 862 130 896 tur
152 856 320 906 quidem
338 858 445 898 duae
466 869 534 898 res
560 857 639 897 dici
659 857 914 905 contrariae;
956 858 1030 897 sed
1062 856 1171 897 idem
1196 863 1322 907 atque
1349 869 1479 897 unum

63 919 227 964 tempus
244 920 422 965 utraque
439 916 569 955 uerba
584 916 886 954 demonstrant.
919 915 1018 954 Item
1043 925 1135 954 cum
1158 914 1478 964 dicitur‘quoad
1495 918 1517 952 2

63 976 234 1011 senatus
269 971 515 1012 habebitur'
546 978 586 1012 et
608 976 619 994 ‘
638 973 778 1021 quoad
805 977 976 1011 senatus
1000 971 1273 1019 dimittetur',
1312 971 1478 1011 tametsi

62 1027 240 1067 ‘haberi'
258 1033 385 1079 atque
404 1028 583 1068 ‘dimitti'
610 1028 816 1068 contraria
838 1034 953 1075 sunt,
982 1040 1106 1068 unum
1130 1034 1255 1078 atque
1275 1028 1317 1068 id
1338 1028 1477 1079 ipsum

61 1090 199 1125 tamen
217 1089 397 1135 utroque
415 1085 455 1125 in
478 1086 607 1125 uerbo
630 1085 876 1125 ostenditur.
909 1087 1116 1136 Tempora
1137 1085 1245 1125 enim
1275 1086 1357 1125 duo
1383 1096 1475 1124 cum
1492 1088 1515 1123 3

59 1141 169 1181 inter
191 1153 287 1181 sese
310 1142 506 1193 opposita
536 1148 633 1183 sunt
665 1148 790 1192 atque
818 1142 871 1182 ita
905 1143 1192 1190 cohaerentia,
1225 1148 1271 1182 ut
1306 1142 1475 1181 alterius

62 1198 158 1238 finis
177 1209 270 1238 cum
292 1198 461 1239 alterius
478 1199 592 1240 initio
618 1199 854 1239 misceatur.
875 1211 958 1239 non
986 1200 1125 1247 refert,
1157 1205 1295 1238 utrum
1315 1210 1391 1249 per
1408 1210 1476 1238 ex-

60 1254 310 1295 tremitatem
331 1255 484 1306 prioris
511 1267 563 1295 an
595 1268 670 1306 per
695 1256 851 1296 initium
875 1256 1090 1306 sequentis
1114 1258 1232 1297 locus
1265 1256 1355 1306 ipse
1380 1267 1476 1295 con-

54 1311 155 1352 finis
174 1312 498 1353 demonstretur.

702 1379 825 1419 xxii.

2 1488 5 1489 γ
62 1449 173 1495 Quod
197 1460 378 1487 censores
401 1460 538 1498 equum
575 1450 742 1487 adimere
776 1451 873 1486 soliti
906 1455 990 1487 sunt
1022 1451 1208 1498 equitibus
1243 1451 1474 1497 corpulentis

3 1499 14 1503 '⁷
119 1511 156 1544 et
175 1507 498 1555 praepinguibus3
529 1509 838 1555 quaesitumque,
859 1512 982 1543 utrum
1005 1519 1049 1544 ea
1073 1519 1133 1544 res
1160 1519 1244 1544 curn
1266 1508 1474 1555 ignominia

118 1575 166 1600 an
191 1563 367 1600 incolumi
386 1563 570 1612 dignitate
593 1565 758 1612 equitum
779 1566 877 1601 sacia
900 1565 960 1600 sit.

144 1651 272 1691 Nimis
290 1651 432 1702 pingui
455 1652 609 1692 homini
645 1659 685 1692 et
706 1654 952 1702 corpulento
978 1663 1179 1692 censores
1214 1662 1367 1701 equum
1390 1650 1472 1690 adi·
1491 1654 1511 1687 1

63 1719 175 1748 mere
207 1708 355 1749 solitos
388 1709 569 1758 scilicet,
603 1709 737 1750 minus
761 1709 958 1749 idoneum
981 1714 1094 1749 ratos
1128 1719 1225 1749 esse
1259 1718 1353 1747 cum
1376 1707 1473 1746 tanti

18 1775 21 1777 ’
61 1765 254 1816 corporis
285 1766 476 1816 pondere
507 1767 560 1806 ad
582 1766 816 1807 faciendum
850 1766 1001 1818 equitis
1024 1778 1189 1806 munus.
1247 1765 1338 1805 Non
1364 1764 1510 1803 enim2

30 1854 34 1855 ν
58 1833 200 1874 poena
222 1821 264 1862 id
285 1822 371 1872 suit,
389 1828 434 1864 ut
457 1824 627 1874 quidam
649 1823 898 1871 existimant,
922 1824 998 1863 sed
1019 1834 1169 1863 munus
1189 1821 1278 1862 sine
1299 1819 1471 1871 ignomi-

58 1878 127 1920 nia
143 1880 441 1921 remittebatur.
473 1882 626 1921 Tamen
650 1883 771 1922 Cato
794 1880 833 1920 in
858 1880 1059 1927 oratione,
1079 1891 1202 1930 quam
1220 1879 1245 1918 d
1259 1889 1280 1918 e
1305 1890 1325 1918 s
1339 1877 1470 1917 acri·
1491 1878 1515 1914 3

58 1936 182 1978 ficio
206 1937 487 1979 commisso
511 1938 701 1989 scripsit,
722 1937 861 1979 obiicit
878 1937 983 1977 hanc
1006 1948 1093 1976 rem
1112 1935 1389 1983 criminosius,
1411 1934 1470 1974 uti

59 1994 193 2045 magis
210 1994 344 2035 uideri
369 1995 506 2046 possit
531 2007 624 2035 cum
647 1994 872 2046 ignominia
895 1994 1038 2034 fuisse.
1087 1993 1206 2043 Quod
1230 1993 1263 2032 si
1287 1992 1343 2031 ita
1364 1991 1468 2031 acci·
1484 1991 1508 2026 4

60 2050 166 2102 pias,
186 2051 229 2091 id
250 2053 442 2103 profecto
469 2052 789 2093 existimandum
816 2056 892 2099 est,
915 2063 996 2091 non
1023 2050 1190 2090 omnino
1214 2050 1470 2099 inculpatum

0 2137 6 2164 ;-
58 2119 198 2159 neque
217 2107 450 2149 indesidem
465 2109 602 2150 uisum
619 2120 728 2158 esse,
748 2109 864 2149 cuius
884 2119 1038 2158 corpus
1056 2107 1094 2147 in
1115 2113 1199 2147 tam
1216 2104 1469 2147 inmodicum

0 2169 22 2206 i
59 2166 232 2206 modum
255 2166 511 2207 luxuriasset
532 2167 903 2215 exuberassetque.

1159 2333 1242 2375 14*
