1635 2492
2 0 154 126 {N
219 23 236 27 ²
291 11 300 15 ³
569 96 572 97 ⁷
666 15 758 84 ‘xx.
780 55 838 84 v1.
1380 44 1468 86 249

12 183 30 203 ;.
57 170 201 201 curam
223 157 378 198 uestri'
404 163 476 197 aut
500 157 728 198 ‘misereor
747 157 932 198 uestri’?
961 164 1001 198 et
1028 158 1107 197 iste
1136 169 1261 198 casus
1286 158 1464 198 ‘uestri’

17 232 19 234 >
58 216 166 258 eoin
182 216 277 256 loco
296 226 421 264 quem
442 214 658 254 uideretur
672 214 828 254 habere
853 226 998 256 casum
1014 216 1202 255 rectum?
1226 217 1265 255 Is
1282 215 1349 255 hic
1367 215 1464 255 mihi
1482 223 1506 257 2

56 273 114 314 ita
141 271 380 322 respondit=
412 271 658 322 ‘Quaeris’‚
686 271 839 322 inquit,
873 277 950 312 ‘ex
981 284 1069 319 me,
1101 272 1215 322 quod
1243 272 1340 311 mihi
1362 284 1466 322 quo-

0 325 13 337 *
58 341 141 381 que
165 333 231 369 est
248 328 405 369 iamdiu
429 328 470 368 in
491 333 697 379 perpetua
719 329 979 379 quaestione.
1041 329 1219 369 Videtur
1249 329 1358 368 enim
1379 341 1465 370 non

3 392 21 422 ⁷,
58 385 237 429 ‘uestri'
265 391 464 436 oportere
493 385 593 433 dici,
625 386 702 426 sed
725 390 978 435 ‘uestrum',
1003 386 1126 426 sicuti
1150 386 1297 426 Graeci
1322 388 1465 428 locun-

55 449 142 484 tur:
174 439 496 496 εἐπιμηιςλοῦμαι
526 437 703 494 ὑμῶν),
737 440 956 496 (κήδομαι
987 437 1167 496 ὑμῶν’,
1199 443 1239 482 in
1258 455 1341 493 quo
1367 444 1463 484 loco

57 494 235 553 ε’ὑμῶν’
259 499 396 550 aptius
428 502 664 540 ‘uestrum'
697 500 866 548 dicitur,
902 513 1026 550 quam
1058 499 1236 541 ‘uestri'
1271 506 1311 539 et
1339 500 1467 540 habet

57 569 201 598 casum
229 557 490 603 nominandi,
522 568 645 607 quem
676 562 719 596 tu
749 561 957 597 ‘rectum’
989 556 1229 608 appellasti,
1263 560 1460 606 [‘uos'].

54 614 226 656 Inuenio
262 617 442 662 tamen’,
471 613 620 664 inquit,
652 616 759 655 ‘non
782 615 928 665 paucis
953 614 994 654 in
1013 615 1116 655 locis
1136 614 1315 655 ‘nostri’
1336 615 1501 664 atque3

57 671 238 713 ‘uestri'
262 671 436 719 dictum,
469 682 551 711 non
575 674 817 711 ‘nostrum’
844 677 915 712 aut
932 675 1184 712 euestrum'.
1249 672 1293 710 L.
1317 671 1466 711 Sulla

56 740 227 768 rerum
269 732 541 778 gestarum
582 727 715 768 libro
760 730 1020 771 secundo:
1076 729 1180 778 Quo
1245 729 1287 768 si
1343 728 1466 768 fieri

56 789 258 837 potest,
289 789 344 824 ut
390 785 546 824 etiam
589 796 719 824 nunc
759 786 928 826 nostri
970 786 1123 826 uobis
1160 786 1207 825 in
1241 791 1465 825 mentem

58 841 256 890 ueniat,
286 853 502 895 ‘nosque
542 841 704 890 magis
746 842 936 892 dignos
979 843 1229 889 creditis,
1273 842 1464 892 quibus

58 898 285 947 ciuibus,
337 910 486 948 quam
539 899 813 947 hostibus,
863 900 1082 939 utamini
1128 900 1319 950 quique
1371 910 1462 950 pro

55 955 208 997 uobis
239 955 439 1006 potius,
481 967 631 1006 quam
673 963 858 997 contra
892 969 984 998 uos
1031 968 1346 1007 pugnemus,
1380 967 1464 995 ne-

0 1018 2 1020 ’
60 1023 156 1063 que
189 1016 378 1053 nostro
425 1024 599 1063 neque
638 1014 885 1054 maiorum
929 1021 1233 1055 nostrorum
1278 1012 1463 1053 merito

57 1068 209 1111 nobis
239 1069 290 1108 id
311 1070 637 1120 continget„
670 1070 1015 1111 Terentiusin
1040 1070 1373 1111 Phormione:
1482 1064 1506 1099 4

116 1150 190 1190 Ita
212 1148 451 1200 plerique
474 1149 688 1199 ingenio
713 1162 888 1190 sumus
913 1162 1114 1193 omnes,
1148 1149 1321 1191 nostri
1347 1160 1465 1190 nos·

882 1215 978 1248 met
1006 1207 1256 1258 paenitet.

57 1263 307 1304 Afranius
345 1264 384 1304 in
426 1271 626 1314 togata:
1483 1269 1504 1301 5

115 1329 306 1371 Nescio
331 1331 416 1382 qui
447 1330 619 1371 nostri
641 1328 915 1370 miseritus
941 1329 1154 1370 tandem
1177 1331 1319 1371 deus.

56 1412 110 1451 Et
132 1411 383 1452 Laberius
412 1411 452 1451 in
475 1411 870 1462 Necyomantia:
1484 1414 1505 1450 6

116 1479 238 1519 Dum
262 1477 467 1519 diutius
494 1477 780 1526 retinetur,
813 1479 984 1519 nostri
1020 1476 1217 1519 oblitus
1256 1484 1350 1519 est.

144 1557 344 1598 ‘Dubium
379 1561 549 1608 porro'‚
588 1558 739 1607 inquit,
780 1563 888 1599 ‘non
922 1565 1004 1606 est,
1047 1557 1145 1608 quin
1179 1559 1329 1599 eodem
1362 1559 1505 1598 haec'l

61 1614 201 1655 omnia
225 1625 326 1654 casu
344 1614 553 1654 dicantur:
586 1618 596 1636 ³
611 1615 745 1656 nostri
766 1615 918 1655 oblitus
943 1619 1030 1655 est’
1048 1647 1057 1661 ,
1085 1614 1245 1656 <nostri
1268 1614 1464 1655 misertus

0 1673 9 1727 ξ
60 1674 171 1719 est'‚
223 1683 305 1721 quo
349 1670 516 1711 dicitur:
553 1672 657 1711 ‘mei
695 1672 923 1721 paenitet’‚
968 1675 979 1693 ³
996 1671 1075 1711 mei
1113 1672 1306 1711 misertus
1351 1674 1463 1719 est’‚

0 1729 4 1759 ι’
61 1727 168 1768 ‘mei
200 1728 353 1768 oblitus
389 1730 491 1767 est'.
555 1728 683 1768 ‘Mei'
721 1735 858 1768 autem
897 1740 1021 1768 casus
1058 1727 1345 1778 interrogandi
1386 1730 1504 1776 est‚8

62 1794 186 1835 quem
209 1784 496 1834 ‘genetiuum’
522 1786 776 1835 grammatici
800 1792 972 1833 uocant,
1007 1789 1047 1825 et
1071 1785 1121 1824 ab
1147 1796 1196 1825 eo
1222 1785 1463 1832 declinatur,

62 1841 177 1891 quod
201 1846 268 1881 est
284 1844 294 1854 '
309 1844 436 1891 ego’3
466 1842 587 1882 huius
607 1842 758 1882 deinde
782 1842 1032 1892 pluratiuum
1061 1846 1126 1882 est
1148 1845 1291 1882 enos'.
1355 1841 1462 1881 ‘Tui'

62 1908 197 1948 aeque
213 1898 444 1938 declinatur
466 1899 517 1938 ab
541 1910 604 1947 eo,
629 1899 743 1948 quod
768 1905 831 1939 est
853 1903 945 1946 ‘tu';
977 1898 1099 1938 huius
1129 1898 1270 1938 itidem
1295 1897 1463 1948 plurati-

61 1965 161 1993 uum
184 1959 249 1994 est
273 1958 416 1995 ‘uos’.
461 1955 528 1995 Sic
553 1967 731 2005 namque
753 1957 968 1995 Plautus
994 1954 1216 1995 declinauit
1239 1954 1279 1994 in
1305 1956 1462 1994 Pseu·
1481 1957 1503 1993 9

3 2040 6 2041 ν
63 2010 184 2052 dulo
208 2010 249 2050 in
270 2011 386 2052 hisce
418 2013 630 2052 uersibus:

121 2090 175 2130 Si
197 2089 327 2130 exte
349 2095 564 2130 tacente
591 2088 942 2139 fieripossem
971 2090 1189 2138 certior,

120 2147 241 2194 Ere,
276 2145 403 2196 quae
425 2147 678 2187 miseriae
702 2146 749 2186 te
777 2153 875 2186 tam
897 2147 1088 2187 misere
1115 2145 1407 2194 macerent,

122 2201 344 2244 Duorum
367 2203 537 2244 labori
563 2215 656 2254 ego
681 2202 938 2245 hominum
959 2202 1254 2254 parsissem
1275 2203 1483 2244 lubens:

120 2259 222 2301 Mei
247 2257 295 2300 tel
315 2260 539 2311 rogandi
570 2266 617 2301 et
643 2260 765 2309 (tui)
787 2258 859 2300 tis
883 2257 1249 2311 respondendi
1274 2259 1406 2300 mihi.
