1619 2476
149 34 202 75 78
674 37 679 43 '
711 31 815 71 XIII.
843 41 959 70 x.x1.

817 142 868 181 X.

173 214 270 259 Quid
287 213 431 250 sororis
454 208 599 261 ἔτυμον
620 222 705 247 esse
728 211 862 247 dixerit
884 210 1008 246 Labeo
1026 210 1210 247 Antistius
1227 215 1264 247 et
1284 209 1374 257 quid
1397 209 1520 245 fratris

720 267 762 303 P.
783 265 970 313 Nigidius.

105 346 124 378 1
224 343 254 381 L
267 353 290 381 a
302 343 328 381 b
340 353 361 382 e
374 354 397 382 o
430 344 504 381 An
517 340 553 380 ti
565 340 694 382 stius
717 340 815 380 iuris
835 339 1001 389 quidem
1018 338 1147 379 ciuilis
1167 338 1425 390 disciplinam
1441 337 1549 388 prin-

147 398 266 448 cipali
299 398 435 438 studio
469 397 653 437 exercuit
683 402 721 436 et
753 396 1062 436 consulentibus
1095 396 1147 435 de
1175 394 1264 434 iure
1290 394 1454 445 publice
1487 405 1549 433 re·

147 454 416 504 sponsitauit‚
445 458 539 502 [set]
571 458 798 492 ceterarum
818 463 985 501 quoque
1001 452 1202 492 bonarum
1219 451 1366 490 artium
1381 461 1464 490 non
1482 461 1549 490 ex-

146 520 243 559 pers
275 510 350 549 fuit
386 515 427 549 et
464 509 504 548 in
545 508 852 559 grammaticam
889 519 984 547 sese
1024 512 1150 557 atque
1180 506 1438 547 dialecticam
1464 506 1549 545 lite-

146 577 299 615 rasque
332 565 587 615 antiquiores
623 564 875 613 altioresque
912 568 1204 613 penetrauerat
1230 563 1550 611 Latinarumque

146 632 299 661 uocum
331 621 511 670 origines
543 621 811 670 rationesque
846 621 1133 669 percalluerat,
1163 630 1296 668 eaque
1326 618 1549 668 praecipue

146 677 318 717 scientia
356 678 408 717 ad
447 678 692 717 enodandos
731 678 958 726 plerosque
997 675 1096 716 iuris
1136 676 1310 724 laqueos
1343 674 1547 713 utebatur.

145 733 249 773 Sunt
274 734 379 774 adeo
407 733 496 773 libri
519 738 618 782 post
647 737 821 772 mortem
850 731 938 771 eiu's
964 731 1079 780 editi,
1114 731 1183 780 qui
1215 730 1548 780 posteriores

143 788 445 841 inscribuntur,
494 800 670 839 quorum
701 788 900 828 librorum
931 793 1014 827 tres
1046 787 1248 834 continui,
1286 785 1548 826 tricensimus

145 850 318 885 octauus
338 851 377 885 et
400 844 662 885 tricensimus
688 855 824 883 nonus
843 849 883 883 et
901 843 1292 893 quadragensimus‚
1327 843 1439 892 pleni
1454 846 1550 881 sunt

143 902 186 940 id
209 912 339 950 genus
365 913 504 941 rerum
523 902 574 940 ad
602 901 873 940 enarrandam
897 906 937 939 et
959 899 1258 939 inlustrandam
1281 898 1459 948 linguam
1476 898 1550 936 La-

104 964 126 998 3
142 957 268 997 tinam
287 957 620 997 conducentium.
680 958 898 996 Praeterea
922 955 962 995 in
986 956 1156 1003 libris,
1189 966 1296 1004 quos
1319 956 1380 994 ad
1411 964 1549 1004 prae-

144 1013 282 1053 toris
312 1014 539 1053 edictum
570 1012 755 1060 scribsit,
788 1013 914 1051 inulta
938 1012 1079 1061 posuit
1101 1011 1248 1061 partim
1273 1010 1409 1060 lepide
1425 1016 1550 1059 atque

145 1074 291 1118 argute
321 1075 499 1120 reperta.
534 1069 662 1109 Sicuti
693 1069 773 1109 hoe
806 1073 888 1116 est,
922 1068 1034 1117 quod
1063 1067 1103 1106 in
1135 1072 1317 1116 quarto
1354 1066 1414 1106 ad
1444 1065 1549 1105 edi-

147 1131 282 1164 ctum
317 1125 455 1166 libro
485 1126 683 1174 scriptum
712 1124 905 1174 legimus:
969 1124 1151 1171 Soror,
1187 1122 1337 1172 inquit,
1370 1123 1548 1172 appel-

145 1182 247 1220 lata
294 1187 390 1229 est,
440 1182 573 1231 quod
613 1181 760 1230 quasi
792 1191 1036 1220 seorsum
1067 1178 1307 1219 nascitur
1336 1188 1549 1228 separa·

145 1242 328 1286 turque
358 1238 415 1276 ab
452 1248 509 1277 ea
536 1238 706 1284 domo,
750 1237 796 1275 in
830 1248 927 1286 qua
953 1241 1074 1275 nata
1101 1240 1198 1283 est,
1244 1240 1294 1274 et
1321 1234 1369 1273 in
1400 1233 1549 1272 aliam

143 1293 384 1332 familiam
414 1293 813 1342 transgreditur.

102 1351 126 1383 4
225 1348 410 1388 ‘Fratris'
438 1353 575 1388 autem
597 1349 847 1387 uocabulum
871 1348 913 1385 P.
939 1346 1194 1395 Nigidius,
1227 1346 1351 1385 homo
1372 1344 1547 1394 inpense

145 1404 313 1452 doctus,
348 1415 430 1444 non
462 1404 596 1443 minus
627 1408 772 1452 arguto
805 1402 1025 1451 subtilique
1057 1397 1202 1455 ἐτύμῳ
1234 1400 1546 1451 interpretatur:

143 1460 343 1508 Frater,
374 1460 526 1510 inquit,
559 1465 637 1499 est
665 1459 834 1498 dictus
868 1457 1021 1507 quasi
1054 1458 1158 1496 fere
1189 1458 1332 1496 alter.

830 1559 898 1599 Xl.

146 1632 262 1676 Quem
285 1631 336 1667 M.
353 1631 473 1666 Varro
493 1635 619 1677 aptum
636 1630 846 1675 iustumque
871 1640 954 1665 esse
985 1640 1177 1664 numerum
1209 1628 1454 1663 conquarum
1471 1627 1547 1662 cxi-

359 1688 537 1731 stimarit;
561 1697 603 1722 ac
623 1685 669 1722 de
688 1687 829 1721 mensis
848 1684 1026 1721 secundis
1048 1689 1083 1719 et
1100 1684 1146 1719 (le
1159 1684 1325 1719 bellaris.

108 1767 126 1800 1
227 1762 527 1812 Lepidissimus
554 1763 689 1802 liber
719 1768 783 1802 est
797 1762 852 1800 M.
871 1760 1122 1801 Varronis
1155 1772 1214 1799 ex
1244 1759 1425 1799 satiris
1446 1758 1547 1797 Me-

143 1819 374 1868 nippeis,
407 1819 477 1868 qui
503 1819 757 1859 inscribitur:
803 1818 982 1857 nescis
1013 1816 1130 1866 quid
1163 1827 1254 1855 ues
1270 1826 1362 1864 per
1391 1824 1546 1854 serus

143 1874 319 1923 uehat,
346 1875 386 1913 in
420 1887 502 1925 quo
528 1874 696 1915 disserit
726 1875 778 1912 de
809 1880 905 1924 apto
933 1872 1201 1913 conuiuarum
1219 1881 1390 1909 numero
1410 1870 1547 1918 deque

107 1935 128 1968 2
144 1930 275 1979 ipsius
294 1931 472 1971 conuiuii
490 1931 630 1970 habitu
648 1931 855 1979 cultuque.
887 1928 991 1969 Dicit
1007 1932 1142 1967 autem
1154 1959 1163 1976 ,
1189 1926 1458 1966 conuiuarum
1474 1935 1547 1963 nu-

145 1996 303 2026 merum
320 1987 502 2037 incipere
527 1991 722 2037 oportere
739 1997 763 2024 a
788 1985 1016 2025 Gratiarum
1033 1994 1204 2023 numero
1224 1987 1265 2021 et
1280 1980 1476 2031 progredi
1492 1980 1547 2019 ad

144 2043 376 2091 Musarum,
406 2043 449 2082 id
473 2048 538 2083 est
561 2042 771 2092 proficisci
802 2041 970 2081 atribus
998 2045 1038 2079 ct
1063 2039 1292 2079 consistere
1315 2038 1355 2076 in
1380 2047 1544 2083 nouem,

144 2104 211 2146 ut,
245 2110 335 2138 cum
354 2098 594 2149 paucissimi
611 2098 813 2138 conuiuae
841 2103 948 2144 sunt,
970 2107 1052 2136 non
1071 2093 1289 2145 pauciores
1310 2093 1403 2141 sint,
1422 2103 1545 2141 quam

106 2158 129 2193 3
144 2158 252 2202 tres,
287 2165 378 2194 cum
407 2154 591 2205 plurimi,
625 2165 707 2195 non
725 2155 887 2204 plures,
921 2163 1042 2201 quam
1068 2161 1230 2190 nouem.
1283 2150 1399 2189 Nam
1429 2147 1545 2186 mul-

104 739 124 772 w

145 2215 248 2258 tos,
286 2210 435 2259 inquit,
476 2221 597 2251 esse
631 2221 729 2249 non
770 2208 1037 2256 conuenit,
1084 2207 1220 2256 quod
1261 2205 1409 2245 turba
1437 2203 1546 2253 ple·
1588 2227 1613 2246 .-
