1603 2508
392 37 625 71 VARIETAS
648 37 886 72 LECTIONIS
912 37 1251 72 GRONOVIANAE.
1498 40 1565 73 XV

86 135 209 167 initum
235 150 281 156 —
307 142 374 175 quo
401 132 505 166 modo
528 151 576 155 —
601 133 689 166 intro
711 151 759 156 -
780 133 858 166 ierit
880 131 901 154 *
923 138 965 166 et·
981 143 1068 175 quae
1095 143 1133 166 eo
1161 134 1196 165 in
1222 151 1270 156 —
1293 139 1406 167 autem
1429 135 1563 168 interea

98 178 115 226 Η
160 180 296 213 XVIIII
327 179 350 213 9
379 185 464 222 post
498 180 647 213 iubeatis
678 180 761 214 add.
790 180 939 219 Quirites
965 187 1111 222 —post
1134 180 1226 213 filius
1252 181 1335 216 add.
1362 181 1429 214 sibi
1455 200 1503 205 —
1526 183 1561 215 in

84 237 124 261 eo
159 224 181 274 Η
217 226 262 261 12
286 227 544 271 adoptationem
581 226 598 271 Η
639 227 682 262 13
701 238 763 261 om.
792 229 903 270 inquit
940 224 956 273 Η
999 228 1042 261 16
1066 238 1109 261 ex
1136 238 1172 261 se
1197 246 1246 251 —
1266 226 1288 248 *
1310 239 1491 262 necessum
1529 227 1546 274 Η

15 310 20 315 ,
82 275 151 309 XX
175 273 197 297 *
223 274 328 308 fuerit
362 274 523 319 Capitoni
557 274 690 308 Sinnio.
738 272 757 321 Η
812 276 829 308 1
854 276 1012 319 stribligo
1039 294 1086 298 —
1113 276 1212 317 quasi
1234 276 1438 320 sterobiligo
1477 273 1498 322 Η
1538 279 1561 311 2

82 321 200 366 atque]
229 327 262 356 et
299 317 320 369 Η
358 321 381 356 6
402 332 556 365 unquam
581 323 733 356 dixerint
761 320 782 369 Η
816 324 836 356 7
862 323 991 357 Graeco
1008 323 1192 356 —Latino
1218 341 1266 347 —
1291 334 1354 360 om.
1380 323 1499 368 lingua
1530 321 1545 364 ΙΙ

81 370 167 404 XXI
195 370 212 403 l
241 371 374 404 amicus
397 380 495 404 meus
521 389 568 393 —
593 381 654 404 om.
679 369 700 391 *
726 369 900 414 fer[u]ens
925 389 973 394 —
999 370 1185 404 dicendum
1210 380 1279 403 non
1306 368 1324 415 Η
1362 372 1385 404 4
1415 371 1504 404 dixit
1529 369 1544 415 Η

81 419 104 452 5
128 418 368 452 auctoritatem
407 414 428 463 Η
479 419 500 451 7
534 417 590 450 Ad
625 428 712 460 quae
738 418 797 451 ille
839 416 854 463 Η
908 417 930 450 8
956 428 1038 450 casu
1064 424 1155 451 recto
1182 436 1231 441 -—
1257 423 1289 451 et
1314 428 1382 452 non
1408 437 1455 442 —
1481 428 1562 451 con-

81 466 198 499 sueuit
233 461 251 511 Η
285 464 308 499 9
333 490 342 506 ,
370 466 505 509 opinor,
531 466 666 508 positae
708 463 723 510 Η
766 464 808 499 13
834 464 880 509 et]
910 466 985 498 siue
1015 462 1030 510 Η
1073 467 1116 498 14
1142 465 1252 498 Huius
1275 484 1323 489 —
1348 466 1561 510 compluries

95 510 112 558 Η
153 512 199 547 16
222 518 303 555 post
325 513 366 546 Id
387 513 468 546 add.
491 522 628 554 quoque
653 531 699 536 —
722 511 743 533 *
765 523 827 547 om.
856 512 955 556 [iam]
994 508 1013 559 Η
1051 514 1092 546 17
1117 523 1206 546 sese.

174 557 464 604 V1.]V111.-1
491 560 534 593 de
557 560 594 592 P.
620 560 786 593 Africano
814 562 994 604 superiore
1024 571 1067 593 ex
1095 560 1278 593 annalibus
1310 567 1434 593 sumta.
1478 558 1495 608 Η
1539 562 1557 594 1

81 607 176 641 idem
209 607 253 640 de
284 607 322 640 P.
356 606 531 651 Scipionis
563 617 699 650 quoque
743 605 759 653 Η
810 607 831 641 3
861 609 1091 642 obdormisset
1122 626 1170 631 —-
1189 618 1249 643 om.
1280 618 1356 641 esse
1378 627 1426 632 —
1453 619 1558 653 gene-

80 656 197 688 ren'tur
225 672 274 678 —
298 660 384 696 pose
411 655 450 687 P.
477 655 561 688 add.
596 654 796 699 Scipionem
816 652 857 700 ἱΗ
905 656 926 689 6
953 656 1179 697 aedituosque
1220 654 1235 700 Η
1277 656 1316 689 11
1360 666 1422 689 om.
1452 667 1491 689 eo
1529 653 1547 701 Η

80 702 113 735 Π
136 701 157 736 3
180 702 374 735 masculino
400 713 528 747 genere
560 700 578 747 Η
619 704 641 736 4
660 709 741 745 post
766 713 905 747 genere,
933 704 1016 738 add.
1043 713 1100 736 cor
1128 701 1145 747 Η
1184 705 1204 737 5
1228 714 1289 736 om.
1319 701 1340 724 *
1365 702 1451 746 [me]
1484 702 1499 748 Η
1537 704 1561 738 6

79 749 163 783 dicit
204 747 220 796 Η
257 751 278 783 7
305 748 696 794 accepit—*aequale
720 760 778 784 cor
799 756 897 793 putat
922 751 1050 784 habere
1073 761 1127 783 me
1155 752 1198 784 ei.
1227 761 1329 793 quam
1368 748 1383 795 Η
1423 750 1446 784 9
1471 751 1561 785 hane

91 793 110 841 Η
153 797 197 831 10
222 798 314 831 enim
340 803 392 831 est
416 816 464 821 —
488 798 563 831 fore
590 808 763 832 summum
803 795 821 844 Η
862 799 899 831 11
930 797 1101 842 iunctura]
1127 793 1236 842 ῥαφῇ
1261 817 1308 821 -
1334 798 1504 831 referatur
1528 797 1543 844 Η

80 845 124 878 12
144 850 224 886 post
245 845 390 889 dignum
413 845 496 882 add.
521 850 573 879 est
610 842 625 891 Η
667 847 714 879 III
740 846 757 879 1
785 847 964 880 nobilitate
995 844 1011 891 Η
1054 848 1074 880 2
1095 852 1178 887 post
1199 856 1240 879 ea
1268 846 1350 879 add.
1380 845 1560 879 Rhodien-

78 892 128 925 sis
165 888 181 937 Η
232 893 252 926 7
275 902 334 925 eos
365 893 535 926 animatos
561 911 609 916 —
643 903 682 926 eo
712 893 782 926 illis
807 913 855 917 —
881 893 1068 935 infestique
1109 890 1126 938 Η
1170 894 1214 928 10
1241 900 1271 926 et
1300 894 1405 926 nimis
1434 912 1480 917 --
1507 895 1559 926 in-

77 939 180 984 genio
204 945 237 972 et.
262 940 392 973 iudicio
431 937 447 985 Η
489 940 530 973 11
555 950 658 982 quam
687 946 760 974 tum
792 941 850 975 ille
874 941 1097 985 reprehendit
1133 938 1150 986 Η
1197 942 1239 974 14
1266 951 1329 976 om.
1355 947 1456 983 atque
1479 947 1560 975 ante

77 986 280 1032 superbiam
301 1005 350 1011 —
372 985 393 1009 *
419 998 457 1020 se
481 988 622 1021 domant
661 985 676 1032 Η
717 989 759 1022 16
783 990 950 1033 scripturn
971 994 1041 1022 est:
1069 1007 1116 1012 —
1141 988 1160 1008 *
1188 990 1328 1028 uicisse,
1358 998 1426 1021 non
1448 1006 1495 1012 —
1520 989 1558 1021 id

77 1035 181 1068 modo
203 1053 251 1059 —
270 1040 353 1078 post
374 1045 587 1075 uereremur,
616 1036 700 1069 add.
726 1042 758 1069 et
786 1055 833 1060 —
860 1036 1043 1070 arbitratur
1084 1033 1099 1080 Η
1151 1037 1192 1068 17
1232 1034 1252 1056 *
1280 1035 1466 1079 quidquid]
1507 1035 1558 1075 id,

77 1082 171 1124 quod
211 1079 228 1127 Η
273 1081 317 1116 19
349 1093 408 1116 eos
437 1082 541 1116 simul
567 1084 675 1126 peric.
709 1101 757 1106 —-
787 1090 866 1126 post
892 1084 1133 1127 propitiandos
1157 1084 1239 1118 add.
1265 1083 1490 1116 laudabiliter
1517 1093 1557 1115 ao

91 1126 109 1175 Η
146 1128 191 1163 20
215 1129 416 1163 huiusmodi
457 1127 473 1175 Η
514 1130 557 1162 21
586 1130 809 1174 periculaque
840 1129 857 1175 Η
898 1133 942 1164 22
969 1133 1126 1164 nationes
1149 1131 1305 1164 uoluisse
1333 1127 1349 1175 Η
1393 1132 1438 1164 24
1465 1130 1558 1164 Rho—

78 1176 217 1210 dienses
241 1177 395 1210 noluisse
418 1194 466 1200 ——
488 1187 571 1210 suae
598 1178 772 1221 opinionis
811 1176 826 1223 Η
867 1179 911 1212 25
935 1185 966 1211 et
989 1178 1155 1222 religiose
1186 1175 1201 1223 Η
1244 1178 1290 1212 26
1317 1183 1412 1211 tanta
1438 1187 1501 1211 nos
1526 1175 1543 1223 l]

76 1224 123 1258 27
143 1233 207 1257 nos
233 1233 302 1257 non
335 1222 351 1269 Η
393 1223 438 1258 28
464 1224 569 1258 Recte
591 1243 639 1248 —
665 1225 848 1258 consilium
872 1226 914 1258 de
942 1235 1025 1259 nece
1053 1226 1127 1258 eius
1153 1246 1201 1251 —
1227 1225 1244 1243 ¹*
1267 1235 1330 1259 om.
1360 1225 1404 1259 ad
1421 1224 1492 1269 [eo]
1511 1244 1559 1249 —

77 1264 217 1314 χρόνος
243 1268 370 1314 δῆθεν
396 1269 540 1314 παρῆν.
566 1269 583 1315 ’J
617 1271 663 1306 30
690 1272 873 1306 differendi
901 1272 956 1305 uel
983 1274 1086 1306 etiam
1107 1273 1173 1306 ulc.
1196 1291 1243 1296 —
1269 1283 1331 1306 om.
1350 1298 1357 1311 ‚
1388 1279 1420 1306 et
1454 1269 1475 1319 Η
1511 1272 1557 1307 32

77 1319 339 1363 circumscripta
369 1316 385 1364 Η
427 1318 473 1353 33
494 1325 577 1361 post
601 1320 866 1354 mansuetudine
891 1321 974 1353 add.
1004 1330 1173 1364 occupare
1196 1339 1243 1344 —-
1268 1318 1352 1363 iam]
1383 1321 1487 1353 etiam
1526 1318 1544 1367 Η

76 1364 124 1400 34
147 1365 234 1406 eius,
261 1365 279 1384 ²*
296 1366 409 1408 qualis
433 1366 499 1401 fuit
529 1364 546 1413 Η
575 1367 620 1401 35
641 1377 703 1400 nec
732 1369 873 1411 negauit
894 1386 940 1391 —
957 1366 1034 1411 sed]
1053 1374 1084 1401 et
1114 1365 1129 1412 Η
1159 1367 1203 1402 36
1221 1367 1294 1400 *Et
1317 1369 1393 1409 quis
1416 1368 1557 1402 tandem

77 1418 129 1447 est
153 1418 320 1455 nostrum,
349 1414 408 1455 qui
435 1414 529 1456 quod
551 1415 595 1449 ad
620 1424 697 1447 sese
721 1415 840 1447 attinet
861 1433 908 1438 —
931 1416 1129 1458 quempiam
1145 1425 1277 1459 poenas
1295 1413 1310 1459 Η
1338 1414 1415 1449 37*
1431 1415 1555 1460 ecqua]

76 1466 110 1494 et
147 1470 243 1502 quae-
268 1478 316 1484 —
343 1486 351 1501 ,
371 1460 501 1505 minus]
537 1463 669 1494 nummi
698 1479 746 1485 —-
780 1462 897 1495 damni
922 1481 970 1485 —
1002 1463 1113 1503 Atque
1143 1464 1159 1508 Η
1196 1462 1241 1497 38
1264 1462 1558 1496 Rhodiensibus*

75 1507 167 1541 male
194 1508 279 1548 erit,
311 1518 379 1541 non
407 1509 499 1550 quod
523 1509 613 1542 male
643 1506 658 1553 Η
688 1508 732 1543 39
756 1508 773 1527 *
790 1515 826 1542 ut
849 1509 919 1552 qui]
947 1517 978 1543 et
1005 1511 1034 1542 si
1062 1506 1080 1553 Η
1109 1511 1155 1544 40
1173 1510 1339 1543 *colonis
1369 1507 1384 1555 Η
1415 1509 1462 1544 43
1487 1520 1556 1544 non

75 1555 192 1589 minus
219 1555 349 1600 frigide
369 1565 453 1589 sane
480 1566 583 1598 quam
610 1557 760 1590 inaniter
788 1553 804 1601 Η
833 1559 878 1591 45
889 1563 968 1599 post
980 1556 1162 1601 praefinito
1191 1558 1274 1591 add.
1297 1563 1355 1590 aut
1383 1558 1556 1592 eiusmodi

76 1602 193 1644 aliquo
225 1599 241 1649 Η
268 1602 315 1636 46
338 1608 390 1636 est
412 1602 499 1644 fieri,
525 1614 589 1647 per
615 1603 711 1647 leges
738 1605 878 1646 quidem
914 1603 932 1649 Η
961 1605 1006 1637 47
1027 1604 1154 1647 tamen]
1185 1610 1300 1638 autem
1341 1601 1349 1650 Ι
1389 1605 1434 1639 50
1461 1605 1505 1648 et]
1537 1616 1556 1638 a

75 1667 124 1673 —
149 1649 168 1668 *
185 1659 249 1683 nos
270 1667 318 1673 --
339 1649 434 1683 *nos
465 1648 481 1696 Η
512 1652 556 1685 52
582 1651 687 1684 nimis
712 1652 885 1694 nimisque
910 1670 957 1675 —-
982 1662 1072 1685 nunc
1099 1654 1203 1685 etiam
1231 1653 1331 1694 quasi
1371 1649 1376 1696 Ι
1406 1651 1450 1686 53
1473 1658 1556 1695 post

75 1697 364 1740 numerosiusque
391 1698 475 1731 add.
504 1708 544 1731 ac
567 1700 739 1742 comptius
764 1717 812 1722 —
836 1704 1021 1743 potuerunt
1053 1697 1069 1744 Η
1100 1701 1145 1733 54
1164 1704 1243 1741 post
1258 1699 1455 1732 uoluntates
1470 1700 1553 1733 add.

74 1747 208 1778 tantum
236 1741 253 1790 Η
281 1745 327 1779 55
340 1745 508 1789 respondi
523 1746 844 1780 modo—Catonis
868 1752 973 1779 totam
1002 1744 1019 1792 Η
1048 1747 1150 1780 11112
1167 1747 1429 1780 huiusmodi—
1445 1747 1556 1789 quod-

14 1823 19 1826 .
75 1801 157 1824 nam
185 1788 202 1837 Η
229 1793 253 1825 4
281 1792 425 1826 rationis
455 1792 558 1826 huius
596 1790 611 1838 Η
653 1794 673 1827 5
700 1804 761 1829 om.
791 1794 837 1826 M.
866 1812 913 1817 —
937 1793 1019 1827 Cato
1048 1803 1184 1836 quoque
1214 1790 1230 1839 Η
1266 1794 1298 1826 V
1324 1795 1347 1826 4
1373 1793 1553 1837 quoniam]

28 1875 31 1877 ,
77 1848 184 1880 quum
214 1835 230 1885 Η
267 1838 290 1873 6
312 1840 387 1873 eius
411 1841 470 1882 qui
497 1850 560 1884 per
585 1841 658 1874 uim
685 1842 874 1875 exstinctus
901 1842 1129 1874 existimatur.
1156 1851 1218 1875 om.
1243 1840 1260 1859 ¹*
1287 1843 1353 1876 lac.
1381 1842 1481 1874 indic.
1523 1839 1539 1885 Η

76 1887 98 1918 7
126 1895 147 1918 a
171 1895 246 1929 sep.
278 1883 284 1931 Ι
323 1887 412 1920 VII
442 1888 539 1920 inora
562 1888 755 1921 inauritaue
783 1885 799 1933 Η
829 1889 1051 1922 ἳονη.ιι11υιῃ
1081 1886 1097 1933 Η
1128 1884 1227 1922 3καὶ
1242 1886 1435 1931 γεῦσιν-
1452 1885 1554 1930 πλὴν

6 1940 27 1976 ᾗ,
77 1925 142 1965 ἐπὶ
167 1931 246 1966 ταῖν
276 1931 393 1977 ατελῆ
420 1929 539 1974 ζώων.
585 1933 590 1980 1
620 1935 726 1969 V113
755 1936 863 1969 Potin'
894 1947 930 1970 es
952 1955 1000 1959 —
1023 1935 1026 1979 Ι
1051 1936 1208 1968 Aliorum
1236 1941 1287 1969 est
1313 1936 1506 1969 affatim—
1529 1935 1534 1980 Ι

75 1979 131 2014 Me
156 1981 237 2014 uolo
260 1999 308 2005 —
333 1979 571 2027 perhiberier}
611 1984 633 2015 4
652 1984 816 2016 orationis
838 1990 954 2027 partes
972 1982 990 2027 Η
1020 1983 1041 2017 6
1067 1993 1129 2016 om.
1148 1984 1333 2025 si—post
1345 1983 1554 2026 particulam

76 2027 160 2063 add.
191 2028 236 2062 ad
250 2025 272 2074 Η
303 2028 324 2061 7
346 2028 402 2062 his
427 2030 463 2062 in
488 2029 605 2063 uerbis
633 2030 722 2064 dem.
743 2027 758 2075 Η
788 2030 810 2064 9
832 2028 950 2076 mihil}
984 2030 1022 2063 11
1041 2031 1092 2063 Ibi
1113 2028 1294 2084 denique5ll
1328 2030 1372 2064 12
1388 2030 1507 2064 debuit
1523 2027 1539 2074 Η

12 2066 18 2110 s
76 2073 160 2108 VIII
173 2075 195 2109 2
217 2080 297 2117 post
316 2075 578 2120 flagrantissimi
602 2078 682 2110 add.
698 2078 838 2120 quidam
857 2075 872 2123 Η
896 2080 922 2130 x5
936 2074 1014 2110 Καὶ
1033 2071 1148 2116 αὐτὸς
1161 2072 1204 2110 δ’
1222 2087 1294 2111 ουν
1307 2096 1354 2101 -
1367 2078 1554 2131 Amando-

77 2119 182 2175 zlaffi
209 2120 374 2176 dgltptvoe
400 2116 547 2167 ἐρῶντα
569 2120 722 2166 παιδὸς,
752 2122 815 2157 καὶ
831 2134 929 2166 προς
943 2119 1130 2168 παιδικὴν
1144 2118 1384 2168 ἐπτοημένου
1432 2135 1550 2177 ωνην.

78 2178 176 2213 αταρ
197 2178 268 2203 ουν
293 2166 361 2202 ’καὶ
387 2165 701 2214 προςνηχόμενος
728 2165 747 2204 ὂ
775 2166 892 2214 ἰχθὺς
919 2167 1120 2214 ἀνεδέχετο
1146 2166 1216 2205 τὸν
1239 2169 1364 2205 παῖδα
1409 2169 1454 2204 πὶ
1475 2181 1553 2204 των

12 2247 22 2261 ³
79 2210 226 2259 νώτων,
253 2213 318 2250 καὶ
340 2211 409 2256 τὰς
431 2211 610 2257 ἀκάνθας
631 2215 895 2261 περιστέλλων,
911 2217 977 2252 ἵνα
991 2215 1042 2262 μή
1061 2214 1130 2252 τὸν
1148 2214 1402 2262 ποθούμενον
1425 2217 1554 2261 χρῶτα

78 2255 248 2306 «infigas,
274 2260 342 2297 καὶ
367 2259 544 2307 ἱππηδὸν
556 2284 604 2290 -—
619 2260 661 2299 δ’
676 2262 752 2309 ἄρα
768 2261 790 2309 ἡ
806 2285 853 2290 -
875 2265 979 2300 πᾶσα
994 2261 1016 2310 ἡ
1038 2261 1179 2299 Ἰταλία
1192 2265 1415 2300 θεάσασθαι
1431 2260 1552 2309 ἰχθὺν

9 2310 13 2313 ’
79 2305 298 2354 νηχόμενον
327 2304 404 2345 ὑπὸ
446 2308 596 2356 ἔρωτος.
627 2312 643 2358 Η
680 2314 701 2348 6
725 2314 811 2348 haec
836 2333 883 2338 —
909 2325 981 2348 rem
1003 2324 1072 2348 non
1098 2316 1212 2348 minus
1238 2312 1254 2360 Η
1278 2314 1377 2348 VIIII
1405 2313 1551 2357 pepugi,
