1619 2476
154 51 234 93 122
746 51 869 89 XIIII.
900 60 970 88 vu.

153 175 203 203 ne
221 163 629 203 senatusconsultum
651 162 781 209 fieret,
809 161 872 202 ius
884 161 1014 202 fuisse
1029 160 1079 201 iis
1097 161 1211 209 solis,
1233 160 1302 211 qui
1318 161 1463 201 eadem
1478 172 1552 212 po-

152 224 322 266 testate,
358 229 438 268 qua
463 218 509 265 ii,
541 218 609 268 qui
633 219 1042 258 senatusconsultum
1063 218 1198 257 facere
1220 219 1393 265 uellent,
1426 217 1551 258 maio-

152 287 251 315 reue
278 279 432 314 essent.

114 333 134 368 7
237 332 339 370 Tum
355 329 579 380 adscripsit
596 331 648 369 de
665 330 768 371 locis
784 363 793 378 ,
812 330 852 370 in
870 330 1020 380 quibus
1038 331 1448 385 senatusconsultum
1466 330 1554 369 fieri

150 388 237 427 iure
253 391 421 437 posset,
455 387 679 436 docuitque
699 386 1065 436 confirmauitque,
1097 385 1177 426 nisi
1199 385 1239 425 in
1266 387 1358 426 loco
1387 397 1462 437 per
1486 397 1554 426 au-

150 454 295 493 gurem
318 442 555 490 constituto,
589 444 703 492 quod
719 444 950 494 ‘templum’
973 443 1264 493 appellaretur,
1282 447 1552 483 senatuscon-

152 501 303 539 sultum
323 500 475 538 sactum
505 504 638 546 esset,
669 500 822 539 iustum
840 500 880 538 id
898 511 981 539 non
1003 498 1145 539 fuisse.
1205 499 1432 549 Propterea
1457 498 1552 538 etin

153 556 265 595 curia
281 555 455 595 Hostilia
476 560 516 594 et
542 555 581 594 in
598 555 795 606 Pompeia
818 561 857 595 et
872 560 970 606 post
985 555 1026 594 in
1043 555 1164 602 lulia,
1198 565 1290 594 cum
1312 556 1488 605 profana
1506 565 1554 594 ea

151 613 243 651 loca
261 611 448 658 fuissent,
474 613 629 661 templa
645 623 740 651 esse
757 623 833 662 per
847 622 1026 662 augures
1046 611 1280 658 constituta,
1300 616 1346 651 ut
1364 611 1405 651 in
1421 610 1470 651 iis
1491 621 1553 650 se-

150 669 467 707 natusconsulta
484 679 599 707 more
617 667 818 708 maiorum
840 668 949 708 iusta
965 667 1055 707 fieri
1069 671 1258 718 possent.
1311 668 1421 707 Inter
1448 678 1554 716 quae

150 723 191 763 id
210 735 377 774 quoque
395 723 594 774 scriptum
611 724 796 774 reliquit,
825 736 908 764 non
927 735 1071 764 omnes
1095 724 1222 764 aedes
1241 734 1383 764 sacras
1401 724 1552 774 templa

151 791 247 819 esse
265 791 313 819 ac
334 791 386 819 ne
404 781 550 819 aedem
568 780 734 830 quidem
750 782 905 820 Vestae
922 781 1122 830 templum
1139 791 1248 820 esse.

111 843 135 879 8
231 837 330 876 Post
347 836 447 876 haec
464 835 664 887 deinceps
683 837 792 884 dicit,
819 838 1227 877 senatusconsultum
1243 840 1338 876 ante
1362 840 1552 876 exortum

150 898 220 932 aut
236 898 335 942 post
356 904 552 933 occasum
570 894 701 933 solem
718 895 870 933 factum
887 898 1021 933 ratum
1038 904 1121 933 non
1139 893 1280 940 fuisse,
1304 903 1411 941 opus
1429 892 1552 931 etiam

151 948 386 989 censorium
408 949 559 989 fecisse
576 949 845 997 existimatos,
874 960 949 1000 per
967 961 1074 999 quos
1093 960 1143 989 eo
1160 954 1348 999 tempore
1365 954 1552 989 senatus·

151 1006 385 1045 consultum
407 1007 558 1045 sactum
584 1012 712 1046 esset.

113 1066 136 1102 9
237 1062 370 1101 Docet
393 1062 542 1102 deinde
558 1062 656 1102 inibi
680 1064 825 1110 multa,
858 1062 1007 1112 quibus
1024 1061 1169 1102 diebus
1191 1061 1347 1102 habere
1364 1065 1552 1101 senatum
1617 1065 1619 1076 ⁴

148 1118 213 1157 ius
229 1129 312 1158 non
330 1118 393 1165 sit,
425 1118 724 1169 immolareque
741 1118 919 1159 hostiam
941 1118 1056 1168 prius
1075 1117 1367 1168 auspicarique
1385 1117 1550 1165 debere,

150 1174 220 1223 qui
241 1180 429 1214 senatum
448 1174 663 1215 habiturus
682 1180 814 1222 esset,
835 1176 885 1215 de
902 1175 1112 1225 rebusque
1129 1174 1277 1214 diuinis
1294 1173 1410 1224 prius
1429 1185 1552 1224 quam

149 1230 337 1270 humanis
355 1231 408 1270 ad
425 1236 616 1271 senatum
625 1232 888 1271 referendum
907 1242 1014 1278 esse,
1025 1236 1112 1271 tum
1130 1242 1257 1281 porro
1268 1230 1412 1270 referri
1429 1241 1551 1280 opor·

150 1292 236 1326 tere
253 1292 323 1326 aut
344 1287 500 1326 infinite
517 1287 569 1327 de
585 1288 810 1338 republica,
839 1292 909 1327 aut
931 1288 982 1326 de
1000 1287 1172 1336 singulis
1184 1287 1309 1326 rebus
1320 1285 1455 1333 finite3
1486 1297 1549 1326 se-

148 1347 355 1392 natusque
375 1344 610 1382 consultum
635 1343 723 1383 fieri
746 1343 911 1383 duobus
941 1342 1096 1381 modis:
1131 1347 1200 1382 aut
1223 1354 1299 1393 per
1327 1341 1549 1382 discessio—

148 1409 255 1445 nem,
278 1398 314 1438 si
330 1397 646 1446 consentiretur,
666 1404 747 1446 aut,
770 1398 804 1438 si
827 1410 894 1438 res
912 1398 1036 1438 dubia
1053 1403 1179 1446 esset,
1201 1410 1278 1449 per
1292 1398 1548 1448 singulorum

149 1454 376 1494 sententias
402 1453 629 1505 exquisitas
643 1468 653 1503 ;
683 1454 868 1504 singulos
892 1459 1028 1494 autem
1046 1454 1200 1494 debere
1218 1454 1379 1495 consuli
1402 1455 1548 1505 grada-

147 1510 219 1549 tim
236 1510 443 1560 incipique
466 1522 489 1550 a
515 1511 724 1551 consulari
748 1512 893 1561 gradu.
934 1512 996 1551 Ex
1015 1523 1096 1561 quo
1119 1511 1250 1560 gradu
1277 1522 1446 1562 semper
1462 1511 1548 1562 qui·

149 1567 243 1605 dem
268 1572 389 1606 antea
408 1566 585 1617 primum
607 1568 744 1617 rogari
761 1567 946 1615 solitum,
978 1567 1049 1618 qui
1072 1567 1268 1618 princeps
1293 1567 1333 1607 in
1358 1572 1547 1608 senatum

148 1624 278 1663 lectus
307 1629 440 1671 esset;
472 1629 555 1664 tum
578 1630 726 1670 autem,
746 1634 838 1664 cum
862 1624 965 1664 haec
987 1623 1198 1675 scriberet,
1217 1634 1372 1664 nouum
1389 1634 1546 1664 morem

146 1678 377 1719 institutum
401 1681 526 1719 refert
555 1691 632 1730 per
657 1679 922 1720 ambitionem
946 1680 1223 1730 gratiamque,
1248 1684 1294 1719 ut
1321 1679 1356 1719 is
1386 1679 1544 1730 primus

147 1742 376 1785 rogaretur,
411 1747 533 1786 quem
550 1747 700 1786 rogare
716 1738 852 1784 uellet,
886 1736 955 1786 qui
971 1737 1141 1776 haberet
1157 1740 1366 1784 senatum,
1397 1737 1493 1775 dum
1510 1736 1545 1775 is

93 1795 136 1829 10
147 1797 283 1831 tamen
307 1804 358 1831 ex
386 1793 517 1842 gradu
546 1793 756 1833 consulari
781 1798 907 1833 esset.
968 1793 1135 1832 Praeter
1161 1792 1264 1831 haec
1291 1792 1344 1831 de
1369 1792 1544 1843 pignore

149 1859 317 1898 quoque
345 1848 546 1897 capiendo
566 1848 733 1888 disserit
749 1850 885 1899 deque
903 1850 1029 1889 multa
1046 1848 1223 1888 dicenda
1238 1847 1434 1896 senatori,
1462 1847 1544 1898 qui,

94 1910 131 1942 ιι
147 1915 240 1943 cum
263 1904 302 1944 in
322 1910 511 1945 senatum
529 1905 670 1944 uenire
696 1906 887 1953 deberet,
920 1917 1002 1945 non
1027 1904 1210 1944 adesset.
1270 1904 1384 1944 Haec
1404 1909 1445 1944 et
1465 1904 1545 1944 alia

148 1961 353 2010 quaedam
370 1960 411 2000 id
437 1972 571 2011 genus
591 1961 631 2000 in
654 1961 772 2009 libro,
805 1973 888 2011 quo
907 1971 1035 2011 supra
1057 1959 1152 2007 dixi,
1182 1960 1236 1999 M.
1253 1961 1418 2001 Varro
1440 1960 1543 2012 epi·

147 2018 286 2056 stula
309 2017 368 2056 ad
390 2017 675 2068 Oppianum
699 2017 901 2068 scripta
930 2021 1131 2057 executus
1157 2020 1233 2056 est.

91 2078 134 2112 12
224 2072 307 2112 Sed
320 2073 433 2122 quod
443 2073 508 2121 ait,
528 2075 940 2114 senatusconsultum
957 2073 1121 2112 duobus
1137 2071 1273 2112 modis
1285 2071 1376 2112 fieri
1392 2073 1541 2125 solere,

148 2134 218 2168 aut
241 2129 483 2178 conquisitis
505 2129 719 2170 sententiis
745 2135 815 2169 aut
830 2141 906 2180 per
927 2128 1251 2176 discessionem,
1284 2139 1430 2179 parum
1447 2139 1543 2167 con·

147 2184 289 2224 uenire
305 2185 469 2225 uidetur
486 2197 576 2225 cum
597 2197 660 2232 eo,
680 2186 793 2235 quod
820 2184 1000 2225 Ateius
1020 2184 1196 2235 Capito
1214 2184 1254 2223 in
1274 2184 1562 2237 coniectag

89 2239 255 2279 13neis
287 2240 485 2290 scriptum
517 2240 693 2291 reliquit.
754 2243 853 2280 Nam
884 2240 931 2280 in
961 2240 1093 2280 libro
1123 2241 1352 2287 (convnll.
1381 2240 1544 2280 Tube·
1602 2294 1605 2297 Ι
