<?xml version="1.0" encoding="UTF-8"?>
<!DOCTYPE html PUBLIC "-//W3C//DTD XHTML 1.0 Transitional//EN"
    "http://www.w3.org/TR/xhtml1/DTD/xhtml1-transitional.dtd">
<html xmlns="http://www.w3.org/1999/xhtml" xml:lang="en" lang="en">
 <head>
  <title>
</title>
<meta http-equiv="Content-Type" content="text/html;charset=utf-8" />
  <meta name='ocr-system' content='tesseract 3.04.00' />
  <meta name='ocr-capabilities' content='ocr_page ocr_carea ocr_par ocr_line ocrx_word'/>
</head>
<body>
  <div class='ocr_page' id='page_1' title='image "./agelliinoctivmat00gelluoft_0189.png"; bbox 0 0 1603 2508; ppageno 0'>
   <div class='ocr_carea' id='block_1_1' title="bbox 682 40 1474 84">
    <p class='ocr_par' dir='ltr' id='par_1_1' title="bbox 682 40 1474 84">
     <span class='ocr_line' id='line_1_1' title="bbox 682 40 1474 84; baseline 0.003 -4"><span class='ocrx_word' id='word_1_1' title='bbox 682 45 733 81; x_wconf 69' lang='lat' dir='ltr'>V.</span> <span class='ocrx_word' id='word_1_2' title='bbox 763 53 853 81; x_wconf 72' lang='lat' dir='ltr'>vm.</span> <span class='ocrx_word' id='word_1_3' title='bbox 1392 40 1474 84; x_wconf 83' lang='lat'>167</span> 
     </span>
    </p>
   </div>
   <div class='ocr_carea' id='block_1_2' title="bbox 63 154 1512 718">
    <p class='ocr_par' dir='ltr' id='par_1_2' title="bbox 65 154 1472 376">
     <span class='ocr_line' id='line_1_2' title="bbox 66 154 1471 206; baseline -0.003 -9"><span class='ocrx_word' id='word_1_4' title='bbox 66 157 316 204; x_wconf 81' lang='lat' dir='ltr'>cinctus&#39;3</span> <span class='ocrx_word' id='word_1_5' title='bbox 341 157 480 206; x_wconf 89' lang='lat' dir='ltr'>quod</span> <span class='ocrx_word' id='word_1_6' title='bbox 501 161 598 203; x_wconf 88' lang='lat' dir='ltr'>est,</span> <span class='ocrx_word' id='word_1_7' title='bbox 621 155 772 205; x_wconf 81' lang='lat' dir='ltr'>inquit,</span> <span class='ocrx_word' id='word_1_8' title='bbox 802 154 1254 202; x_wconf 80' lang='lat' dir='ltr'>absurdissimun1;</span> <span class='ocrx_word' id='word_1_9' title='bbox 1279 154 1471 205; x_wconf 82' lang='lat' dir='ltr'>quippe</span> 
     </span>
     <span class='ocr_line' id='line_1_3' title="bbox 66 211 1472 266; baseline -0.003 -12"><span class='ocrx_word' id='word_1_10' title='bbox 66 225 177 266; x_wconf 88' lang='lat' dir='ltr'>cum</span> <span class='ocrx_word' id='word_1_11' title='bbox 215 211 428 254; x_wconf 73' lang='lat' dir='ltr'>elituus&#39;</span> <span class='ocrx_word' id='word_1_12' title='bbox 469 212 534 253; x_wconf 83' lang='lat' dir='ltr'>sit</span> <span class='ocrx_word' id='word_1_13' title='bbox 571 212 720 262; x_wconf 77' lang='lat' dir='ltr'>uirga</span> <span class='ocrx_word' id='word_1_14' title='bbox 750 212 951 260; x_wconf 77' lang='lat' dir='ltr'>breu1s‚</span> <span class='ocrx_word' id='word_1_15' title='bbox 989 212 1036 252; x_wconf 89' lang='lat' dir='ltr'>in</span> <span class='ocrx_word' id='word_1_16' title='bbox 1079 217 1225 262; x_wconf 78' lang='lat' dir='ltr'>parte</span> <span class='ocrx_word' id='word_1_17' title='bbox 1258 223 1356 262; x_wconf 76' lang='lat' dir='ltr'>qua</span> <span class='ocrx_word' id='word_1_18' title='bbox 1392 223 1472 251; x_wconf 86' lang='lat' dir='ltr'>ro-</span> 
     </span>
     <span class='ocr_line' id='line_1_4' title="bbox 65 269 1472 319; baseline -0.002 -8"><span class='ocrx_word' id='word_1_19' title='bbox 65 269 273 311; x_wconf 90' lang='lat' dir='ltr'>bustior</span> <span class='ocrx_word' id='word_1_20' title='bbox 303 275 386 310; x_wconf 86' lang='lat' dir='ltr'>est</span> <span class='ocrx_word' id='word_1_21' title='bbox 411 270 650 316; x_wconf 76' lang='lat' dir='ltr'>incurua‚</span> <span class='ocrx_word' id='word_1_22' title='bbox 686 280 782 319; x_wconf 78' lang='lat' dir='ltr'>qua</span> <span class='ocrx_word' id='word_1_23' title='bbox 812 280 1040 319; x_wconf 78' lang='lat' dir='ltr'>augures</span> <span class='ocrx_word' id='word_1_24' title='bbox 1071 273 1305 316; x_wconf 87' lang='lat' dir='ltr'>utuntur,</span> <span class='ocrx_word' id='word_1_25' title='bbox 1343 280 1472 318; x_wconf 88' lang='lat' dir='ltr'>quo·</span> 
     </span>
     <span class='ocr_line' id='line_1_5' title="bbox 65 325 1342 376; baseline -0.002 -9"><span class='ocrx_word' id='word_1_26' title='bbox 65 339 175 368; x_wconf 82' lang='lat' dir='ltr'>nam</span> <span class='ocrx_word' id='word_1_27' title='bbox 201 327 353 367; x_wconf 85' lang='lat' dir='ltr'>modo</span> <span class='ocrx_word' id='word_1_28' title='bbox 387 326 721 367; x_wconf 72' lang='lat' dir='ltr'>‘subcinctus</span> <span class='ocrx_word' id='word_1_29' title='bbox 749 325 901 366; x_wconf 86' lang='lat' dir='ltr'>lituo’</span> <span class='ocrx_word' id='word_1_30' title='bbox 934 325 1106 366; x_wconf 89' lang='lat' dir='ltr'>uideri</span> <span class='ocrx_word' id='word_1_31' title='bbox 1134 326 1342 376; x_wconf 86' lang='lat' dir='ltr'>potest?</span> 
     </span>
    </p>

    <p class='ocr_par' dir='ltr' id='par_1_3' title="bbox 63 382 1512 708">
     <span class='ocr_line' id='line_1_6' title="bbox 152 382 1512 435; baseline -0.003 -12"><span class='ocrx_word' id='word_1_32' title='bbox 152 385 280 424; x_wconf 85' lang='lat' dir='ltr'>Immo</span> <span class='ocrx_word' id='word_1_33' title='bbox 301 383 393 435; x_wconf 86' lang='lat' dir='ltr'>ipse</span> <span class='ocrx_word' id='word_1_34' title='bbox 416 383 660 435; x_wconf 84' lang='lat' dir='ltr'>Hyginus</span> <span class='ocrx_word' id='word_1_35' title='bbox 685 394 831 434; x_wconf 78' lang='lat' dir='ltr'>parum</span> <span class='ocrx_word' id='word_1_36' title='bbox 855 383 1166 429; x_wconf 77' lang='lat' dir='ltr'>animaduertit,</span> <span class='ocrx_word' id='word_1_37' title='bbox 1196 382 1255 421; x_wconf 86' lang='lat' dir='ltr'>sic</span> <span class='ocrx_word' id='word_1_38' title='bbox 1276 382 1357 422; x_wconf 87' lang='lat' dir='ltr'>hoc</span> <span class='ocrx_word' id='word_1_39' title='bbox 1377 393 1472 421; x_wconf 88' lang='lat' dir='ltr'>esse</span> <span class='ocrx_word' id='word_1_40' title='bbox 1490 383 1512 419; x_wconf 76' lang='lat'>3</span> 
     </span>
     <span class='ocr_line' id='line_1_7' title="bbox 66 438 1512 491; baseline -0.003 -10"><span class='ocrx_word' id='word_1_41' title='bbox 66 441 242 489; x_wconf 88' lang='lat' dir='ltr'>dictum,</span> <span class='ocrx_word' id='word_1_42' title='bbox 273 445 320 480; x_wconf 88' lang='lat' dir='ltr'>ut</span> <span class='ocrx_word' id='word_1_43' title='bbox 352 442 552 491; x_wconf 80' lang='lat' dir='ltr'>pleraque</span> <span class='ocrx_word' id='word_1_44' title='bbox 589 440 668 480; x_wconf 84' lang='lat' dir='ltr'>dici</span> <span class='ocrx_word' id='word_1_45' title='bbox 700 451 777 491; x_wconf 85' lang='lat' dir='ltr'>per</span> <span class='ocrx_word' id='word_1_46' title='bbox 807 440 1082 480; x_wconf 85' lang='lat' dir='ltr'>defectionem</span> <span class='ocrx_word' id='word_1_47' title='bbox 1122 440 1273 479; x_wconf 78' lang='lat' dir='ltr'><strong>solent.</strong></span> <span class='ocrx_word' id='word_1_48' title='bbox 1334 438 1512 478; x_wconf 51' lang='lat' dir='ltr'>Veluti*</span> 
     </span>
     <span class='ocr_line' id='line_1_8' title="bbox 65 496 1473 547; baseline -0.001 -10"><span class='ocrx_word' id='word_1_49' title='bbox 65 509 160 538; x_wconf 89' lang='lat' dir='ltr'>cum</span> <span class='ocrx_word' id='word_1_50' title='bbox 177 496 343 537; x_wconf 89' lang='lat' dir='ltr'>dicitur:</span> <span class='ocrx_word' id='word_1_51' title='bbox 363 498 442 537; x_wconf 58' lang='grc' dir='ltr'>ζΜ.</span> <span class='ocrx_word' id='word_1_52' title='bbox 463 497 605 537; x_wconf 88' lang='lat' dir='ltr'>Cicero</span> <span class='ocrx_word' id='word_1_53' title='bbox 624 498 748 537; x_wconf 87' lang='lat' dir='ltr'>homo</span> <span class='ocrx_word' id='word_1_54' title='bbox 776 508 925 547; x_wconf 78' lang='lat' dir='ltr'>magna</span> <span class='ocrx_word' id='word_1_55' title='bbox 941 496 1203 546; x_wconf 79' lang='lat' dir='ltr'>eloquentia’</span> <span class='ocrx_word' id='word_1_56' title='bbox 1225 500 1282 535; x_wconf 88' lang='lat' dir='ltr'>et:</span> <span class='ocrx_word' id='word_1_57' title='bbox 1303 500 1313 519; x_wconf 60' lang='lat'><em>³</em></span> <span class='ocrx_word' id='word_1_58' title='bbox 1328 497 1372 545; x_wconf 81' lang='lat' dir='ltr'>Q.</span> <span class='ocrx_word' id='word_1_59' title='bbox 1393 496 1473 536; x_wconf 85' lang='lat' dir='ltr'>Ro-</span> 
     </span>
     <span class='ocr_line' id='line_1_9' title="bbox 65 553 1469 604; baseline -0.003 -9"><span class='ocrx_word' id='word_1_60' title='bbox 65 554 179 595; x_wconf 88' lang='lat' dir='ltr'>scius</span> <span class='ocrx_word' id='word_1_61' title='bbox 204 553 350 594; x_wconf 85' lang='lat' dir='ltr'>histrio</span> <span class='ocrx_word' id='word_1_62' title='bbox 373 565 534 594; x_wconf 78' lang='lat' dir='ltr'>summa</span> <span class='ocrx_word' id='word_1_63' title='bbox 558 557 803 594; x_wconf 79' lang='lat' dir='ltr'>uenustate’</span> <span class='ocrx_word' id='word_1_64' title='bbox 834 566 916 595; x_wconf 89' lang='lat' dir='ltr'>non</span> <span class='ocrx_word' id='word_1_65' title='bbox 943 555 1111 604; x_wconf 84' lang='lat' dir='ltr'>plenum</span> <span class='ocrx_word' id='word_1_66' title='bbox 1132 553 1212 593; x_wconf 89' lang='lat' dir='ltr'>hoc</span> <span class='ocrx_word' id='word_1_67' title='bbox 1234 558 1469 602; x_wconf 83' lang='lat' dir='ltr'>utrumque</span> 
     </span>
     <span class='ocr_line' id='line_1_10' title="bbox 63 610 1468 662; baseline -0.002 -11"><span class='ocrx_word' id='word_1_68' title='bbox 63 622 203 661; x_wconf 89' lang='lat' dir='ltr'>neque</span> <span class='ocrx_word' id='word_1_69' title='bbox 230 611 463 661; x_wconf 80' lang='lat' dir='ltr'>perfectum</span> <span class='ocrx_word' id='word_1_70' title='bbox 493 616 576 658; x_wconf 90' lang='lat' dir='ltr'>est,</span> <span class='ocrx_word' id='word_1_71' title='bbox 617 612 695 651; x_wconf 88' lang='lat' dir='ltr'>sed</span> <span class='ocrx_word' id='word_1_72' title='bbox 726 610 833 650; x_wconf 86' lang='lat' dir='ltr'>enim</span> <span class='ocrx_word' id='word_1_73' title='bbox 862 623 938 662; x_wconf 85' lang='lat' dir='ltr'>pro</span> <span class='ocrx_word' id='word_1_74' title='bbox 970 612 1094 661; x_wconf 88' lang='lat' dir='ltr'>pleno</span> <span class='ocrx_word' id='word_1_75' title='bbox 1124 615 1250 660; x_wconf 80' lang='lat' dir='ltr'>atque</span> <span class='ocrx_word' id='word_1_76' title='bbox 1281 610 1468 660; x_wconf 84' lang='lat' dir='ltr'>peifecto</span> 
     </span>
     <span class='ocr_line' id='line_1_11' title="bbox 63 667 1509 718; baseline 0.001 -11"><span class='ocrx_word' id='word_1_77' title='bbox 63 668 241 708; x_wconf 86' lang='lat' dir='ltr'>auditur.</span> <span class='ocrx_word' id='word_1_78' title='bbox 303 669 359 707; x_wconf 93' lang='lat' dir='ltr'>Vt</span> <span class='ocrx_word' id='word_1_79' title='bbox 378 667 643 718; x_wconf 85' lang='lat' dir='ltr'>Vergilius</span> <span class='ocrx_word' id='word_1_80' title='bbox 675 668 753 708; x_wconf 80' lang='lat' dir='ltr'>alio</span> <span class='ocrx_word' id='word_1_81' title='bbox 782 668 822 708; x_wconf 89' lang='lat' dir='ltr'>in</span> <span class='ocrx_word' id='word_1_82' title='bbox 853 669 967 708; x_wconf 89' lang='lat' dir='ltr'>loco:</span> <span class='ocrx_word' id='word_1_83' title='bbox 1488 667 1509 701; x_wconf 80' lang='lat'>5</span> 
     </span>
    </p>
   </div>
   <div class='ocr_carea' id='block_1_3' title="bbox 125 745 1072 796">
    <p class='ocr_par' dir='ltr' id='par_1_4' title="bbox 125 745 1072 796">
     <span class='ocr_line' id='line_1_12' title="bbox 125 745 1072 796; baseline -0.001 -11"><span class='ocrx_word' id='word_1_84' title='bbox 125 745 392 786; x_wconf 82' lang='lat' dir='ltr'><strong>Victorem</strong></span> <span class='ocrx_word' id='word_1_85' title='bbox 419 747 581 786; x_wconf 84' lang='lat' dir='ltr'>Buten</span> <span class='ocrx_word' id='word_1_86' title='bbox 613 745 807 786; x_wconf 80' lang='lat' dir='ltr'>inmani</span> <span class='ocrx_word' id='word_1_87' title='bbox 838 756 1072 796; x_wconf 73' lang='lat' dir='ltr'>corpme,</span> 
     </span>
    </p>
   </div>
   <div class='ocr_carea' id='block_1_4' title="bbox 61 831 1122 885">
    <p class='ocr_par' dir='ltr' id='par_1_5' title="bbox 61 831 1122 885">
     <span class='ocr_line' id='line_1_13' title="bbox 61 831 1122 885; baseline 0.001 -13"><span class='ocrx_word' id='word_1_88' title='bbox 61 831 105 872; x_wconf 89' lang='lat' dir='ltr'>id</span> <span class='ocrx_word' id='word_1_89' title='bbox 122 838 186 873; x_wconf 91' lang='lat' dir='ltr'>est</span> <span class='ocrx_word' id='word_1_90' title='bbox 203 843 357 885; x_wconf 86' lang='lat' dir='ltr'>corpus</span> <span class='ocrx_word' id='word_1_91' title='bbox 383 834 546 874; x_wconf 77' lang='lat' dir='ltr'>inmane</span> <span class='ocrx_word' id='word_1_92' title='bbox 563 835 805 881; x_wconf 73' lang='lat' dir='ltr'>habentem,</span> <span class='ocrx_word' id='word_1_93' title='bbox 838 840 877 873; x_wconf 87' lang='lat' dir='ltr'>et</span> <span class='ocrx_word' id='word_1_94' title='bbox 892 833 989 873; x_wconf 83' lang='lat' dir='ltr'>item</span> <span class='ocrx_word' id='word_1_95' title='bbox 1007 834 1100 873; x_wconf 75' lang='lat' dir='ltr'>alibi</span> <span class='ocrx_word' id='word_1_96' title='bbox 1115 847 1122 873; x_wconf 91' lang='lat'>:</span> 
     </span>
    </p>
   </div>
   <div class='ocr_carea' id='block_1_5' title="bbox 118 910 1421 1016">
    <p class='ocr_par' dir='ltr' id='par_1_6' title="bbox 118 910 1421 1016">
     <span class='ocr_line' id='line_1_14' title="bbox 119 910 1421 962; baseline 0.001 -12"><span class='ocrx_word' id='word_1_97' title='bbox 119 912 172 950; x_wconf 92' lang='lat' dir='ltr'>In</span> <span class='ocrx_word' id='word_1_98' title='bbox 202 910 421 951; x_wconf 86' lang='lat' dir='ltr'>medium</span> <span class='ocrx_word' id='word_1_99' title='bbox 451 910 684 962; x_wconf 81' lang='lat' dir='ltr'>geminos</span> <span class='ocrx_word' id='word_1_100' title='bbox 712 911 900 951; x_wconf 78' lang='lat' dir='ltr'>inmani</span> <span class='ocrx_word' id='word_1_101' title='bbox 931 911 1171 962; x_wconf 77' lang='lat' dir='ltr'>pondere</span> <span class='ocrx_word' id='word_1_102' title='bbox 1205 916 1421 951; x_wconf 74' lang='lat' dir='ltr'>eaestus</span> 
     </span>
     <span class='ocr_line' id='line_1_15' title="bbox 118 967 364 1016; baseline 0.004 -10"><span class='ocrx_word' id='word_1_103' title='bbox 118 967 364 1016; x_wconf 83' lang='lat' dir='ltr'>Proiecit,</span> 
     </span>
    </p>
   </div>
   <div class='ocr_carea' id='block_1_6' title="bbox 61 1051 332 1093">
    <p class='ocr_par' dir='ltr' id='par_1_7' title="bbox 61 1051 332 1093">
     <span class='ocr_line' id='line_1_16' title="bbox 61 1051 332 1093; baseline 0.007 -2"><span class='ocrx_word' id='word_1_104' title='bbox 61 1062 110 1091; x_wconf 79' lang='lat' dir='ltr'>ac</span> <span class='ocrx_word' id='word_1_105' title='bbox 128 1051 332 1093; x_wconf 68' lang='lat' dir='ltr'>similiter:</span> 
     </span>
    </p>
   </div>
   <div class='ocr_carea' id='block_1_7' title="bbox 120 1122 1468 1228">
    <p class='ocr_par' dir='ltr' id='par_1_8' title="bbox 120 1122 1468 1228">
     <span class='ocr_line' id='line_1_17' title="bbox 459 1122 1468 1173; baseline 0 -12"><span class='ocrx_word' id='word_1_106' title='bbox 459 1123 643 1161; x_wconf 86' lang='lat' dir='ltr'>Domus</span> <span class='ocrx_word' id='word_1_107' title='bbox 676 1122 819 1162; x_wconf 76' lang='lat' dir='ltr'>sanie</span> <span class='ocrx_word' id='word_1_108' title='bbox 848 1122 1172 1173; x_wconf 75' lang='lat' dir='ltr'>dapibusque</span> <span class='ocrx_word' id='word_1_109' title='bbox 1204 1122 1468 1169; x_wconf 83' lang='lat' dir='ltr'>cruentis,</span> 
     </span>
     <span class='ocr_line' id='line_1_18' title="bbox 120 1177 707 1228; baseline 0.005 -13"><span class='ocrx_word' id='word_1_110' title='bbox 120 1177 262 1216; x_wconf 86' lang='lat' dir='ltr'>Intus</span> <span class='ocrx_word' id='word_1_111' title='bbox 293 1188 477 1228; x_wconf 82' lang='lat' dir='ltr'>opaca,</span> <span class='ocrx_word' id='word_1_112' title='bbox 511 1178 707 1228; x_wconf 79' lang='lat' dir='ltr'>ingens.</span> 
     </span>
    </p>
   </div>
   <div class='ocr_carea' id='block_1_8' title="bbox 62 1279 1511 1332">
    <p class='ocr_par' dir='ltr' id='par_1_9' title="bbox 62 1279 1511 1332">
     <span class='ocr_line' id='line_1_19' title="bbox 62 1279 1511 1332; baseline 0.001 -12"><span class='ocrx_word' id='word_1_113' title='bbox 62 1279 130 1320; x_wconf 90' lang='lat' dir='ltr'>Sic</span> <span class='ocrx_word' id='word_1_114' title='bbox 153 1279 277 1330; x_wconf 87' lang='lat' dir='ltr'>igitur</span> <span class='ocrx_word' id='word_1_115' title='bbox 294 1280 336 1320; x_wconf 80' lang='lat' dir='ltr'>id</span> <span class='ocrx_word' id='word_1_116' title='bbox 355 1291 522 1331; x_wconf 87' lang='lat' dir='ltr'>quoque</span> <span class='ocrx_word' id='word_1_117' title='bbox 540 1281 672 1321; x_wconf 86' lang='lat' dir='ltr'>uideri</span> <span class='ocrx_word' id='word_1_118' title='bbox 696 1281 849 1321; x_wconf 85' lang='lat' dir='ltr'>dictum</span> <span class='ocrx_word' id='word_1_119' title='bbox 874 1282 1016 1321; x_wconf 80' lang='lat' dir='ltr'>debet:</span> <span class='ocrx_word' id='word_1_120' title='bbox 1049 1282 1193 1322; x_wconf 75' lang='lat' dir='ltr'>‘Picus</span> <span class='ocrx_word' id='word_1_121' title='bbox 1217 1281 1473 1332; x_wconf 77' lang='lat' dir='ltr'>Quirinali</span> <span class='ocrx_word' id='word_1_122' title='bbox 1489 1287 1511 1323; x_wconf 82' lang='lat'>6</span> 
     </span>
    </p>
   </div>
   <div class='ocr_carea' id='block_1_9' title="bbox 8 1336 1465 1390">
    <p class='ocr_par' dir='ltr' id='par_1_10' title="bbox 8 1336 1465 1390">
     <span class='ocr_line' id='line_1_20' title="bbox 8 1336 1465 1390; baseline 0.002 -14"><span class='ocrx_word' id='word_1_123' title='bbox 8 1360 18 1365; x_wconf 38' lang='grc' dir='ltr'><em>κ</em></span> <span class='ocrx_word' id='word_1_124' title='bbox 60 1336 192 1377; x_wconf 89' lang='lat' dir='ltr'>lituo</span> <span class='ocrx_word' id='word_1_125' title='bbox 234 1339 359 1386; x_wconf 84' lang='lat' dir='ltr'>erat’‚</span> <span class='ocrx_word' id='word_1_126' title='bbox 401 1337 522 1377; x_wconf 89' lang='lat' dir='ltr'>sicuti</span> <span class='ocrx_word' id='word_1_127' title='bbox 554 1338 748 1378; x_wconf 80' lang='lat' dir='ltr'>dicimus:</span> <span class='ocrx_word' id='word_1_128' title='bbox 792 1339 945 1378; x_wconf 61' lang='lat' dir='ltr'>‘Fatua</span> <span class='ocrx_word' id='word_1_129' title='bbox 983 1340 1130 1389; x_wconf 75' lang='lat' dir='ltr'>grandi</span> <span class='ocrx_word' id='word_1_130' title='bbox 1169 1340 1302 1390; x_wconf 79' lang='lat' dir='ltr'>capite</span> <span class='ocrx_word' id='word_1_131' title='bbox 1339 1341 1465 1379; x_wconf 76' lang='lat' dir='ltr'>erat’.</span> 
     </span>
    </p>
   </div>
   <div class='ocr_carea' id='block_1_10' title="bbox 0 1393 1506 1506">
    <p class='ocr_par' dir='ltr' id='par_1_11' title="bbox 0 1393 1506 1506">
     <span class='ocr_line' id='line_1_21' title="bbox 59 1393 1506 1447; baseline 0.002 -13.882"><span class='ocrx_word' id='word_1_132' title='bbox 59 1393 114 1433; x_wconf 88' lang='lat' dir='ltr'>Et</span> <span class='ocrx_word' id='word_1_133' title='bbox 140 1396 251 1434; x_wconf 74' lang='lat' dir='ltr'>eest&#39;</span> <span class='ocrx_word' id='word_1_134' title='bbox 277 1399 415 1434; x_wconf 82' lang='lat' dir='ltr'>autem</span> <span class='ocrx_word' id='word_1_135' title='bbox 443 1399 483 1434; x_wconf 90' lang='lat' dir='ltr'>et</span> <span class='ocrx_word' id='word_1_136' title='bbox 515 1398 650 1434; x_wconf 71' lang='lat' dir='ltr'>‘erat’</span> <span class='ocrx_word' id='word_1_137' title='bbox 684 1400 724 1435; x_wconf 90' lang='lat' dir='ltr'>et</span> <span class='ocrx_word' id='word_1_138' title='bbox 748 1395 873 1435; x_wconf 71' lang='lat' dir='ltr'>efuit&#39;</span> <span class='ocrx_word' id='word_1_139' title='bbox 908 1397 1155 1447; x_wconf 79' lang='lat' dir='ltr'>plerumque</span> <span class='ocrx_word' id='word_1_140' title='bbox 1187 1397 1339 1437; x_wconf 76' lang='lat' dir='ltr'>absunt</span> <span class='ocrx_word' id='word_1_141' title='bbox 1374 1407 1468 1436; x_wconf 85' lang='lat' dir='ltr'>cum</span> <span class='ocrx_word' id='word_1_142' title='bbox 1488 1401 1506 1436; x_wconf 85' lang='grc'>7</span> 
     </span>
     <span class='ocr_line' id='line_1_22' title="bbox 0 1449 910 1506; baseline 0.004 -18"><span class='ocrx_word' id='word_1_143' title='bbox 0 1462 17 1506; x_wconf 65' lang='lat'>3„-</span> <span class='ocrx_word' id='word_1_144' title='bbox 61 1449 268 1500; x_wconf 76' lang='lat' dir='ltr'>elegantia</span> <span class='ocrx_word' id='word_1_145' title='bbox 289 1451 378 1491; x_wconf 90' lang='lat' dir='ltr'>sine</span> <span class='ocrx_word' id='word_1_146' title='bbox 397 1451 643 1492; x_wconf 88' lang='lat' dir='ltr'>detrimento</span> <span class='ocrx_word' id='word_1_147' title='bbox 667 1452 910 1492; x_wconf 76' lang='lat' dir='ltr'>sententiae.</span> 
     </span>
    </p>
   </div>
   <div class='ocr_carea' id='block_1_11' title="bbox 146 1507 1507 1562">
    <p class='ocr_par' dir='ltr' id='par_1_12' title="bbox 146 1507 1507 1562">
     <span class='ocr_line' id='line_1_23' title="bbox 146 1507 1507 1562; baseline 0.004 -16"><span class='ocrx_word' id='word_1_148' title='bbox 146 1507 217 1555; x_wconf 87' lang='lat' dir='ltr'>Et,</span> <span class='ocrx_word' id='word_1_149' title='bbox 251 1507 446 1558; x_wconf 81' lang='lat' dir='ltr'>quoniam</span> <span class='ocrx_word' id='word_1_150' title='bbox 464 1509 573 1548; x_wconf 77' lang='lat' dir='ltr'>sacta</span> <span class='ocrx_word' id='word_1_151' title='bbox 590 1513 602 1532; x_wconf 52' lang='grc' dir='ltr'><strong>θ</strong></span> <span class='ocrx_word' id='word_1_152' title='bbox 618 1508 724 1549; x_wconf 88' lang='lat' dir='ltr'>litui’</span> <span class='ocrx_word' id='word_1_153' title='bbox 749 1509 901 1549; x_wconf 86' lang='lat' dir='ltr'>mentio</span> <span class='ocrx_word' id='word_1_154' title='bbox 921 1515 1004 1558; x_wconf 88' lang='lat' dir='ltr'>est,</span> <span class='ocrx_word' id='word_1_155' title='bbox 1033 1522 1115 1551; x_wconf 86' lang='lat' dir='ltr'>non</span> <span class='ocrx_word' id='word_1_156' title='bbox 1138 1510 1468 1562; x_wconf 78' lang='lat' dir='ltr'>praetermitten-</span> <span class='ocrx_word' id='word_1_157' title='bbox 1485 1516 1507 1551; x_wconf 73' lang='grc'>8</span> 
     </span>
    </p>
   </div>
   <div class='ocr_carea' id='block_1_12' title="bbox 60 1563 1466 1616">
    <p class='ocr_par' dir='ltr' id='par_1_13' title="bbox 0 1555 1466 1616">
     <span class='ocr_line' id='line_1_24' title="bbox 60 1563 1466 1616; baseline 0.005 -16.714"><span class='ocrx_word' id='word_1_158' title='bbox 60 1563 159 1602; x_wconf 87' lang='lat' dir='ltr'>dum</span> <span class='ocrx_word' id='word_1_159' title='bbox 185 1569 268 1612; x_wconf 90' lang='lat' dir='ltr'>est,</span> <span class='ocrx_word' id='word_1_160' title='bbox 303 1565 416 1615; x_wconf 90' lang='lat' dir='ltr'>quod</span> <span class='ocrx_word' id='word_1_161' title='bbox 442 1576 570 1615; x_wconf 83' lang='lat' dir='ltr'>posse</span> <span class='ocrx_word' id='word_1_162' title='bbox 593 1565 736 1616; x_wconf 76' lang='lat' dir='ltr'>quaeri</span> <span class='ocrx_word' id='word_1_163' title='bbox 761 1566 1149 1616; x_wconf 69' lang='lat' dir='ltr'>aninmduertimus,</span> <span class='ocrx_word' id='word_1_164' title='bbox 1178 1573 1316 1608; x_wconf 86' lang='lat' dir='ltr'>utrum</span> <span class='ocrx_word' id='word_1_165' title='bbox 1342 1567 1466 1606; x_wconf 87' lang='lat' dir='ltr'>lituus</span> 
     </span>
    </p>
   </div>
   <div class='ocr_carea' id='block_1_13' title="bbox 0 1619 1524 1842">
    <p class='ocr_par' dir='ltr' id='par_1_14' title="bbox 0 1619 1524 1842">
     <span class='ocr_line' id='line_1_25' title="bbox 2 1619 1465 1673; baseline 0.003 -15"><span class='ocrx_word' id='word_1_166' title='bbox 2 1619 10 1643; x_wconf 77' lang='grc'>’-</span> <span class='ocrx_word' id='word_1_167' title='bbox 60 1620 271 1669; x_wconf 83' lang='lat' dir='ltr'>auguralis</span> <span class='ocrx_word' id='word_1_168' title='bbox 299 1632 323 1660; x_wconf 81' lang='lat' dir='ltr'><strong>a</strong></span> <span class='ocrx_word' id='word_1_169' title='bbox 349 1621 468 1670; x_wconf 80' lang='lat' dir='ltr'>tuba,</span> <span class='ocrx_word' id='word_1_170' title='bbox 502 1633 608 1672; x_wconf 81' lang='lat' dir='ltr'>quae</span> <span class='ocrx_word' id='word_1_171' title='bbox 639 1622 812 1662; x_wconf 68' lang='lat' dir='ltr'>‘lituus&#39;</span> <span class='ocrx_word' id='word_1_172' title='bbox 844 1624 1094 1673; x_wconf 77' lang='lat' dir='ltr'>appellatur,</span> <span class='ocrx_word' id='word_1_173' title='bbox 1127 1636 1177 1664; x_wconf 79' lang='lat' dir='ltr'>an</span> <span class='ocrx_word' id='word_1_174' title='bbox 1200 1625 1300 1664; x_wconf 80' lang='lat' dir='ltr'>tuba</span> <span class='ocrx_word' id='word_1_175' title='bbox 1322 1634 1345 1662; x_wconf 78' lang='lat' dir='ltr'>a</span> <span class='ocrx_word' id='word_1_176' title='bbox 1366 1623 1465 1663; x_wconf 87' lang='lat' dir='ltr'>lituo</span> 
     </span>
     <span class='ocr_line' id='line_1_26' title="bbox 60 1678 1508 1731; baseline 0.003 -14.849"><span class='ocrx_word' id='word_1_177' title='bbox 60 1686 264 1725; x_wconf 82' lang='lat' dir='ltr'>augurum</span> <span class='ocrx_word' id='word_1_178' title='bbox 295 1678 470 1718; x_wconf 71' lang='lat' dir='ltr'>‘lituus&#39;</span> <span class='ocrx_word' id='word_1_179' title='bbox 503 1679 613 1719; x_wconf 72' lang='lat' dir='ltr'>dictu</span> <span class='ocrx_word' id='word_1_180' title='bbox 644 1679 717 1719; x_wconf 90' lang='lat' dir='ltr'>sit:</span> <span class='ocrx_word' id='word_1_181' title='bbox 754 1685 976 1729; x_wconf 74' lang='lat' dir='ltr'>unumque</span> <span class='ocrx_word' id='word_1_182' title='bbox 1009 1681 1115 1720; x_wconf 86' lang='lat' dir='ltr'>enim</span> <span class='ocrx_word' id='word_1_183' title='bbox 1141 1680 1231 1731; x_wconf 77' lang='lat' dir='ltr'>pari</span> <span class='ocrx_word' id='word_1_184' title='bbox 1266 1681 1399 1720; x_wconf 78' lang='lat' dir='ltr'>forma</span> <span class='ocrx_word' id='word_1_185' title='bbox 1430 1685 1508 1720; x_wconf 86' lang='lat' dir='ltr'>et9</span> 
     </span>
     <span class='ocr_line' id='line_1_27' title="bbox 10 1733 1524 1788; baseline 0.004 -17"><span class='ocrx_word' id='word_1_186' title='bbox 10 1743 12 1745; x_wconf 90' lang='lat'>·</span> <span class='ocrx_word' id='word_1_187' title='bbox 61 1733 216 1782; x_wconf 80' lang='lat' dir='ltr'>pariter</span> <span class='ocrx_word' id='word_1_188' title='bbox 229 1745 445 1775; x_wconf 82' lang='lat' dir='ltr'>incuruum</span> <span class='ocrx_word' id='word_1_189' title='bbox 465 1741 541 1776; x_wconf 89' lang='lat' dir='ltr'>est.</span> <span class='ocrx_word' id='word_1_190' title='bbox 597 1736 681 1776; x_wconf 89' lang='lat' dir='ltr'>Sed</span> <span class='ocrx_word' id='word_1_191' title='bbox 698 1736 753 1784; x_wconf 87' lang='lat' dir='ltr'>si,</span> <span class='ocrx_word' id='word_1_192' title='bbox 787 1742 831 1776; x_wconf 90' lang='lat' dir='ltr'>ut</span> <span class='ocrx_word' id='word_1_193' title='bbox 854 1737 1019 1786; x_wconf 73' lang='lat' dir='ltr'>quidam</span> <span class='ocrx_word' id='word_1_194' title='bbox 1042 1743 1205 1788; x_wconf 71' lang='lat' dir='ltr'>putant</span> <span class='ocrx_word' id='word_1_195' title='bbox 1239 1737 1337 1776; x_wconf 80' lang='lat' dir='ltr'>tuba</span> <span class='ocrx_word' id='word_1_196' title='bbox 1357 1748 1379 1775; x_wconf 75' lang='lat' dir='ltr'>a</span> <span class='ocrx_word' id='word_1_197' title='bbox 1401 1749 1467 1777; x_wconf 88' lang='lat' dir='ltr'>so·</span> <span class='ocrx_word' id='word_1_198' title='bbox 1480 1743 1524 1776; x_wconf 89' lang='grc'>10</span> 
     </span>
     <span class='ocr_line' id='line_1_28' title="bbox 0 1787 1297 1842; baseline 0.005 -15"><span class='ocrx_word' id='word_1_199' title='bbox 0 1809 7 1818; x_wconf 47' lang='lat' dir='ltr'><strong><em>r</em></strong></span> <span class='ocrx_word' id='word_1_200' title='bbox 60 1787 148 1831; x_wconf 88' lang='lat' dir='ltr'>nitu</span> <span class='ocrx_word' id='word_1_201' title='bbox 172 1791 347 1832; x_wconf 73' lang='lat' dir='ltr'>‘lituus&#39;</span> <span class='ocrx_word' id='word_1_202' title='bbox 371 1794 578 1842; x_wconf 79' lang='lat' dir='ltr'>appellata</span> <span class='ocrx_word' id='word_1_203' title='bbox 597 1799 661 1833; x_wconf 88' lang='lat' dir='ltr'>est</span> <span class='ocrx_word' id='word_1_204' title='bbox 682 1805 734 1833; x_wconf 83' lang='lat' dir='ltr'>ex</span> <span class='ocrx_word' id='word_1_205' title='bbox 750 1794 817 1833; x_wconf 88' lang='lat' dir='ltr'>illo</span> <span class='ocrx_word' id='word_1_206' title='bbox 842 1794 1121 1835; x_wconf 83' lang='lat' dir='ltr'>Homerico</span> <span class='ocrx_word' id='word_1_207' title='bbox 1145 1794 1297 1834; x_wconf 83' lang='lat' dir='ltr'>uerbo:</span> 
     </span>
    </p>
   </div>
   <div class='ocr_carea' id='block_1_14' title="bbox 118 1865 455 1922">
    <p class='ocr_par' dir='ltr' id='par_1_15' title="bbox 118 1865 455 1922">
     <span class='ocr_line' id='line_1_29' title="bbox 118 1865 455 1922; baseline 0.006 -15"><span class='ocrx_word' id='word_1_208' title='bbox 118 1866 281 1920; x_wconf 79' lang='grc' dir='ltr'><em>Λίγξε</em></span> <span class='ocrx_word' id='word_1_209' title='bbox 312 1865 455 1922; x_wconf 83' lang='grc' dir='ltr'><strong><em>βιός,</em></strong></span> 
     </span>
    </p>
   </div>
   <div class='ocr_carea' id='block_1_15' title="bbox 34 1956 1465 2008">
    <p class='ocr_par' dir='ltr' id='par_1_16' title="bbox 34 1956 1465 2008">
     <span class='ocr_line' id='line_1_30' title="bbox 34 1956 1465 2008; baseline 0.003 -15"><span class='ocrx_word' id='word_1_210' title='bbox 34 1971 39 1973; x_wconf 57' lang='lat'>&gt;</span> <span class='ocrx_word' id='word_1_211' title='bbox 62 1965 236 1995; x_wconf 86' lang='lat' dir='ltr'>necesse</span> <span class='ocrx_word' id='word_1_212' title='bbox 255 1961 320 1996; x_wconf 90' lang='lat' dir='ltr'>est</span> <span class='ocrx_word' id='word_1_213' title='bbox 339 1956 394 1996; x_wconf 80' lang='lat' dir='ltr'>ita</span> <span class='ocrx_word' id='word_1_214' title='bbox 410 1956 562 2007; x_wconf 81' lang='lat' dir='ltr'>accipi,</span> <span class='ocrx_word' id='word_1_215' title='bbox 595 1963 637 1997; x_wconf 90' lang='lat' dir='ltr'>ut</span> <span class='ocrx_word' id='word_1_216' title='bbox 651 1957 767 2008; x_wconf 69' lang='lat' dir='ltr'>uirga</span> <span class='ocrx_word' id='word_1_217' title='bbox 785 1957 993 2008; x_wconf 71' lang='lat' dir='ltr'>auguralis</span> <span class='ocrx_word' id='word_1_218' title='bbox 1016 1969 1038 1996; x_wconf 79' lang='lat' dir='ltr'>a</span> <span class='ocrx_word' id='word_1_219' title='bbox 1056 1957 1179 1997; x_wconf 75' lang='lat' dir='ltr'>tubae</span> <span class='ocrx_word' id='word_1_220' title='bbox 1199 1957 1465 1998; x_wconf 86' lang='lat' dir='ltr'>similitudine</span> 
     </span>
    </p>
   </div>
   <div class='ocr_carea' id='block_1_16' title="bbox 63 2010 1517 2064">
    <p class='ocr_par' dir='ltr' id='par_1_17' title="bbox 63 2010 1517 2064">
     <span class='ocr_line' id='line_1_31' title="bbox 63 2010 1517 2064; baseline 0.001 -14"><span class='ocrx_word' id='word_1_221' title='bbox 63 2012 76 2032; x_wconf 74' lang='lat'><em>²</em></span> <span class='ocrx_word' id='word_1_222' title='bbox 89 2010 235 2051; x_wconf 85' lang='lat' dir='ltr'>lituus’</span> <span class='ocrx_word' id='word_1_223' title='bbox 252 2018 440 2053; x_wconf 87' lang='lat' dir='ltr'>uocetur.</span> <span class='ocrx_word' id='word_1_224' title='bbox 502 2014 638 2054; x_wconf 78' lang='lat' dir='ltr'>Vtitur</span> <span class='ocrx_word' id='word_1_225' title='bbox 655 2020 792 2054; x_wconf 79' lang='lat' dir='ltr'>autem</span> <span class='ocrx_word' id='word_1_226' title='bbox 808 2015 1014 2054; x_wconf 78' lang='lat' dir='ltr'>uocabulo</span> <span class='ocrx_word' id='word_1_227' title='bbox 1033 2014 1112 2054; x_wconf 85' lang='lat' dir='ltr'>isto</span> <span class='ocrx_word' id='word_1_228' title='bbox 1130 2015 1169 2052; x_wconf 93' lang='lat' dir='ltr'>V</span> <span class='ocrx_word' id='word_1_229' title='bbox 1180 2025 1201 2053; x_wconf 93' lang='lat' dir='ltr'>e</span> <span class='ocrx_word' id='word_1_230' title='bbox 1212 2014 1287 2064; x_wconf 80' lang='lat' dir='ltr'>rgi</span> <span class='ocrx_word' id='word_1_231' title='bbox 1300 2014 1370 2054; x_wconf 92' lang='lat' dir='ltr'>liu</span> <span class='ocrx_word' id='word_1_232' title='bbox 1381 2026 1400 2055; x_wconf 91' lang='lat' dir='ltr'>s</span> <span class='ocrx_word' id='word_1_233' title='bbox 1424 2019 1464 2054; x_wconf 87' lang='lat' dir='ltr'>et</span> <span class='ocrx_word' id='word_1_234' title='bbox 1475 2018 1517 2052; x_wconf 83' lang='lat'>11</span> 
     </span>
    </p>
   </div>
   <div class='ocr_carea' id='block_1_17' title="bbox 11 2067 273 2116">
    <p class='ocr_par' dir='ltr' id='par_1_18' title="bbox 11 2067 273 2116">
     <span class='ocr_line' id='line_1_32' title="bbox 11 2067 273 2116; baseline 0.019 -14"><span class='ocrx_word' id='word_1_235' title='bbox 11 2100 15 2102; x_wconf 11' lang='grc' dir='ltr'>μ</span> <span class='ocrx_word' id='word_1_236' title='bbox 62 2077 139 2116; x_wconf 85' lang='lat' dir='ltr'>pro</span> <span class='ocrx_word' id='word_1_237' title='bbox 157 2067 273 2107; x_wconf 79' lang='lat' dir='ltr'>tuba:</span> 
     </span>
    </p>
   </div>
   <div class='ocr_carea' id='block_1_18' title="bbox 0 2320 24 2357">
    <p class='ocr_par' dir='ltr' id='par_1_19' title="bbox 0 2320 24 2357">
     <span class='ocr_line' id='line_1_33' title="bbox 0 2320 24 2357; baseline 0 -30"><span class='ocrx_word' id='word_1_238' title='bbox 0 2320 24 2357; x_wconf 62' lang='lat' dir='ltr'>u?</span> 
     </span>
    </p>
   </div>
   <div class='ocr_carea' id='block_1_19' title="bbox 119 2133 1290 2188">
    <p class='ocr_par' dir='ltr' id='par_1_20' title="bbox 119 2133 1290 2188">
     <span class='ocr_line' id='line_1_34' title="bbox 119 2133 1290 2188; baseline 0.004 -16"><span class='ocrx_word' id='word_1_239' title='bbox 119 2133 177 2172; x_wconf 85' lang='lat' dir='ltr'>Et</span> <span class='ocrx_word' id='word_1_240' title='bbox 203 2133 330 2175; x_wconf 86' lang='lat' dir='ltr'>lituo</span> <span class='ocrx_word' id='word_1_241' title='bbox 362 2148 561 2187; x_wconf 81' lang='lat' dir='ltr'>pugnas</span> <span class='ocrx_word' id='word_1_242' title='bbox 594 2138 817 2188; x_wconf 72' lang='lat' dir='ltr'>insignis</span> <span class='ocrx_word' id='word_1_243' title='bbox 851 2137 1025 2177; x_wconf 74' lang='lat' dir='ltr'>obibat</span> <span class='ocrx_word' id='word_1_244' title='bbox 1053 2143 1099 2178; x_wconf 93' lang='lat' dir='ltr'>et</span> <span class='ocrx_word' id='word_1_245' title='bbox 1129 2138 1290 2178; x_wconf 79' lang='lat' dir='ltr'>hasta.</span> 
     </span>
    </p>
   </div>
  </div>
 </body>
</html>
