1635 2492
708 97 836 138 XVII.
868 108 960 137 v111.
1460 99 1539 142 181

130 210 210 251 dus
226 215 268 251 et
290 221 547 251 concussum
568 210 857 250 uehementius
875 210 1023 250 iterum
1040 210 1081 250 in
1099 213 1234 251 aulam
1251 211 1375 252 uertit
1387 212 1542 264 ,idque
1565 219 1584 255 7

129 277 223 307 cum
247 279 394 308 omnes
420 267 577 308 sensim
600 272 726 318 atque
755 267 1009 307 summissim
1038 267 1292 347 rideremus,
1325 273 1412 309 tum
1436 282 1542 320 puer

128 324 306 373 Graece,
346 329 388 365 et
409 323 451 363 id
485 323 653 374 quidem
673 335 885 391 perquam
916 323 1073 364 Attice:
1121 319 1206 377 μὴ
1236 325 1441 377 γελᾶτε’,
1483 327 1542 366 in-

129 380 237 430 quit,
270 379 364 421 εἔνι
390 375 625 420 τοῦλαιον
660 374 759 420 ἀλλ’
788 374 874 420 οὐκ
902 382 1014 428 ἴστε,
1054 372 1127 420 οἷα
1157 381 1296 434 φρίκη
1334 380 1436 433 περὶ
1460 379 1542 424 τὸν

126 431 306 489 ὄρθρον
331 433 491 490 γέγονε
525 432 741 490 mmmmm
783 433 1217 489 κεκρυστάλλωται·’.
1282 440 1522 480 <Verber0’
1529 447 1581 489 ,8

127 493 260 545 inquit
296 494 438 534 ridens
476 495 698 543 Taurus,
739 497 905 534 ‘nonne
936 494 970 534 is
1006 495 1211 535 curriculo
1242 500 1368 545 atque
1401 473 1539 536 oleuni

126 550 285 601 petis?’

215 619 300 659 Sed
333 629 424 658 cum
445 630 554 669 puer
579 620 691 658 foras
717 625 902 670 emptum
927 620 1046 667 isset,
1077 619 1175 659 nihil
1200 619 1292 671 ipse
1322 620 1403 661 ista
1423 633 1542 662 mora

127 675 352 717 offensior:
386 677 544 724 ‘aula’,
572 675 716 725 inquit,
750 678 869 716 eoleo
896 677 1053 726 indiget
1069 682 1127 724 et,
1159 683 1202 717 ut
1217 677 1363 726 uideo,
1395 678 1542 718 intole-

101 733 305 772 randum
334 732 477 779 feruit;
510 732 780 773 cohibeamus
810 745 958 773 manus
984 739 1107 783 atque
1133 733 1310 782 interea,
1342 734 1539 785 quoniam

123 801 232 840 puer
247 800 358 829 nunc
384 788 599 829 admonuit
625 791 762 831 solere
789 792 925 830 oleum
945 791 1264 840 congelascere,
1303 791 1540 831 considere-

125 858 238 894 mus,
267 857 341 886 cur
367 847 505 886 oleum
538 846 705 896 quidem
732 858 859 897 saepe
892 853 932 886 et
966 847 1103 895 facile,
1137 853 1202 888 set
1227 848 1322 887 uina
1351 853 1540 887 rarenter

126 904 477 954 congelascant?’
510 908 637 953 atque
654 903 802 953 aspicit
824 915 888 944 me
906 910 945 944 et
963 904 1094 952 iubet,
1125 904 1222 954 quid
1251 905 1448 953 sentiam,
1483 905 1539 944 di·
1556 910 1578 945 9

127 971 236 1001 cere.
298 961 401 1000 Tum
417 971 494 1010 ego
513 960 732 1011 respondi,
766 960 1003 1000 coniectare
1021 972 1099 1009 me,
1131 961 1273 1001 uinum
1291 961 1446 1001 idcirco
1471 961 1540 1000 mi·
1551 968 1596 1002 10

124 1029 205 1058 nus
233 1016 314 1057 cito
353 1017 670 1067 congelascere,
710 1018 823 1067 quod
856 1018 1014 1057 semina
1051 1019 1258 1067 quaedam
1283 1018 1465 1058 caldoris
1496 1018 1540 1059 in

127 1085 224 1114 sese
241 1074 414 1113 haberet
432 1079 631 1124 essetque
649 1079 796 1114 natura
812 1074 992 1124 ignitius,
1013 1075 1065 1114 ob
1085 1086 1260 1125 eamque
1278 1086 1366 1114 rem
1384 1075 1540 1114 dictum

126 1142 224 1171 esse
255 1131 306 1170 ab
329 1132 551 1170 Homero
585 1132 785 1171 εαἴθοπα
826 1125 991 1178 οἴνων,
1024 1143 1129 1178 non,
1163 1137 1206 1170 ut
1233 1131 1298 1170 alii
1331 1136 1537 1182 putarent,

125 1191 300 1238 propter
317 1188 516 1226 colorem.

212 1254 306 1294 §Est
335 1253 533 1302 quidem',
569 1254 702 1304 inquit
719 1256 943 1302 Taurus,
978 1253 1049 1294 eita
1072 1260 1117 1294 ut
1136 1254 1259 1302 dicis;
1292 1266 1386 1294 nam
1412 1256 1541 1295 ferme
1554 1263 1594 1296 ll

125 1309 344 1358 conuenit,
372 1310 535 1359 uinum,
564 1311 634 1350 ubi
660 1316 803 1361 potum
830 1316 914 1359 est,
944 1312 1174 1351 calefacere
1199 1322 1392 1361 corpora.
1457 1312 1539 1351 Sed
1553 1319 1595 1353 12

123 1378 210 1407 non
228 1377 354 1407 secus
374 1368 512 1407 oleum
531 1379 701 1417 quoque
720 1367 974 1407 calorificum
993 1374 1057 1407 est
1074 1380 1211 1417 neque
1235 1367 1437 1408 minorem
1455 1369 1538 1407 uim

121 1424 164 1463 in
196 1423 446 1474 corporibus
488 1424 779 1464 calefaciendis
813 1424 949 1464 habet.
1017 1425 1085 1464 Ad
1115 1426 1216 1472 hoc,
1263 1424 1297 1464 si
1335 1424 1391 1464 ita
1423 1425 1593 1473 haec,l3

124 1491 233 1531 quae
251 1480 450 1521 calidiora
467 1486 576 1530 sunt,
610 1481 817 1521 difficilius
839 1484 934 1531 gelu
953 1486 1171 1532 coguntur,
1205 1492 1441 1531 congruens
1460 1487 1536 1529 est,

121 1542 186 1586 ut,
227 1549 336 1587 quae
368 1537 580 1588 frigidiora
609 1543 726 1586 sunt,
760 1539 878 1578 facile
911 1544 1127 1588 cogantur.
1188 1541 1369 1578 Acetum
1402 1543 1596 1581 autem14

126 1593 311 1634 omnium
335 1594 514 1634 maxime
538 1595 808 1645 frigorificum
834 1601 898 1635 est
925 1601 1050 1645 atque
1077 1595 1118 1633 id
1144 1606 1371 1644 numquam
1396 1600 1536 1633 tamen

125 1650 372 1691 concrescit.
434 1652 538 1690 Num
562 1651 685 1701 igitur
712 1652 842 1701 magis
869 1663 996 1691 causa
1019 1652 1111 1691 oleo
1136 1650 1299 1699 coaguli
1325 1651 1537 1691 celerioris
1551 1661 1594 1694 15

122 1706 164 1759 in
189 1707 358 1747 leuitate
377 1709 468 1747 est?
496 1708 679 1748 faciliora
712 1708 817 1747 enim
844 1710 896 1747 ad
924 1708 1160 1748 coeundum
1183 1707 1397 1755 uidentur,
1430 1718 1537 1756 quae

123 1764 327 1805 leuatiora
348 1764 592 1815 leuioraque
611 1769 739 1805 sunt'.

209 1834 432 1872 Praeterea
454 1832 496 1872 id
520 1843 690 1882 quoque
708 1832 762 1871 ait
781 1832 923 1881 quaeri
942 1831 1109 1882 dignum
1123 1863 1133 1882 ,
1164 1843 1237 1870 cur
1253 1831 1477 1871 fluuiorum
1498 1837 1538 1870 et
1551 1840 1594 1875 16

125 1888 300 1930 fontium
315 1900 449 1938 aquae
473 1891 567 1939 gelu
586 1890 806 1936 durentur,
841 1900 953 1928 mare
982 1900 1104 1928 omne
1130 1888 1432 1937 incongelabile
1459 1888 1536 1928 sit?

124 1945 309 1985 ‘tametsi
338 1946 684 1992 Herodotus’‚
715 1945 869 1995 inquit,
903 1945 1124 1984 ‘historiae
1160 1945 1357 1994 scriptor,
1393 1951 1538 1984 contra

127 2002 310 2043 omnium
344 2003 492 2050 ferme,
525 2002 595 2052 qui
612 2004 714 2042 haec
735 2002 1052 2050 quaesiuerunt,
1087 2002 1346 2051 opinionem,
1381 2001 1534 2047 scribit,

125 2069 241 2098 mare
255 2059 547 2109 Bosporicum,
576 2060 690 2109 quod
709 2059 1003 2098 eCimmerium'
1024 2060 1276 2108 appellatur,
1308 2068 1537 2106 earumque

125 2114 302 2164 partium
321 2126 435 2154 mare
460 2127 603 2164 omne,
636 2116 749 2165 quod
768 2118 778 2137 <
794 2114 1056 2165 Scythicum'
1078 2115 1244 2163 dicitur,
1277 2115 1372 2163 gelu
1393 2112 1538 2162 stringi

126 2175 168 2210 et
186 2171 457 2211 consistere'.

212 2247 319 2286 Dum
342 2247 446 2287 haec
471 2249 692 2295 Taurus,
724 2249 881 2288 interea
909 2260 1013 2298 puer
1029 2255 1203 2288 uenerat
1221 2254 1261 2288 et
1288 2250 1381 2288 aula
1404 2250 1536 2289 defer·
1548 2253 1593 2289 17

126 2300 272 2342 buerat
286 2308 538 2354 tempusque
556 2316 652 2345 esse
671 2311 869 2355 coeperat
887 2304 1038 2344 edendi
1053 2310 1093 2344 et
1109 2305 1286 2345 tacendi.
