1619 2476
175 46 255 87 152
675 48 757 86 IIII.
779 58 870 86 xm.
887 58 993 86 x1111.
1010 59 1079 87 xv.

175 158 527 206 Theophrasti
560 158 756 207 scriptum
779 156 935 206 inueni,
966 158 1201 209 uiperarum
1231 159 1439 198 morsibus
1472 157 1557 199 tibi-

174 214 321 253 cinium
354 214 454 253 scite
489 215 780 263 modulateque
814 214 1038 254 adhibitum
1072 215 1246 262 mederi3
1277 215 1402 254 refert
1437 215 1558 255 etlam

173 269 457 310 Democriti
486 271 609 317 liber,
642 270 711 319 qui
732 269 968 320 inscribitur
996 267 1122 322 περὶ
1151 268 1375 324 ῥυσμῶν
1405 263 1432 322 ἢ
1463 271 1558 310 λο-

135 334 157 368 3
175 339 223 377 γι
237 325 344 364 κῶν
375 323 557 365 κανών
575 358 584 373 ,
616 325 656 364 111
691 337 771 374 quo
802 326 925 365 docet
954 326 1138 376 plurimis
1170 326 1379 366 hominum
1410 326 1557 366 morbi-

138 390 159 421 4
177 381 239 421 dis
269 381 495 421 medicinae
533 382 660 421 fuisse
687 381 943 421 incentiones
974 382 1177 421 tibiarum.
1245 383 1375 421 Tanta
1402 393 1557 432 prosus

173 438 361 477 adfinitas
380 443 443 477 est
461 438 706 488 corporibus
733 437 942 477 hominum
968 438 1256 488 mentibusque
1273 442 1313 477 et
1335 442 1558 488 propterea

172 492 280 532 uitiis
301 505 468 543 quoque
486 499 556 532 aut
572 494 756 533 medellis
774 493 1002 533 animorum
1020 499 1060 533 et
1079 505 1313 544 corporum.

807 604 927 644 Xlssl.

173 687 348 723 Narratur
365 687 521 723 historia
542 686 587 722 de
603 687 758 722 Hostilio
775 688 949 723 Mancino
978 687 1091 723 aedili
1118 692 1151 723 et
1167 688 1322 723 Manilia
1341 688 1556 731 meretrice3

230 745 417 793 uerbaque
450 743 880 788 (1661611,11·11)1111ο1·11111,
922 743 970 779 ad
1009 755 1102 790 quos
1135 755 1155 778 a
1186 744 1340 779 Manilia
1375 754 1557 790 prouoca-

228 805 302 834 tum
328 804 395 834 est.

133 895 145 926 1
254 886 351 924 Cum
379 886 561 925 librum
586 887 690 924 VIII.
724 886 845 924 Atei
877 885 1154 936 Capitonis
1185 885 1557 925 coniectaneo-

172 953 273 980 rum
289 943 541 991 legeremus,
562 942 630 991 qui
651 941 873 991 inscriptus
899 947 963 981 est
978 943 1035 981 de
1059 941 1276 980 iudiciis
1304 941 1554 991 publicis,

172 998 383 1036 decretum
400 998 655 1037 tribunorum
680 998 813 1037 uisum
838 1003 901 1037 est
924 997 1135 1047 grauitatis
1161 996 1353 1047 antiquae
1376 999 1556 1047 plenum.

134 1062 155 1094 2
171 1054 396 1103 Propterea
418 1053 459 1092 id
485 1053 761 1101 meminimus,
792 1054 917 1103 idque
945 1055 997 1093 ob
1015 1054 1120 1093 hanc
1142 1064 1307 1093 causam
1331 1059 1372 1092 et
1394 1053 1435 1092 in
1451 1054 1557 1092 hanc

172 1109 415 1148 sententiam
444 1110 641 1159 scriptum
669 1115 752 1149 est:
783 1111 915 1149 Aulus
944 1109 1143 1149 Hostilius
1167 1109 1382 1149 Mancinus
1414 1109 1556 1149 aedilis

130 1173 150 1206 3
171 1165 320 1204 curulis
339 1165 424 1204 fuit.
484 1167 522 1204 Is
553 1166 740 1205 Maniliae
769 1165 971 1205 meretrici
1005 1166 1111 1204 diem
1143 1166 1195 1206 ad
1226 1167 1426 1215 populum
1458 1163 1559 1204 dixit

173 1233 242 1268 eo,
277 1223 389 1270 quod
416 1232 437 1259 e
464 1222 645 1262 tabulato
675 1222 762 1260 eius
787 1228 912 1261 noctu
938 1222 1073 1272 lapide
1098 1222 1204 1261 ictus
1231 1226 1362 1268 esset,
1388 1222 1556 1260 uulnus-

129 1286 151 1317 4
173 1287 252 1325 que
285 1288 335 1314 ex
367 1289 415 1315 eo
449 1277 583 1326 lapide
625 1278 883 1316 ostendebat.
944 1277 1107 1316 Manilia
1146 1278 1198 1316 ad
1230 1277 1416 1316 tribunos
1447 1276 1558 1326 plebi

129 1341 149 1372 ὁ
166 1332 426 1380 prouocauit.
485 1333 612 1381 Apud
644 1344 717 1372 eos
752 1333 853 1372 dixit
884 1332 1473 1374 comessatoremMancinum
1503 1333 1557 1371 ad

171 1387 296 1426 aedes
334 1399 432 1426 snas
464 1388 653 1435 uenisse3
686 1399 777 1427 eum
801 1388 877 1428 sibi
901 1388 1085 1438 recipere
1110 1400 1194 1428 non
1211 1387 1339 1427 fuisse
1359 1399 1382 1426 e
1406 1399 1451 1427 re
1467 1399 1556 1436 sua,

131 1451 152 1485 6
171 1443 245 1481 sed
277 1454 369 1482 cum
400 1443 439 1482 ui
468 1444 738 1493 inrumperet,
770 1444 972 1494 lapidibus
1009 1445 1240 1494 depulsum.
1300 1443 1466 1484 Tribuni
1489 1444 1557 1483 de-

170 1505 409 1547 creuerunt,
450 1500 623 1538 aedilem
662 1512 713 1539 ex
748 1512 797 1540 eo
831 1502 923 1540 loco
962 1500 1050 1539 iure
1083 1501 1305 1548 delectum,
1341 1512 1423 1549 quo
1464 1510 1558 1538 eum

168 1555 311 1593 uenire
329 1566 419 1594 cum
439 1556 655 1595 corollario
675 1568 757 1595 non
775 1556 998 1596 decuisset.
1045 1557 1269 1606 Propterea
1281 1588 1290 1604 ‚
1307 1567 1359 1595 ne
1375 1567 1468 1596 cum
1484 1565 1557 1605 po-

169 1612 267 1658 pulo
293 1611 436 1650 aedilis
469 1617 629 1660 ageret,
656 1612 993 1652 intercesserunt.

818 1725 907 1764 XV.

168 1806 332 1841 Defensa
359 1817 380 1841 a
397 1807 506 1852 culpa
523 1806 707 1842 sententia
732 1816 778 1840 ex
800 1805 955 1840 hist0r1a
973 1803 1158 1846 Sallustii,
1196 1814 1307 1849 quam
1331 1802 1447 1850 iniqui
1473 1805 1556 1840 eius

429 1873 513 1897 curn
540 1862 782 1897 insectatione
804 1861 957 1907 maligni
980 1858 1299 1905 reprehenderint.

129 1959 147 1990 1
250 1948 463 1996 Elegantia
492 1948 688 1987 orationis
729 1946 965 1986 Sallustii
996 1946 1303 1993 uerborumque
1341 1944 1557 1993 fin[gen]di

172 2009 211 2043 et
240 2004 421 2043 nouandi
452 2004 631 2043 studium
663 2015 755 2042 cum
779 2004 904 2042 multa
936 2012 1108 2052 prorsus
1130 2000 1282 2040 inuidia
1304 2000 1394 2046 suit,
1427 2000 1557 2039 multi-

173 2070 252 2108 que
282 2070 365 2097 non
398 2059 596 2098 mediocri
627 2058 792 2107 ingenio
831 2058 907 2097 uiri
945 2057 1080 2096 conati
1118 2061 1214 2095 sunt
1250 2056 1557 2105 reprehendere

171 2116 368 2162 pleraque
399 2120 439 2153 et
470 2116 715 2153 obtrectare.
775 2115 819 2153 ln
853 2114 1000 2162 quibus
1033 2113 1151 2161 plura
1180 2111 1326 2150 inscite
1361 2115 1433 2150 aut
1465 2122 1558 2150 ma-

1601 2016 1613 2085 ,μχῇᾼὲ
1598 2001 1600 2003 ’
1608 1982 1610 1986 ,

171 2169 278 2217 ligne
303 2170 506 2208 uellicant.
567 2171 771 2209 Nonnulla
793 2175 928 2208 tamen
949 2168 1077 2207 uideri
1099 2171 1275 2216 possunt
1290 2179 1373 2208 non
1388 2166 1558 2216 indigna
1612 2184 1617 2189 ·

171 2224 512 2273 reprehensione:
561 2227 680 2274 quale
719 2225 816 2263 illud
855 2225 904 2262 in
944 2223 1198 2263 Catilinae
1237 2222 1459 2262 historia
1495 2232 1559 2261 re·
