1619 2476
97 41 157 72 IIII
409 37 630 71 VARIETAS
655 37 880 71 LECTIONIS
906 23 1231 70 GRONOVIANAE.
1295 37 1299 39 ’

94 132 114 165 3
134 130 156 153 *
174 142 276 173 quum
303 132 453 174 opulenti
480 128 496 174 Η
526 132 549 162 4
575 127 650 171 καὶ]
681 135 712 162 et
742 127 757 173 Η
786 130 815 161 V
838 129 858 162 5
876 129 1090 177 composuit,
1111 138 1195 169 quos
1224 126 1240 173 Η
1267 129 1289 162 6
1311 134 1454 162 tractata
1478 134 1541 169 est,

93 179 127 210 in
154 178 235 219 quid
259 195 305 200 —-
331 177 403 209 fieri
426 177 540 208 dicunt
564 194 611 198 —
635 176 696 208 sed
721 175 852 207 affectio
880 174 896 218 Η
924 176 944 206 7
970 173 1159 217 hominum]
1186 176 1336 207 omnium
1360 193 1407 198 —
1431 176 1542 209 uideri

94 233 169 256 esse
206 221 220 266 Η
256 223 277 255 8
305 223 414 254 uideri
445 232 563 253 uerum
596 219 614 264 Η
650 223 695 253 VI
728 222 923 253 iurauerunt
951 218 970 264 Η
995 221 1057 252 VII
1082 222 1104 253 2
1132 222 1265 253 tametsi
1299 218 1314 265 Η
1351 220 1371 253 3
1396 221 1472 253 urbi
1495 238 1542 244 ——·

92 270 195 302 ssoces
224 266 238 312 Η
266 269 287 301 6
311 269 413 300 ssoees
438 285 484 290 —-
510 278 551 299 ex
576 267 660 299 oleis
690 265 706 311 Η
733 268 753 298 7
780 271 961 308 quaterque
989 263 1005 309 Η
1032 265 1054 298 9
1077 276 1194 298 uersus
1216 267 1289 298 hic:
1313 267 1372 299 Est
1398 266 1418 290 *
1440 267 1542 299 trico—

93 325 151 347 sus
181 312 202 359 Η
228 315 301 345 VIII
324 313 345 346 3
371 324 430 346 om.
454 318 524 344 tum
555 310 570 357 Η
599 314 620 346 5
646 318 695 346 est
719 313 783 344 hoc
806 330 853 335 ———
878 322 939 344 om.
962 312 1050 345 XIII.
1079 308 1100 355 Η
1127 312 1218 344 VIIII
1242 312 1349 345 Mileti
1375 311 1391 330 *
1416 317 1447 345 et
1474 310 1491 356 Η
1522 313 1540 345 l

92 371 152 393 om.
183 361 305 393 dixerit
333 357 351 404 Η
377 359 408 391 Χ
433 361 455 391 4
476 357 634 401 *tacent]
665 359 801 401 placent
828 355 844 401 Η
872 358 893 391 6
923 368 982 390 om.
1012 356 1158 389 Graecus
1197 357 1204 400 Ι
1231 358 1278 389 XI
1306 358 1324 390 1
1352 358 1437 390 haec
1466 359 1543 400 ipsa

91 425 137 429 —
164 406 225 438 sed
251 406 392 438 alterum
421 403 436 449 Η
468 405 529 436 XII
556 404 576 437 3
603 415 703 446 quam
729 405 887 447 ambigue
911 404 1020 436 ulderi
1041 408 1153 446 potest.
1179 401 1184 446 Ι
1223 403 1298 435 ΧΙΠ
1320 404 1340 437 3
1362 410 1440 436 suut
1457 404 1543 436 haec

107 450 122 496 Η
152 454 172 484 5
198 457 254 484 aut
280 453 431 495 grauitas
456 468 502 474 ——
526 457 651 483 temere
683 451 712 482 si
741 449 756 495 Η
784 450 805 483 8
831 473 840 490 ,
868 450 992 491 inquit,
1027 450 1074 481 ita
1101 446 1117 493 Η
1146 448 1168 482 9
1192 449 1393 492 consertam]
1428 450 1542 482 coufe-

93 504 179 530 ctam
211 495 226 541 Η
260 498 301 530 10
326 498 569 540 perstringeret
597 494 612 541 Η
642 497 734 528 XIIII
768 499 788 529 2
823 497 909 528 istuc
932 513 974 518 —
1002 519 1009 526 .
1037 496 1066 527 is
1097 492 1112 539 Η
1148 495 1212 528 XV
1235 495 1255 528 3
1282 494 1354 538 illa]
1383 495 1451 527 alia
1476 493 1493 539 Η
1520 496 1542 528 5

94 568 102 583 ,
129 550 160 576 et
185 544 249 575 hoc
273 561 318 565 —
340 549 418 584 post
443 544 564 575 ludens
588 543 670 577 add.
698 568 707 582 ,
735 547 766 574 et
791 542 973 574 ridibundo
999 541 1126 584 ridens,
1152 559 1199 564 -—
1224 546 1400 582 ceteraque
1427 550 1541 573 eorum

91 590 235 627 similia;
265 588 282 632 Η
318 589 339 622 8
365 590 431 622 sibi
456 589 565 621 uideri
595 585 610 633 Η
637 588 716 620 XVI
743 588 954 629 quorundam
980 588 1159 619 uerborum
1188 584 1204 632 Η
1232 586 1253 619 3
1278 588 1441 630 scriptum
1468 596 1542 619 esse

106 633 122 681 Η
147 636 168 668 6
196 641 227 668 et
260 636 386 668 idcirco
415 632 431 679 Η
459 634 480 667 9
506 645 571 666 uno
606 635 707 667 uerbo
736 632 751 677 Η
779 634 873 666 XVII
896 632 1001 676 *qui]
1030 633 1120 674 quod
1143 631 1162 677 Η
1192 634 1210 666 1
1236 633 1485 674 requirentibus
1521 629 1527 676 1

91 683 113 714 4
139 687 195 713 aut
219 692 262 713 ex
282 683 368 725 ripis
395 678 411 724 Η
439 680 550 713 XVIII
575 680 596 712 8
620 680 746 712 factum
772 680 897 711 furtum
925 677 941 723 Η
977 679 1018 712 13
1045 679 1155 711 efferri
1185 676 1201 723 Η
1230 679 1273 711 14
1299 679 1484 711 obstitisset
1522 678 1528 723 Ι

93 728 134 760 17
162 737 228 759 non
254 728 294 759 ob
321 728 433 769 turpia
460 724 476 770 Η
506 726 549 759 19
576 726 683 758 furem
707 736 781 758 esse
809 723 824 769 Η

184 775 283 805 ΧΠ.
310 775 323 805 Ι
351 771 508 815 aliarum]
537 772 763 804 adhibitarum
787 790 833 794 —-
860 781 920 804 suo
947 772 1012 803 sibi
1038 769 1054 815 Η
1079 770 1271 814 2puerum]
1286 781 1488 814 puerperam
1512 767 1528 815 Η

93 820 114 852 5
141 830 215 852 esse
238 824 381 851 matrem
407 817 426 863 Η
460 820 478 850 7
506 818 671 850 naeuulos
694 818 906 850 uenustiores
936 815 951 862 Η
985 817 1027 850 13
1053 818 1181 860 profert
1209 815 1225 861 Η
1257 817 1296 849 17
1315 817 1331 835 *
1353 818 1473 849 lactem
1497 834 1543 839 —-

93 871 250 911 externae
280 871 379 906 atque
409 865 571 897 barbarae
604 865 768 906 nationis,
804 865 834 896 si
864 882 910 887 —
946 864 1073 896 lactens
1100 860 1116 907 Η
1145 862 1188 895 18
1213 868 1244 895 et
1266 863 1422 905 spiritum
1452 861 1471 907 Η
1499 863 1544 896 20

93 904 130 942 6³
156 906 272 943 ἔτικτε
302 929 348 934 —-
381 911 541 943 uidelicet
573 908 588 954 Η
623 912 667 943 24
694 909 874 953 quaedam]
903 910 1039 950 quidem
1066 908 1082 953 Η
1119 910 1148 941 II
1172 909 1189 941 1
1218 914 1274 940 aut
1299 914 1335 940 ut
1363 910 1477 951 inepto
1498 926 1544 931 —

94 957 283 1000 elegantiae
318 958 454 998 quidem
485 957 518 988 in
555 954 571 1000 Η
609 956 630 989 3
652 957 751 988 dicit:
774 954 778 999 Ι
799 974 846 979 —
871 956 987 988 Dictus
1012 973 1058 978 —
1093 955 1226 998 populi,
1253 961 1285 987 et
1310 952 1451 986 *suada
1477 965 1545 987 me-

92 1003 198 1037 dulla.
230 1001 246 1047 Η
274 1006 296 1036 4
321 1003 438 1035 scribit
466 999 482 1046 Η
514 1003 553 1035 11
586 1008 617 1034 et
649 1004 756 1045 inepti
782 1000 798 1046 Η
830 1003 870 1034 14
899 1026 906 1034 .
933 1002 1020 1034 bene
1045 1001 1110 1033 hoc
1138 1010 1239 1042 sane,
1265 1001 1364 1033 bene.
1387 1018 1432 1023 -—
1460 1010 1546 1042 quae

92 1050 242 1091 pessime
265 1067 312 1073 -—
338 1050 438 1091 plura
463 1058 548 1089 quae
576 1046 591 1092 Η
621 1049 664 1080 III
686 1046 824 1080 Tullii*
840 1047 1010 1080 Ciceronis
1033 1047 1145 1080 liberti
1174 1043 1190 1090 Η
1216 1049 1239 1078 4
1262 1052 1294 1078 et
1313 1057 1333 1078 a
1353 1046 1477 1078 tuendo
1500 1051 1547 1070 -’-

94 1100 125 1126 et
149 1105 169 1127 a
200 1095 359 1127 struendo
389 1093 405 1139 Η
434 1095 495 1126 IIII
524 1094 545 1127 3
569 1105 602 1126 u.
632 1096 647 1126 1
674 1095 730 1136 qui
767 1104 843 1126 eum
863 1111 910 1117 —-
935 1105 966 1126 ιι.
993 1095 1015 1125 4
1040 1093 1184 1125 fuuisset
1207 1110 1254 1115 —
1279 1092 1441 1135 gerundis
1469 1090 1486 1136 Η
1512 1103 1545 1126 u.

94 1142 113 1173 7
136 1141 370 1182 Eloqueretur,
399 1147 520 1173 cuncta
542 1141 719 1181 malusque
746 1146 777 1172 et
802 1150 888 1181 quae
913 1140 1002 1172 bona
1029 1137 1045 1183 Η
1077 1151 1110 1173 u.
1137 1138 1158 1171 9
1184 1138 1302 1180 uolup,
1329 1148 1368 1170 ac
1396 1136 1411 1182 Η
1443 1149 1474 1170 u.
1505 1138 1547 1170 15

94 1186 185 1225 Quae
205 1187 298 1229 facit,
324 1205 370 1210 —
395 1192 575 1219 tenentem.
606 1183 622 1230 Η
649 1197 681 1218 u.
710 1186 755 1219 16
779 1187 894 1228 legum
918 1203 964 1209 —
981 1185 1234 1225 *Prudentem3
1267 1181 1282 1227 Η
1310 1195 1342 1216 u.
1365 1182 1547 1217 18*com-

92 1233 197 1275 pellat
217 1232 384 1266 Seruilius
410 1234 469 1264 sic.
503 1230 518 1277 Η
548 1233 568 1265 5
593 1243 653 1265 om.
682 1232 720 1270 Q.
748 1229 764 1276 Η
798 1233 828 1264 V
851 1233 871 1265 5
892 1232 1007 1274 potius
1035 1231 1229 1273 disciplina.
1251 1248 1297 1252 —
1322 1240 1426 1272 super
1452 1240 1491 1261 ea
1516 1226 1536 1272 Η

94 1279 114 1310 7
135 1273 403 1320 προηγούμενα
428 1275 492 1310 καὶ
523 1272 872 1320 ἆποπροηγούμενα
896 1275 916 1322 Η
951 1277 973 1309 8
999 1277 1135 1318 quidem
1164 1281 1284 1307 natura
1300 1293 1346 1298 ——
1368 1274 1448 1317 ipsi]
1470 1281 1548 1318 post

107 1322 123 1368 Η
151 1325 194 1358 10
214 1325 339 1357 iudicio
365 1320 508 1357 collocat
525 1329 605 1365 post
629 1325 717 1356 docti
741 1325 807 1355 uiri
835 1326 851 1366 Η
878 1324 921 1367 12
940 1324 1074 1361 etenim,
1104 1327 1135 1354 et
1162 1318 1177 1365 Η
1207 1322 1247 1353 15
1269 1321 1369 1363 plura
1390 1322 1490 1353 etiarn
1517 1317 1533 1364 Η

92 1370 140 1402 VI
178 1370 194 1402 1
227 1372 340 1413 sirpos
369 1387 417 1392 —
445 1380 573 1412 perque
606 1369 674 1411 lep.
713 1366 727 1412 Η
756 1371 777 1401 2
803 1370 926 1410 minus,
948 1366 969 1388 *
989 1377 1054 1399 non
1081 1372 1132 1399 sat
1158 1367 1228 1398 scio
1249 1384 1296 1389 —-
1319 1365 1411 1409 *AIJ
1438 1369 1491 1398 An
1517 1365 1534 1410 Η

92 1416 154 1447 VH
188 1416 205 1448 1
241 1415 424 1459 Smyrnaea
453 1413 468 1459 Η
500 1414 521 1447 8
547 1420 677 1447 octauo.
708 1413 723 1458 Η
751 1415 826 1446 VIII
855 1415 872 1446 1
899 1414 1153 1455 magnitudine,
1176 1412 1255 1444 hon.
1287 1410 1306 1456 Η
1331 1413 1353 1445 2
1377 1423 1436 1444 om.
1466 1423 1548 1455 epu·

94 1462 164 1494 lum
193 1460 209 1506 Η
243 1462 333 1495 VIIII
367 1461 387 1495 3
420 1462 632 1493 rarissimum
663 1466 724 1492 est.
763 1458 779 1503 Η
818 1461 840 1492 4
872 1460 1039 1492 antistatis
1067 1457 1086 1502 Η
1126 1459 1158 1490 Χ
1181 1458 1202 1490 3
1222 1468 1282 1490 om.
1307 1457 1329 1478 '⁹‘
1352 1456 1440 1500 [...]
1475 1456 1492 1502 Η
1527 1460 1548 1490 7

93 1508 266 1540 Attellana
289 1526 336 1530 —-
373 1508 536 1550 inscripta
570 1504 586 1550 Η
617 1506 663 1538 ΧΙ
688 1506 709 1539 6
735 1501 785 1542 ὠς
808 1500 828 1537 ὁ
857 1499 981 1537 πάνθ’
1012 1503 1028 1550 Η
1055 1505 1115 1537 ΧΠ
1140 1506 1163 1537 4
1183 1510 1336 1536 mutuum
1353 1522 1400 1527 —
1419 1504 1460 1536 ab
1483 1505 1549 1536 ini-

95 1555 192 1585 micis
222 1552 237 1597 Η
265 1553 340 1585 ΧΙΠ
368 1554 384 1585 1
411 1553 645 1596 Apollinarem
672 1551 861 1595 Sulpicium
886 1569 932 1574 —
959 1553 1009 1592 ei,
1044 1561 1098 1583 me
1128 1548 1143 1594 Η
1171 1549 1193 1583 8
1221 1550 1290 1583 Hae
1318 1546 1334 1593 Η
1364 1550 1405 1582 11
1431 1550 1549 1582 kalen-

95 1600 176 1640 daS‚
206 1600 267 1632 sed
300 1597 315 1643 Η
346 1600 388 1632 15
414 1599 564 1631 medium
592 1605 653 1638 est,
675 1616 722 1620 —
740 1597 911 1639 *scilice-t]
937 1598 972 1630 id
993 1602 1043 1629 est
1068 1594 1085 1640 Η
1113 1597 1157 1629 22
1174 1597 1247 1629 eius
1267 1595 1548 1628 offensionem—-

94 1656 164 1677 rem
192 1645 365 1688 publicam
392 1655 458 1677 non
486 1641 502 1688 Η
534 1644 579 1678 23
606 1645 750 1687 dixerat,
777 1643 847 1676 *id
873 1648 922 1676 est
951 1641 966 1687 Η
993 1644 1037 1676 25
1064 1647 1211 1675 montem
1239 1643 1387 1675 Taurum
1412 1651 1485 1673 cum
1518 1638 1536 1684 Η

95 1691 139 1733 29
165 1692 286 1723 insitae
315 1688 329 1734 Η
358 1691 451 1722 XIIII
477 1692 499 1722 4
520 1701 580 1724 om.
603 1692 639 1722 P.
670 1688 686 1734 Η
713 1691 734 1722 5
759 1699 826 1721 non
849 1690 1018 1722 aberrare.
1048 1686 1064 1732 Η
1483 1726 1492 1737 Ι

188 1738 310 1768 XIII.
336 1738 349 1768 I
373 1736 394 1769 6
418 1730 539 1778 μόνον
564 1734 816 1778 γεγεννῆσθαι
841 1733 1001 1776 νομίζων
1026 1752 1073 1758 --
1097 1727 1350 1777 βουλεύσεται]
1377 1725 1550 1773 ἒθελησει

109 1780 123 1825 Η
155 1783 174 1814 7
199 1783 242 1824 et]
274 1779 338 1814 καὶ
365 1780 381 1826 Η
410 1783 436 1814 11
462 1781 483 1814 3
510 1792 550 1814 ea
582 1788 694 1814 tamen
722 1779 730 1826 J
767 1783 789 1813 4
815 1791 895 1813 sane
922 1791 976 1812 me
1000 1781 1150 1822 poenitet
1178 1776 1194 1823 Η
1233 1779 1254 1811 5
1274 1779 1386 1820 pomis
1413 1782 1484 1820 pest,
1519 1775 1536 1822 Η

95 1829 138 1859 III
161 1828 179 1860 1
208 1829 330 1872 longe,
359 1828 528 1871 longeque
555 1828 706 1860 differre:
745 1825 750 1871 1
780 1829 801 1859 2
827 1826 919 1868 quin]
941 1826 998 1867 qui
1024 1823 1041 1868 Η
1068 1826 1091 1857 4
1115 1825 1357 1864 affinitatisque
1379 1841 1426 1846 -—-
1450 1823 1550 1855 fami-

96 1874 296 1906 liaritatisue
338 1874 506 1906 coniuncti
540 1880 635 1912 sunt,
663 1871 679 1917 Η
717 1873 738 1906 6
768 1883 899 1904 summa
932 1873 962 1904 ei
986 1868 1005 1914 Η
1032 1871 1093 1902 IIII
1118 1870 1329 1914 Olympiadis
1361 1868 1551 1902 Alexandri

96 1921 212 1951 matris
239 1921 344 1951 comis
372 1930 410 1952 ac
436 1920 586 1962 prudens
618 1920 661 1951 ad
692 1919 798 1951 filium
828 1917 1062 1951 Alexandrum
1087 1917 1277 1959 rescriptio.
1304 1912 1322 1959 Η
1352 1916 1374 1948 2
1399 1915 1450 1946 illi
1475 1924 1550 1947 esse

110 1963 124 2041 Η
161 1967 206 1998 VI
233 1971 264 1997 et
286 1967 366 1998 item
398 1964 413 2009 Η
440 1966 502 1997 VII
527 1967 548 1998 2
573 1960 820 2007 ἰσχυρότατον
847 1963 864 2008 Η
899 1967 921 1996 4
945 1956 1243 2004 συναντήσονται
1280 1958 1296 2005 Η
1337 1962 1358 1994 5
1379 1953 1550 2002 ἅρπασεν
1598 1970 1609 1976 “

113 2009 127 2054 ΙΙ
156 2011 177 2044 6
203 2013 397 2043 inuenimus
425 2029 471 2034 -
500 2012 584 2043 Post
612 2011 811 2045 scribemus.
846 2011 927 2042 add.
960 2009 1099 2040 7—11.
1123 2008 1229 2040 uerba
1249 2006 1442 2039 Aristotelis
1466 2006 1551 2037 haec

98 2063 174 2088 sunt
200 2068 243 2090 ex
270 2058 356 2089 libro
384 2057 426 2090 de
452 2058 595 2089 historia
620 2057 817 2089 animalium
839 2061 955 2089 sexto:
984 2049 1089 2086 Λέων
1113 2047 1152 2084 δ’
1180 2046 1239 2086 ὅτι
1259 2047 1327 2094 μὲν
1344 2045 1468 2094 ὀχεύει
1484 2056 1548 2083 etc.

99 2102 146 2144 (e.
177 2102 240 2145 31)
273 2113 377 2146 usque
416 2104 463 2135 ad
490 2113 581 2137 uoce.
617 2097 803 2143 ἑξάμηνος
833 2095 886 2133 ὢν
914 2095 984 2142 τὴν
1008 2093 1172 2141 ἡλικίαν.
1204 2099 1219 2144 Η
1250 2099 1327 2133 VIII
1351 2099 1368 2130 1
1393 2098 1550 2140 opinatus

99 2154 147 2180 est
177 2146 192 2191 Η
221 2150 242 2180 2
270 2159 343 2181 esse
366 2159 478 2182 rerum
502 2167 548 2171 —
570 2148 771 2190 comminus]
794 2147 1028 2181 communibus
1062 2143 1078 2189 Η
1116 2146 1209 2178 VIIII
1229 2147 1251 2178 4
1277 2144 1398 2177 Graeci
1428 2137 1550 2178 ὑάδας

97 2212 143 2216 -
167 2204 228 2226 om.
257 2195 293 2226 id
327 2200 376 2227 est
399 2205 466 2227 non
501 2205 520 2226 a
553 2196 670 2234 subus,
700 2192 716 2238 Η
745 2196 766 2227 5
793 2195 902 2236 primo
928 2201 1055 2235 sypnus
1079 2210 1124 2215 --
1150 2202 1211 2234 per
1235 2203 1256 2234 y
1284 2187 1300 2234 Η
1327 2189 1360 2222 X
1384 2188 1480 2227 Quod
1503 2205 1551 2210 —
1611 2199 1616 2206 ·

100 2238 118 2259 *
139 2239 228 2280 quod
262 2237 278 2283 Η
316 2240 331 2271 1
366 2240 383 2259 *
404 2251 463 2273 om.
497 2240 576 2283 [set]
613 2239 628 2285 Η
656 2241 702 2273 XI
736 2242 757 2273 2
788 2241 914 2279 tribus,
949 2239 1131 2270 consistere
1159 2235 1174 2281 Η
1213 2236 1235 2270 3
1256 2241 1334 2278 post
1359 2234 1550 2267 turbulenta
