1619 2476
172 16 228 58 94
656 60 660 61 ⁷
787 32 833 69 ΙΙ.
855 43 941 71 xxl.

133 137 156 172 3
172 130 355 172 uniuersi
372 138 412 173 et
427 135 604 175 lucentia
624 137 760 179 sidera
777 143 1156 190 considerabamus.
1187 152 1301 200 Tum,
1322 155 1390 204 qui
1407 160 1555 201 eodem

169 185 208 224 in
231 199 400 229 numero
426 191 603 231 Graecas
629 205 697 233 res
723 197 869 237 eruditi
899 208 1032 250 erant,
1060 205 1158 254 quid
1184 205 1402 262 ‘ssom'vvyg’
1429 222 1554 265 esset,

171 241 267 289 quid
286 247 297 266 ³
309 238 450 295 ἅμαξα
462 249 475 267 ’
494 251 534 285 et
551 260 753 297 quaenam
770 253 900 294 maior
917 261 957 296 et
974 270 1080 307 quae
1097 261 1241 312 minor,
1261 276 1334 305 cur
1344 267 1400 308 ita
1415 273 1555 320 appel·

166 297 247 337 lata
272 304 312 338 et
334 312 454 349 quam
471 302 510 341 in
527 310 686 352 partem
702 311 967 356 procedentis
986 317 1119 358 noetis
1137 320 1270 368 spatio
1287 332 1556 368 mouerentur

167 358 206 392 et
230 357 496 403 quamobrem
528 360 775 404 Homerus
810 368 941 407 solam
973 381 1062 411 eam
1094 385 1176 413 non
1209 375 1399 420 occidere
1430 382 1551 432 dicat,

164 420 255 448 cum
289 416 329 450 et
362 416 563 462 quaedam
596 418 692 466 alia,
731 421 832 460 scite
869 423 948 463 ista
979 428 1114 468 omnia
1131 441 1180 469 ac
1211 433 1343 481 perite
1373 436 1551 479 dissere-

162 464 271 505 bant.

121 529 143 562 4
242 522 318 562 Η10
335 535 412 574 ego
430 527 482 565 ad
500 534 667 569 nostros
683 530 854 574 iuuenes
873 544 1096 579 conuertor
1122 547 1180 582 et:
1201 545 1347 596 ‘quida
1367 548 1546 601 inquam,

160 580 254 616 ‘uos
280 579 386 629 opici
412 582 544 623 dicitis
569 585 692 626 mihi?
724 600 869 638 quare,
904 595 1016 642 quod
1048 591 1265 649 (ἅμαξαν
1300 603 1444 645 Graeci
1475 619 1548 648 uo-

119 630 140 673 5
160 638 264 679 cant,
285 646 362 675 nos
381 641 720 688 ‘septentriones'
735 650 965 689 uocamus?
997 663 1079 691 non
1095 655 1202 695 enim
1219 658 1319 698 satis
1337 666 1413 710 est,
1433 665 1546 712 quod

158 694 317 738 septem
333 694 473 734 stellas
493 695 702 746 uidemus,
736 703 812 741 sed
835 704 933 752 quid
955 706 1035 746 hoc
1051 712 1201 760 totum,
1228 716 1341 763 quod
1363 721 1545 768 ‘septen-

154 744 334 786 triones'
367 748 557 800 dicimus,
594 754 817 806 significet,
849 760 993 811 seire'‚
1024 764 1210 816 inquam,
1245 770 1310 810 <id
1341 774 1543 822 prolixius

153 802 288 840 uolo'.

114 862 135 897 6
236 858 336 898 Tum
354 861 556 912 quispiam
574 877 625 906 ex
652 867 732 916 his,
762 871 830 920 qui
853 884 900 912 se
926 876 978 913 ad
995 876 1133 918 literas
1151 882 1457 935 memoriasque
1473 899 1541 927 ue-

150 917 258 953 teres
278 915 510 959 dediderat:
536 924 747 973 ‘uulgus’‚
776 926 917 977 inquit,
947 935 1330 980 ‘grammaticorum
1351 944 1541 992 esepten-

111 974 129 1008 7
148 968 327 1010 triones’
364 984 388 1011 a
419 976 510 1015 solo
540 989 709 1019 numero
737 985 947 1025 stellarum
978 988 1131 1030 dietum
1152 997 1282 1042 putat.
1317 997 1538 1039 ‘Triones'

149 1024 254 1064 enim
278 1038 354 1075 per
376 1040 472 1070 sese
494 1031 590 1072 nihil
609 1035 842 1084 significare
859 1041 989 1091 aiunt,
1015 1047 1091 1084 sed
1115 1049 1308 1089 uocabuli
1332 1063 1427 1092 esse
1443 1066 1538 1105 sup-

145 1081 416 1132 plementum;
441 1086 547 1129 sicut
562 1089 600 1128 in
619 1102 688 1139 eo,
707 1097 820 1143 quod
838 1098 1160 1149 ‘quinquatrus'
1188 1104 1394 1156 dicamus,
1424 1113 1538 1160 quod

105 1142 127 1177 8
147 1137 328 1187 quinque
345 1141 394 1179 ab
412 1142 550 1184 Idibus
569 1146 726 1188 dierum
743 1163 939 1194 numerus
957 1156 1027 1204 sit,
1049 1161 1195 1200 ‘atrus'
1213 1161 1322 1202 nihil.
1355 1164 1440 1205 Sed
1457 1178 1535 1217 ego

146 1193 310 1241 quidem
328 1207 419 1236 oum
433 1198 476 1237 L.
494 1202 531 1239 A
545 1202 645 1242 elio
672 1210 712 1244 et
732 1207 786 1246 M.
805 1209 1037 1252 Varrone
1060 1215 1215 1264 sentio,
1249 1219 1318 1267 qui
1343 1221 1533 1263 etriones’

142 1249 298 1290 rustico
336 1258 475 1294 cetero
512 1259 716 1300 uocabulo
747 1263 877 1304 boues
913 1270 1145 1317 appellatos
1178 1273 1382 1325 scribunt,
1415 1279 1534 1328 quasi

145 1307 348 1352 quosdam
381 1310 646 1362 <terriones’‚
677 1315 756 1356 hoo
788 1325 852 1359 est
883 1325 1062 1364 arandae
1091 1328 1375 1380 colendaeque
1396 1338 1532 1375 terrae

101 1365 122 1401 9
139 1359 329 1402 idoneos.
376 1366 520 1415 Itaque
537 1368 617 1409 hoo
641 1371 776 1421 sidus,
797 1378 909 1425 quod
931 1390 955 1418 a
977 1381 1111 1430 figura
1129 1384 1403 1437 posituraque
1425 1389 1530 1440 ipsa,

142 1416 237 1465 quia
253 1417 383 1459 simile
399 1422 573 1470 plaustri
590 1426 788 1478 uideatur,
800 1433 956 1483 antiqui
969 1437 1220 1479 Graecorum
1237 1436 1454 1494 (ἅμαξαν
1472 1448 1529 1486 di-

138 1479 306 1522 xerunt,
335 1477 468 1516 nostri
494 1492 661 1531 quoque
686 1491 849 1528 ueteres
877 1501 902 1530 a
924 1491 1058 1534 bubus
1085 1495 1233 1536 iunctis
1261 1502 1528 1549 “septentrio-

137 1531 236 1568 nes'
254 1533 531 1583 appellarunt,
551 1537 592 1576 id
610 1544 673 1578 est
690 1549 848 1593 septem
865 1548 1012 1597 stellis,
1031 1561 1083 1590 ex
1099 1551 1247 1601 quibus
1266 1557 1385 1604 quasi
1399 1557 1526 1599 iuncti

80 1591 124 1625 10
136 1584 326 1626 ‘triones'
343 1588 584 1638 figurantur.
626 1596 793 1639 Praeter
809 1601 930 1642 hano'
947 1604 1080 1655 inquit
1096 1608 1350 1658 ‘opinionem
1365 1613 1407 1652 id
1426 1627 1526 1664 quo-

27 1656 45 1662 *
135 1652 214 1689 que
231 1643 390 1684 Varro
415 1647 546 1696 addit,
568 1651 753 1694 dubitare
772 1668 886 1706 sese,
914 1671 965 1699 an
982 1668 1205 1713 propterea
1220 1668 1350 1717 magis
1367 1669 1444 1710 hae
1461 1683 1524 1711 se-

130 1701 242 1745 ptem
261 1701 404 1740 stellae
435 1703 638 1746 ‘triones’
663 1714 893 1761 appellatae
921 1716 1019 1766 sint,
1045 1719 1140 1768 quia
1159 1720 1214 1759 ita
1230 1722 1311 1762 sint
1325 1724 1447 1775 sitae,
1478 1733 1524 1768 ut

130 1757 272 1793 ternae
289 1758 432 1797 stellae
448 1761 663 1808 proximae
682 1779 872 1819 quaeque
888 1771 996 1812 inter
1011 1785 1106 1814 sese
1123 1776 1275 1817 faciant
1293 1780 1479 1831 ‘trigona
1491 1787 1519 1831 ⁹,

128 1806 171 1846 id
185 1815 248 1849 est
263 1811 483 1862 triquetras
502 1817 654 1866 figuras
666 1824 694 1860 ⁹.
1380 1868 1385 1872 .

71 1871 112 1904 11
210 1866 272 1905 Ex
289 1867 350 1908 his
369 1869 529 1912 duabus
547 1875 791 1928 rationibus,
819 1894 921 1931 quas
939 1884 1005 1925 ille
1028 1887 1145 1935 dixit,
1172 1891 1286 1938 quod
1307 1894 1518 1947 posterius

128 1925 211 1968 est,
232 1923 419 1965 subtilius
438 1928 750 1983 elegantiusque
768 1942 831 1976 est
853 1939 1001 1980 uisum.
1046 1944 1300 1986 Intuentibus
1319 1947 1426 1988 enim
1445 1962 1518 1991 no-

125 1974 188 2015 bis
206 1976 244 2015 in
261 1978 372 2028 illud,
392 1981 447 2021 ita
461 1991 764 2035 propemodum
780 2004 846 2033 res
863 2001 968 2045 erat,
993 2003 1039 2037 ut
1062 1999 1192 2039 forma
1218 2008 1351 2051 esse(t
1375 2009 1431 2053 et)
1449 2007 1517 2046 tri-

127 2037 273 2079 quetra
288 2035 539 2079 uiderentur.
