1603 2508
73 43 91 67 2'5
107 35 110 38 ¹
127 36 151 51 ’“
199 34 210 38 „

43 64 99 115 ζ’
159 98 162 99 ⁷
222 76 224 78 ’
311 50 316 55 ’
384 49 387 51 ‚
611 70 699 108 VII.
724 69 832 116 (VI.)
871 79 900 108 1.
934 79 980 109 11.
1418 67 1502 108 213

0 155 29 176 v-‘v
58 162 66 175 κ

6 178 22 210 ἶ
81 189 136 224 ἰη
164 181 320 223 ueritas
342 181 395 222 sit
419 187 460 222 et
491 194 576 222 non
609 181 661 222 sit
691 181 982 222 mendacium?
1017 182 1204 231 Namque
1233 180 1374 220 itidem
1407 187 1504 222 sunt

0 246 5 256 '
87 241 202 281 bona
236 245 278 280 et
307 240 436 288 mala,
467 239 640 279 felicitas
674 244 715 278 et
745 237 1032 287 infortunitas,
1061 239 1184 278 dolor
1212 243 1252 277 et
1288 239 1500 289 uoluptas.

87 298 279 337 Alterum
304 296 413 336 enim
439 307 491 335 ex
515 297 669 343 altero,
705 295 826 335 sicuti
857 296 1004 335 Plato
1037 296 1113 340 ait,
1147 295 1374 335 uerticibus
1397 296 1542 338 inter6

89 365 137 394 se
176 353 395 394 contrariis
436 352 660 403 deligatum
707 357 792 392 est:
836 352 870 392 si
909 352 1058 392 tuleris
1096 363 1246 399 unum,
1279 352 1502 393 abstuleris

87 413 348 460 utrumque’.

175 468 291 507 Idem
332 466 660 518 Chrysippus
706 465 761 504 in
802 467 983 506 eodem
1028 466 1166 506 libio
1215 472 1363 506 tractat
1403 478 1499 507 con·
1518 472 1540 508 7

89 524 331 574 sideratque
362 523 617 573 dignumque
657 533 753 562 esse
785 522 826 561 id
866 522 1009 573 quaeri
1047 528 1185 573 putat,
1214 522 1270 562 εἰ
1300 537 1357 562 αι
1393 523 1502 563 τῶν

87 576 405 634 ἀνθρώπων
436 576 596 620 νόσοι
633 575 769 619 κατὰ
802 576 981 632 φύσιν
1018 579 1308 633 γίνονται,
1344 580 1385 619 id
1424 587 1499 628 est,

46 667 48 669 »
89 639 156 688 [si]
189 643 338 678 natura
374 637 467 688 ipsa
503 648 641 676 rerum
676 637 745 676 uel
784 637 1069 687 plouidentia,
1112 648 1220 687 quae
1253 648 1499 687 compagem

87 697 195 735 hanc
225 694 366 734 mundi
398 700 438 734 et
468 705 601 744 genus
639 693 852 733 hominum
890 694 1005 742 fecit,
1044 695 1216 734 morbos
1257 706 1427 744 quoque
1460 701 1501 734 et

89 752 320 792 debilitates
353 757 394 791 et
427 750 712 801 aegritudines
745 761 989 801 corporum,
1031 762 1136 801 quas
1178 751 1392 802 patiuntur
1428 753 1499 791 lio-

87 809 244 861 mines,
291 808 446 848 fecerit.
509 808 726 847 Existimat
769 813 907 847 autem
952 820 1035 848 non
1082 808 1212 848 fuisse
1258 809 1340 848 hoc
1387 809 1536 859 prin-8

88 867 219 917 cipale
254 871 428 905 naturae
463 865 704 912 consilium,
744 870 788 903 ut
819 866 979 904 faceret
1008 865 1199 905 homines
1234 865 1392 906 morbis
1429 867 1499 906 ob-

86 923 261 971 noxios,
302 933 528 972 numquam
563 922 671 962 enim
714 922 794 961 hoc
835 922 1088 962 conuenisse
1130 928 1303 962 naturae
1339 922 1501 962 auctori

86 979 334 1031 parentique
369 979 552 1019 omnium
588 990 725 1018 rerum
762 979 979 1018 bonarum.
1044 979 1158 1019 ‘Sed
1196 991 1289 1019 cum
1325 981 1453 1019 multa
1468 983 1538 1031 ’,9

86 1035 243 1086 inquit,
290 1039 444 1085 ‘atque
487 1047 637 1085 magna
686 1035 875 1085 gigneret
912 1041 1165 1086 pareretque
1209 1036 1427 1086 aptissima
1459 1042 1501 1076 et

85 1093 306 1133 utilissima
323 1125 332 1141 ,
364 1092 443 1132 alia
464 1103 633 1142 quoque
658 1092 779 1132 simul
812 1093 992 1142 adgnata
1022 1098 1119 1133 sunt
1141 1093 1409 1134 incommoda
1434 1093 1498 1133 his

86 1149 203 1200 ipsis,
236 1161 344 1200 quae
365 1149 553 1197 faciebat,
582 1149 880 1197 cohaerentia’;
901 1161 1035 1199 eaque
1060 1154 1176 1198 [non]
1196 1162 1271 1201 per
1293 1157 1497 1198 naturam,

87 1206 162 1248 sed
185 1217 262 1256 per
298 1207 509 1257 sequellas
543 1206 747 1256 quasdam
784 1207 1049 1247 necessarias
1085 1208 1193 1247 facta
1227 1207 1347 1255 dicit,
1384 1208 1499 1257 quod

84 1263 178 1314 ipse
197 1264 379 1314 appellat
410 1258 582 1303 εκατὰ
615 1260 1184 1316 παρακολουίθησιν’ι
1250 1265 1414 1314 ‘Sicut',
1439 1265 1556 1306 in-lo

18 1340 49 1351 w
87 1319 199 1371 quit,
234 1324 354 1360 ecum
392 1331 571 1371 corpora
606 1319 819 1359 hominum
856 1326 1004 1359 natura
1035 1322 1236 1371 fingeret,
1275 1322 1379 1362 ratio
1404 1323 1499 1362 sub-

49 1378 55 1390 ‘
82 1377 195 1417 tilior
222 1382 265 1417 et
294 1376 447 1417 utilitas
480 1377 572 1428 ipsa
607 1376 747 1426 operis
783 1377 1032 1426 postulauit,
1063 1383 1107 1417 ut
1140 1378 1395 1419 tenuissimis
1430 1379 1499 1419 mi-

0 1430 31 1490 [μ’
86 1433 282 1484 nutisque
303 1434 498 1475 ossiculis
530 1439 654 1483 caput
677 1433 976 1484 compingeret.
1040 1435 1124 1474 Sed
1145 1436 1252 1475 hanc
1282 1436 1554 1477 utilitatemll

0 1485 30 1539 ἶ
85 1491 145 1530 rei
180 1490 350 1531 maioris
390 1491 469 1531 alia
501 1491 707 1541 quaedam
753 1490 1072 1531 incommoditas
1105 1492 1367 1533 extrinsecus
1403 1506 1499 1534 con—

0 1551 20 1576 ²*
69 1552 234 1598 ‚secuta
255 1553 339 1596 est,
369 1554 415 1588 ut
436 1549 555 1588 fieret
577 1552 702 1598 caput
721 1548 900 1587 tenuiter
917 1548 1118 1588 munitum
1136 1555 1176 1589 et
1198 1549 1348 1590 ictibus
1366 1551 1498 1590 offen-

0 1602 43 1655 [<·⁷,.1
86 1603 361 1654 sionibusque
393 1604 537 1656 paruis
569 1604 726 1654 fragile.
787 1604 967 1644 Proinde
995 1605 1129 1645 morbi
1162 1618 1333 1656 quoque
1359 1613 1400 1646 et
1431 1619 1497 1647 ae·
1512 1613 1556 1648 12

84 1660 315 1711 gritudines
345 1668 491 1712 partae
521 1668 637 1708 sunt,
672 1662 769 1700 dum
800 1663 913 1700 salus
937 1662 1108 1711 paritur.
1173 1663 1288 1702 Sicut
1323 1665 1557 1713 hercle’,l3

27 1718 30 1720 ’
84 1717 228 1768 inquit,
246 1719 361 1758 ‘dum
377 1719 511 1759 uirtus
526 1717 762 1759 hominibus
781 1729 857 1768 per
875 1718 1092 1758 consilium
1114 1725 1286 1759 naturae
1304 1720 1497 1770 gignitur,

5 1770 16 1777 ”
84 1773 184 1815 uitia
203 1775 358 1815 ibidem
379 1788 455 1827 per
477 1775 731 1815 adfinitatem
751 1775 1000 1814 contrariam
1022 1782 1117 1814 nata
1135 1780 1270 1816 sunt'.

771 1901 817 1940 ΙΙ.

1 1966 22 2004 ¹²-
85 1983 168 2031 Quo
193 1983 323 2021 itidem
347 1983 461 2020 modo
480 1984 606 2020 etnim
630 1984 970 2030 necessitatemque
997 1985 1059 2019 sali
1091 1985 1324 2020 constituerit
1351 1987 1385 2019 et
1409 1995 1498 2021 esse

144 2045 266 2077 lamen
282 2042 320 2077 in
335 2042 445 2077 nobis
463 2041 610 2077 consilii
628 2040 833 2087 iudiciique
852 2041 968 2076 nostri
993 2041 1184 2077 arbilrium
1203 2041 1495 2078 confirmauerit.

166 2117 328 2183 Fatum,
348 2119 462 2169 quod
484 2115 792 2171 (εἶμαομένηψ
816 2118 961 2157 Graeci
978 2124 1144 2166 uocant,
1164 2119 1216 2158 ad
1240 2119 1348 2158 hanc
1367 2120 1497 2160 ferme
1514 2127 1531 2161 l

0 2170 43 2225 ’ἷζκ
86 2175 333 2215 sententiam
366 2176 719 2227 Chiysippus,
760 2174 926 2214 Stoicae
958 2174 1156 2226 piinceps
1188 2175 1494 2227 philosophiae,

20 2231 27 2234 ⁴
88 2224 249 2271 definit:
282 2232 443 2271 ‘Fatum
461 2236 555 2276 est’
582 2232 728 2282 inquit,
757 2231 1027 2281 esempiterna
1049 2233 1254 2282 quaedam
1272 2238 1312 2272 et
1328 2233 1496 2273 indecli

86 2285 234 2328 nabilis
252 2288 383 2328 series
400 2299 538 2327 rerum
557 2295 596 2328 et
614 2295 781 2335 catena,
815 2289 993 2328 uoluens
1013 2289 1239 2340 semetipsa
1256 2301 1351 2330 sese
1369 2296 1409 2329 et
1438 2290 1493 2329 in-
