1603 2508
727 84 756 123 1.
798 94 843 123 11.
1428 80 1482 122 37

71 210 153 250 que
170 203 212 238 et
226 199 367 238 uultus
386 196 652 237 serenitatem
671 196 792 236 stoici
818 197 996 238 hominis
1024 207 1221 246 umquam
1245 197 1328 235 ulla
1353 207 1485 246 posse

72 254 331 306 aegritudine
349 253 594 295 obnubilari.
1191 272 1196 276 ·

155 313 242 352 Has
271 311 340 351 ille
371 311 516 351 inanes
543 310 698 360 glorias
725 322 818 350 cum
845 312 963 350 flaret
989 310 1155 360 iamque
1186 321 1331 350 omnes
1358 309 1520 348 finem6

72 374 274 420 cuperent
317 367 546 417 uerbisque
593 367 681 406 eius
729 368 942 417 defetigati
989 367 1349 417 pertaeduissent‚
1397 371 1485 405 tum

69 428 208 466 Hero
222 426 315 465 des
336 426 514 472 Graeca,
547 424 606 462 uti
621 424 825 474 plurimus
845 424 881 463 ei
899 435 989 463 mos
1010 424 1102 471 suit,
1132 423 1321 463 oratione
1338 427 1482 462 utens:

71 482 329 533 ‘permitte'‚
375 480 530 531 inquit,
572 480 945 531 ‘philosophorum
979 480 1253 530 amplissime,
1289 480 1485 529 quoniam

69 539 332 590 respondere
347 550 426 578 nos
445 537 527 585 tibi,
541 548 647 586 quos
665 549 796 577 uocas
817 537 1015 585 ‘idiotas’‚
1032 549 1115 577 non
1130 537 1308 587 quimus,
1321 536 1486 576 recitari

71 608 123 636 ex
139 596 258 644 libro,
278 595 376 645 quid
393 595 445 633 de
461 593 753 634 huiuscemodi
771 594 1126 644 magniloquentia
1143 598 1286 633 uestra
1304 593 1485 633 senserit

72 652 305 702 dixeritque
321 651 448 701 Epic
463 655 624 698 tetus,
659 650 896 691 Stoicorum
916 651 1120 690 maximus
1133 655 1146 673 ³
1163 650 1371 700 iussitque
1387 661 1482 701 pro-

70 709 166 749 ferri
197 707 633 748 dissertationum
665 708 896 758 Epicteti
938 708 1264 758 digestarum
1299 707 1357 746 ab
1391 709 1483 746 Ar-

70 765 218 806 riano
248 765 459 815 primum
490 764 695 811 librum,
726 765 765 804 in
787 776 868 814 quo
893 765 959 804 ille
977 765 1244 804 uenerandus
1272 776 1403 803 senex
1426 763 1484 803 iu-

68 823 221 870 uenes,
249 822 319 871 qui
335 833 381 861 se
399 820 601 861 ‘Stoicos’
621 822 905 871 appellabant,
926 833 1062 871 neque
1082 821 1210 871 frugis
1230 832 1366 870 neque
1386 832 1484 871 ope-

0 891 13 924 l.
69 890 141 919 rae
162 879 341 929 probae,
370 878 446 917 sed
473 877 740 917 theorematis
769 884 925 917 tantum
951 879 1171 928 nugalibus
1199 883 1239 916 et
1261 877 1483 928 puerilium

7 945 18 980 j
69 936 338 986 isagogarum
370 934 788 975 commentationibus
822 935 1148 983 deblaterantes‚
1194 934 1485 984 obiurgatione

28 1006 33 1008 “
69 993 182 1032 iusta
206 990 436 1031 incessiuit.

156 1049 284 1088 Lecta
298 1048 422 1098 igitur
440 1053 535 1087 sunt
554 1059 605 1087 ex
621 1048 746 1096 libro,
775 1048 844 1097 qui
861 1050 1049 1098 predatus
1069 1054 1152 1095 est,
1181 1060 1229 1087 ea
1249 1059 1355 1098 quae
1373 1046 1485 1086 addi·
1504 1041 1524 1076 7

71 1105 179 1153 dist).
242 1104 399 1154 Quibus
425 1104 565 1144 uerbis
592 1105 870 1155 Epictetus
904 1116 1052 1144 seueie
1077 1105 1198 1143 simul
1226 1111 1265 1144 et
1284 1103 1486 1143 sestiuitei

71 1161 254 1202 seiunxit
279 1166 404 1211 atque
423 1161 563 1200 diuisit
581 1173 603 1200 a
620 1173 721 1201 ueio
741 1168 866 1210 atque
885 1162 1047 1201 sineeio
1069 1161 1235 1209 Stoico,
1272 1161 1342 1210 qui
1371 1166 1485 1200 esset

73 1220 249 1269 procul
261 1218 386 1258 dubio
417 1212 732 1270 ἀκώλυτος,
774 1212 1230 1283 ἀναναγκαστος,
1270 1212 1485 1269 ἀπαρα-

73 1270 360 1326 πόδιστος,
407 1271 741 1327 ἐλεύθερος,
784 1269 1054 1326 εὐπορων,
1098 1269 1483 1327 εὐδαιμονῶν,

70 1333 222 1381 uulgus
239 1331 351 1371 aliud
368 1331 623 1371 nebulonum
640 1332 875 1379 hominum,
911 1331 978 1381 qui
997 1343 1042 1371 se
1075 1336 1085 1354 ⁶
1103 1331 1299 1372 Stoicos'
1327 1342 1483 1371 nuncu-

16 1390 18 1392 ’
71 1393 219 1438 parent
234 1393 407 1438 atraque
423 1389 649 1428 uerborum
668 1394 708 1428 et
725 1389 977 1438 argutiarum
997 1389 1164 1437 fuligine
1182 1390 1234 1429 ob
1251 1390 1397 1429 oculos
1416 1400 1483 1428 au-

71 1445 270 1484 dientium
292 1444 402 1484 iacta
419 1445 707 1485 sanctissimae
726 1446 967 1496 disciplinae
985 1457 1136 1485 nomen
1163 1445 1481 1485 ementirentur:

154 1498 294 1541 Εἰπέ
317 1514 406 1553 μοι
447 1498 572 1552 περὶ
605 1496 836 1566 ἀγαθων
867 1500 957 1542 καὶ
989 1502 1188 1542 κακῶν.
1238 1497 1454 1542 ’Ἀκουέ
1500 1509 1524 1545 8

116 1551 357 1598 Ἰλιόθεν
388 1571 450 1610 με
486 1555 673 1611 φέρων
703 1553 897 1610 ἄνεμος
922 1556 1236 1599 Κικόνεσσι
1277 1557 1484 1599 πέλασ-

1084 1625 1191 1655 σεν.

77 1671 195 1710 Τῶν
233 1665 409 1711 ὄντων
448 1667 509 1710 τὰ
548 1670 646 1739 μέν
686 1669 836 1711 ἐστιν
880 1665 1086 1725 ἀγαθά,
1119 1667 1178 1712 τα
1226 1669 1284 1711 δὲ
1321 1667 1527 1720 κακά,9

71 1723 134 1767 τὰ
157 1724 214 1767 δὲ
239 1722 539 1794 ἀδιάφορα.
583 1723 790 1792 Ἀγαθά
824 1725 919 1779 μὲν
949 1726 1052 1768 οὐν
1084 1721 1288 1798 ἀρεταὶ
1308 1741 1397 1767 και
1422 1722 1483 1767 τὰ

46 1782 368 1836 ’μετέχοντα
408 1779 611 1824 αὐτῶν·
657 1779 796 1825 κακὰ
828 1781 883 1824 δὲ
917 1785 1079 1824 κακία
1111 1781 1203 1824 καὶ
1234 1798 1295 1824 τα
1325 1781 1483 1835 μετέ-

25 1853 240 1893 ·-χοντα
271 1840 487 1890 κακίας·
521 1836 805 1905 ἀδιαφορα
836 1835 892 1881 δε
924 1836 984 1881 τὰ
1014 1837 1219 1907 μεταξὺ
1251 1837 1482 1906 τούτων,

73 1897 330 1962 πλουτος,
348 1898 575 1964 ὑγίεια,
606 1894 732 1951 ζωή,
764 1893 1032 1951 θανατος,
1064 1892 1260 1950 ἡδονή,
1295 1893 1480 1946 πόνος.

26 1949 266 2005 χΠόθεν
314 1947 491 2004 οἷδας;
532 1949 850 2003 Ἑλλάνικος
889 1953 1038 2006 λέγει
1069 1953 1126 1994 ἐν
1156 1959 1270 2002 τοῖς
1299 1954 1479 2019 Λίγυ-
1496 1962 1542 1996 10

39 2055 52 2067 Α,
74 2015 349 2060 πτιακοῖς.
416 2011 480 2051 Τί
502 2006 622 2077 γὰρ
631 2010 890 2080 διαφέρει
915 2011 1080 2051 τοῦτο
1107 2011 1311 2077 εἰπεῖν,
1351 2004 1482 2076 ἢὸτι

0 2065 355 2120 ,ῳΔιογένης
397 2064 457 2107 ἐν
505 2068 566 2122 τῇ
596 2062 771 2123 ἠθικῇ
799 2064 844 2134 ἢ
858 2063 1186 2119 Χρύσιππος
1214 2061 1242 2120 ἢ
1274 2063 1483 2108 Κλεάν-

30 2123 198 2177 τῇῡθηςς
239 2120 620 2177 βεβασανικας
651 2138 752 2165 ουν
781 2119 914 2165 αὐτὸ
948 2139 1036 2164 και
1067 2122 1240 2177 δόγμα
1270 2124 1483 2164 σαυτοῦ

5 2181 395 2244 ῐζπεποίησαι.
433 2181 677 2223 Δείκνυε
703 2181 812 2230 πῶς
838 2184 1039 2230 εἰωθας
1070 2179 1125 2222 ἐν
1156 2182 1327 2235 πλοίῳ
1359 2194 1475 2233 χει-
1493 2188 1535 2221 11

44 2231 372 2300 „flammam-
418 2235 694 2308 μέμνησαι
740 2235 944 2308 ταύτης
988 2238 1082 2291 τῆς
1123 2223 1478 2302 διαιρέσεως,

36 2283 209 2359 τξὸταν
237 2290 463 2348 ψοφήσῃ
487 2289 542 2334 τὸ
578 2293 758 2335 ιστίον
784 2293 873 2335 καὶ
902 2289 1350 2348 ἄνακραυγάσῃς.
1387 2289 1480 2333 ’Ἁν
