1635 2492
613 35 776 75 XVIIII.
814 46 905 76 vm.
1313 96 1317 100 ,
1385 37 1469 81 227

14 151 19 155 ’
53 162 146 192 mus
181 151 510 201 loquentemque
548 148 804 197 audiuimus,
847 148 946 199 quin
976 148 1210 191 rediremus
1253 152 1340 192 fere
1378 154 1471 192 cul-

11 212 14 213 ’
52 208 182 248 tiores
206 206 520 258 doctioresque.
566 206 705 246 Veluti
729 206 804 246 suit
822 206 889 246 illa
911 207 1094 257 quodam
1119 206 1186 247 die
1206 209 1470 249 sermocina-
1485 218 1508 252 2

53 265 108 306 tio
139 264 271 314 illius,
299 264 382 304 leui
406 264 574 315 quidem
591 264 643 304 de
668 275 734 312 re,
764 263 841 304 sed
875 274 899 302 a
931 264 1102 304 Latinae
1132 269 1271 305 tamen
1304 265 1470 316 linguae

17 324 23 342 ³
53 322 193 363 studio
220 333 306 362 non
323 322 571 362 abhorrens.
631 322 732 360 Nam
748 353 757 369 ‚
793 331 886 360 cum
909 320 1116 371 quispiam
1134 322 1344 362 familiaris
1364 323 1467 371 eius,
1486 332 1510 368 3

0 429 7 433 ⁴
50 379 160 420 bene
176 378 364 420 eruditus
382 379 508 419 homo
533 383 574 418 et
595 383 682 418 tum
701 382 829 428 poeta
845 377 1044 426 inlustris,
1067 379 1283 419 liberatum
1308 391 1405 420 esse
1422 391 1469 420 se

52 447 188 488 aquae
215 435 432 477 intercutis
457 436 605 476 morbo
637 434 814 483 diceret,
847 436 962 484 quod
986 436 1178 476 ‘harenis
1209 437 1466 477 calentibus'

52 499 168 534 esset
182 505 300 542 usus,
334 498 423 533 tum
439 493 644 533 adludens
661 492 693 532 F
707 504 760 532 ro
773 497 883 533 nto:
911 493 1076 533 emorbo
1098 493 1296 543 quidem’,
1322 494 1468 544 inquit,

52 554 65 573 ‘
83 562 224 599 cares,
257 551 335 590 sed
355 549 474 590 uerbi
497 549 598 590 uitio
626 561 711 590 non
740 560 873 589 careS.
939 550 1098 590 Gaius
1121 550 1229 590 enim
1249 552 1310 591 Ca
1327 563 1467 598 esar,

51 608 120 648 ille
140 612 372 659 perpetuus
399 607 600 655 dictator,
635 607 705 647 Cn.
723 605 897 658 Pompei
921 618 1066 655 socer,
1096 619 1121 646 a
1142 619 1225 658 quo
1254 607 1407 647 famina
1430 613 1470 647 et

51 665 275 717 appellatio
295 665 518 705 Caesarum
539 663 738 714 deinceps
759 669 989 714 propagata
1011 670 1086 712 est,
1098 664 1162 704 uir
1179 665 1332 715 ingenii
1351 676 1469 716 prae-

52 722 260 771 cellentis,
290 721 497 762 sermonis
528 726 695 772 praeter
717 721 821 762 alios
856 732 958 761 suae
983 721 1129 762 aetatis
1156 722 1397 770 castissimi,
1428 721 1469 761 in

51 779 231 828 libris,
250 790 358 830 quos
380 779 442 819 ad
463 780 516 818 M.
537 778 840 818 Ciceronem
859 778 918 817 de
940 778 1185 829 analogia
1203 779 1468 829 conscripsit,

52 838 279 877 ‘harenas’
307 835 459 876 uitiose
493 835 573 874 dici
603 835 828 882 existimat,
864 835 979 885 quod
1007 836 1213 875 ‘harena’
1240 847 1468 886 numquam

51 892 324 935 multitudinis
349 903 522 932 numero
552 893 803 943 appellanda
829 892 905 939 sit,
937 891 1059 932 sicuti
1084 904 1223 942 neque
1253 894 1466 933 ‘caelum’

52 962 191 1002 neque
217 949 453 997 ‘triticum'3
485 954 630 990 contra
647 954 786 989 autem
811 949 1088 999 ‘quadrigasz
1122 950 1285 989 etiamsi
1317 961 1465 990 currus
1482 958 1506 993 4

52 1020 182 1056 unus,
213 1018 418 1058 equorum
438 1006 674 1047 iunctorum
696 1017 844 1057 agmen
863 1018 991 1046 unum
1014 1006 1088 1054 sit,
1125 1007 1331 1057 pluratiuo
1362 1018 1467 1047 sem-

53 1076 130 1116 per
145 1075 319 1105 numero
338 1063 539 1104 dicendas
560 1067 690 1113 putat,
723 1064 831 1103 sicut
849 1063 959 1102 circa
977 1066 1124 1102 ‘arma'
1145 1069 1186 1103 et
1204 1063 1402 1104 emoenia’
1427 1069 1468 1102 et

54 1121 255 1162 ‘comitia’
274 1125 316 1160 et
335 1120 613 1168 ‘inimicitias'‚
645 1120 725 1159 nisi
743 1120 841 1170 quid
860 1125 1006 1160 contra
1021 1131 1071 1159 ea
1091 1120 1216 1168 dicis,
1247 1126 1467 1170 poetarum

54 1177 353 1230 pulcherrime,
387 1189 470 1228 quo
505 1182 547 1217 et
578 1181 620 1216 te
651 1187 809 1227 purges
848 1181 888 1216 et
911 1188 995 1216 non
1018 1187 1114 1216 esse
1145 1177 1186 1215 id
1221 1177 1366 1217 uitium
1399 1178 1468 1216 de·

55 1235 316 1276 monstres?'

0 1332 2 1336 ,
140 1293 217 1332 ‘De
235 1292 402 1339 ‘caelo’,
433 1289 566 1340 inquit
581 1289 668 1338 ille,
704 1293 770 1329 ‘et
791 1289 977 1330 ‘tritico'
1001 1301 1084 1330 non
1107 1289 1260 1331 infitias
1279 1302 1350 1339 eo,
1369 1290 1466 1341 quin
1485 1308 1506 1341 5

0 1375 3 1379 »
55 1349 219 1399 singulo
243 1358 412 1398 semper
444 1357 618 1386 numero
643 1346 822 1386 dicenda
844 1346 945 1395 sint,
979 1358 1116 1396 neque
1142 1348 1194 1387 de
1224 1347 1400 1387 ‘armis'
1428 1353 1468 1387 et

55 1410 68 1430 θ
82 1404 324 1447 moenibus'
345 1409 386 1444 et
409 1402 649 1451 ‘comitiis'‚
678 1403 775 1454 quin
803 1403 936 1454 figura
961 1403 1230 1445 multitudinis
1264 1410 1468 1456 perpetua

56 1466 327 1510 censeantur3
355 1460 589 1501 uidebimus
613 1466 749 1500 autem
780 1467 877 1510 post
902 1461 954 1500 de
986 1460 1253 1502 ‘inimicitiis'
1279 1466 1319 1500 et
1341 1465 1352 1483 ³
1368 1473 1462 1512 qua·
1481 1476 1504 1512 6

56 1518 217 1570 drigis'.
277 1519 341 1558 Ac
368 1518 602 1558 fortassean
632 1518 684 1557 de
709 1520 721 1540 ²
736 1517 976 1567 quadrigis'
1017 1523 1204 1558 ueterum
1230 1519 1466 1558 auctoritati

58 1586 315 1618 concessero
331 1607 340 1623 ,
370 1574 655 1614 ‘inimicitiam’
680 1579 839 1621 tamen,
873 1574 993 1614 sicuti
1019 1575 1311 1615 ‘inscientiam’
1335 1580 1375 1614 et
1393 1575 1468 1614 ‘in-

56 1633 301 1685 potentiam'
319 1638 361 1671 et
376 1631 610 1679 einiuriam',
641 1642 748 1681 quae
766 1630 868 1671 ratio
888 1637 965 1679 est,
993 1632 1263 1681 quamobrem
1284 1633 1324 1671 C.
1346 1632 1373 1671 C
1386 1642 1441 1671 ae
1454 1655 1468 1660 -

58 1702 142 1732 sar
172 1691 241 1730 uel
258 1687 411 1728 dictam
441 1699 538 1728 esse
563 1699 588 1727 a
612 1688 825 1728 ueteribus
847 1690 913 1728 uel
931 1688 1150 1728 dicendam
1178 1700 1202 1728 a
1227 1688 1349 1729 nobis
1382 1700 1467 1728 non

57 1748 202 1798 putat?
234 1745 402 1796 quando
420 1746 472 1786 Pl
488 1750 674 1793 antus,
698 1745 861 1794 linouae
879 1745 1048 1785 Latinie
1066 1745 1210 1794 decus,
1242 1745 1465 1786 ‘deliciam'

59 1814 229 1854 quoque
251 1799 412 1849 ἑνικως
432 1800 580 1841 dixerit
596 1813 672 1852 pro
689 1801 867 1841 deliciis:

114 1868 242 1918 Mea,
276 1868 426 1919 inquit,
461 1870 730 1919 uoluptas,
762 1867 870 1908 mea
896 1869 1107 1910 delicia.

59 1935 390 1977 Inimicitiam
413 1940 550 1975 autem
569 1936 614 1985 Q.
634 1935 830 1975 Ennius
846 1936 885 1975 in
908 1936 976 1976 illo
995 1936 1344 1977 memoratissimo
1364 1936 1466 1976 libro

61 1991 182 2033 dixit:

119 2088 433 2099 ........
463 2055 542 2099 'Eo
571 2063 732 2108 [ego],
756 2059 898 2108 inquit,
920 2060 1131 2110 ingenio
1157 2060 1311 2100 natus
1338 2071 1468 2109 sum,

117 2114 448 2164 †Amicitiam
470 2121 624 2165 atque
648 2115 972 2155 inimicitiam
997 2116 1044 2156 in
1064 2119 1280 2157 frontem
1305 2128 1470 2167 prom-

899 2172 1037 2222 ptam
1068 2185 1205 2223 gero.

62 2251 149 2293 Sed
169 2251 403 2291 ‘harenas’
435 2261 579 2301 parum
612 2251 753 2290 Latine
786 2251 886 2293 dici,
924 2251 1036 2301 quis,
1069 2262 1142 2292 oro
1173 2256 1235 2347 tle,
1266 2235 1370 2291 alius
1400 2257 1471 2290 aut

1207 2307 1263 2347 5*
