1635 2492
574 49 680 89 XIII.
710 60 780 88 xx.
803 51 978 98 (xv1111.)
1430 48 1485 91 87

74 164 219 213 liares,
247 164 436 214 prolatus
469 163 576 203 sorte
605 162 708 201 liber
738 167 803 202 est
829 161 885 201 ita
913 161 1158 203 inscribtus:
1191 163 1245 202 M.
1272 163 1484 203 Catonis

71 219 305 272 Nepotis.
365 221 469 259 Tum
491 218 634 269 quaeri
662 224 855 268 coeptum
880 224 962 267 est,
993 219 1182 269 quisnam
1205 219 1240 259 is
1266 219 1414 260 fuisset
1431 221 1484 259 Μ.
1502 226 1523 260 2

71 278 195 319 Cato
236 278 422 327 Nepos.
492 278 632 325 Atque
665 275 719 314 ibi
748 275 997 315 adulescens
1027 276 1250 326 quispiam,
1294 277 1408 326 quod
1433 282 1523 317 ex3

70 334 161 375 eius
185 333 449 374 sermonibus
484 332 720 373 coniectare
748 331 885 381 potui,
917 344 1001 373 non
1036 333 1267 373 abhorrens
1294 344 1318 372 a
1340 333 1482 381 literis,

71 390 185 439 ‘hic’,
207 390 358 441 inquit,
393 393 476 430 ‘est
496 390 550 431 M.
573 390 692 437 Cato,
724 400 806 428 non
832 395 1112 439 cognomento
1134 391 1297 440 Nepos,
1331 390 1406 430 sed
1429 391 1483 430 M.

70 447 238 488 Catonis
265 447 452 487 Censorii
474 458 525 487 ex
559 446 642 486 silio
674 457 827 496 nepos,
874 446 943 496 qui
970 451 1090 496 pater
1121 447 1195 486 fuit
1224 448 1278 486 M.
1305 447 1484 491 Catonis,

71 503 270 555 praetorii
291 504 390 552 uiri,
415 503 485 554 qui
507 504 614 543 bello
635 502 741 543 ciuili
762 502 908 542 Vticae
929 514 1075 542 necem
1098 503 1176 543 sibi
1199 504 1336 553 gladio
1360 515 1484 543 manu

69 572 146 600 sua
168 560 392 608 consciuit,
442 561 494 600 de
519 560 636 600 cuius
659 559 743 599 uita
775 559 878 599 liber
900 565 964 599 est
983 561 1036 599 M.
1061 560 1246 601 Cicero
1264 561 1367 608 nis,
1416 561 1485 610 qui

68 617 306 657 inscribitur
332 619 449 658 laus
477 616 712 664 Catonis,
738 628 860 666 quem
893 616 932 655 in
965 617 1114 656 eodem
1139 617 1243 657 libro
1278 618 1385 657 idem
1410 617 1484 657 Ci-

68 684 187 714 cero
210 679 489 725 pronepotem
510 673 640 713 fuisse
663 673 759 712 dicit
774 674 828 712 M.
852 673 1016 713 Catonis
1041 674 1240 714 Censorii.
1292 674 1390 714 Eius
1416 674 1485 724 igi·
1501 680 1523 715 4

65 735 153 778 tur,
191 742 315 781 quem
339 730 527 771 Cicero
560 729 762 777 laudauit,
801 735 919 779 pater
939 730 1004 769 hic
1028 731 1103 770 fuit
1122 732 1176 770 M.
1203 732 1323 778 Cato,
1365 731 1483 772 cuius

67 786 281 827 orationes
306 789 494 828 feruntur
522 786 748 837 inscriptae
768 787 821 826 M.
847 788 1060 827 Catonis
1084 788 1341 838 Nepotis'.

149 844 252 884 Tum
273 843 485 895 Apollin
503 843 630 892 aris,
665 848 710 883 ut
732 855 823 884 mos
848 843 936 883 eius
958 844 996 883 in
1028 845 1374 894 reprehendendo
1399 845 1484 892 suit,
1502 851 1523 884 5

66 899 230 950 placide
253 902 479 941 admodum
502 900 753 950 leniterque:
808 901 996 949 <laud0’,
1026 901 1177 951 inquit,
1210 904 1298 953 ete,
1335 902 1389 941 mi
1410 902 1478 950 fili,

66 957 183 1007 quod
205 957 245 997 in
267 959 424 998 tantula
446 962 602 1005 aetate,
638 956 797 997 etiamsi
817 957 926 996 hunc
948 958 1001 997 M.
1028 959 1146 998 Cato
1160 971 1183 997 n
1200 970 1292 1007 em,
1321 959 1373 998 de
1396 970 1479 1009 quo

66 1025 176 1053 nunc
206 1014 437 1064 quaeritur,
478 1014 570 1065 quis
612 1013 756 1060 suerit,
796 1013 984 1063 ignoras,
1023 1015 1307 1055 auditiuncula
1343 1022 1480 1055 tamen

66 1070 246 1121 quadam
277 1071 329 1111 de
361 1071 527 1111 Catonis
559 1070 708 1110 familia
735 1081 935 1120 aspersus
966 1082 1025 1111 es.
1087 1073 1176 1111 Non
1200 1084 1308 1112 unus
1331 1078 1481 1121 autem,
1501 1078 1522 1113 6

65 1128 142 1167 sed
165 1128 390 1177 conplures
412 1129 466 1167 M.
489 1128 594 1169 illius
609 1126 776 1167 Catonis
800 1127 985 1167 Censorii
1007 1134 1183 1178 nepotes
1208 1130 1384 1177 fuerunt,
1413 1140 1481 1179 ge-

65 1183 138 1223 niti
158 1196 241 1224 non
265 1185 414 1224 eodem
434 1190 572 1234 patre:
607 1184 714 1223 duos
739 1183 847 1223 enim
866 1185 920 1224 M.
943 1184 1009 1224 ille
1033 1186 1153 1233 Cato,
1187 1186 1257 1236 qui
1280 1190 1320 1225 et
1341 1191 1483 1226 orator
1500 1191 1519 1226 7

62 1245 106 1280 et
130 1251 283 1281 censor
304 1240 396 1288 fuit,
427 1241 535 1281 filios
565 1240 727 1288 habuit,
760 1245 799 1279 et
822 1241 1022 1281 matribus
1048 1242 1240 1282 diuersos
1270 1248 1311 1282 et
1341 1243 1480 1283 aetati-

62 1297 142 1338 bus
162 1298 287 1347 longe
313 1297 517 1347 dispares.
550 1298 651 1336 Nam
675 1297 754 1336 iam
778 1297 1047 1338 adulescente
1071 1300 1219 1346 altero,
1238 1304 1369 1339 matre
1391 1299 1479 1340 eius
1496 1306 1519 1340 8

63 1353 236 1402 amissa,
262 1353 355 1404 ipse
377 1365 547 1404 quoque
568 1354 649 1393 iam
670 1355 843 1393 multum
865 1365 1017 1403 senex,
1051 1354 1193 1396 Saloni
1224 1355 1385 1396 cIIentis
1416 1356 1481 1396 sui

63 1410 188 1450 filiam
216 1410 419 1460 uirginem
451 1411 568 1451 duxit
596 1410 635 1449 in
667 1410 994 1459 matrimonium,
1028 1423 1079 1452 ex
1109 1423 1190 1462 qua
1211 1418 1332 1453 natus
1358 1418 1423 1453 est
1444 1413 1481 1453 ei

61 1468 116 1507 Μ.
144 1468 242 1508 Cato
263 1467 534 1508 Salonianus:
558 1468 639 1508 hoc
664 1467 772 1507 enim
794 1467 849 1506 illi
871 1474 1194 1518 cognomentum
1222 1470 1295 1509 suit
1319 1482 1342 1509 a
1364 1470 1479 1511 Salo-

61 1523 152 1572 nio,
184 1528 303 1573 patre
333 1524 497 1572 matris,
534 1525 688 1566 datum.
750 1525 811 1563 Ex
847 1525 1003 1565 maiore
1029 1531 1167 1565 autem
1191 1527 1357 1566 Catonis
1380 1526 1517 1575 filio,9

63 1580 134 1630 qui
159 1584 331 1631 praetor
352 1580 594 1631 designatus
622 1586 740 1631 patre
759 1580 856 1621 uiuo
882 1587 1070 1622 mortuus
1093 1587 1176 1630 est,
1218 1588 1259 1621 et
1285 1582 1478 1632 egregios

65 1637 126 1676 de
146 1635 283 1677 iuris
307 1637 610 1688 disciplina
634 1636 761 1677 libros
789 1638 972 1688 reliquit,
996 1638 1182 1678 nascitur
1202 1639 1287 1687 hic,
1316 1640 1368 1678 de
1394 1651 1476 1689 quo

63 1693 295 1743 quaeritur,
324 1695 378 1734 M.
404 1695 547 1742 Cato,
581 1695 634 1733 M.
653 1693 782 1742 filius,
808 1695 861 1733 M.
886 1705 1035 1744 nepos.
1097 1697 1135 1734 Is
1169 1695 1268 1735 satis
1303 1707 1476 1736 ueniens
1494 1702 1537 1738 10

62 1754 205 1791 orator
246 1750 321 1790 fuit
356 1752 592 1801 multasque
620 1750 830 1791 orationes
861 1752 914 1790 ad
946 1753 1182 1801 exemplum
1212 1752 1278 1791 aui
1300 1752 1475 1792 scribtas

61 1806 226 1857 reliquit
246 1811 288 1847 et
309 1809 456 1848 consul
487 1819 581 1848 cum
606 1808 651 1857 Q.
673 1807 827 1847 Marcio
850 1808 964 1857 Rege
986 1808 1078 1855 suit,
1101 1808 1227 1858 inque
1253 1820 1302 1849 eo
1327 1820 1477 1849 consu-

61 1864 146 1903 latu
167 1863 207 1903 in
229 1863 413 1904 Africam
434 1866 662 1915 profectus,
689 1863 728 1903 in
752 1875 801 1903 ea
824 1864 1039 1914 prouincia
1061 1871 1236 1904 mortem
1260 1865 1357 1905 obit.
1390 1865 1474 1906 Sed
1490 1874 1531 1907 11

59 1918 96 1959 is
119 1932 216 1969 non,
238 1919 295 1959 ita
315 1925 361 1960 ut
378 1921 529 1970 dixisti,
553 1923 605 1961 M.
623 1920 788 1961 Catonis
803 1952 812 1969 ‚
832 1921 1028 1971 praetorii
1051 1921 1147 1969 uiri,
1173 1921 1242 1971 qui
1263 1933 1310 1961 se
1330 1922 1475 1961 Vticae

54 1974 209 2016 oceidit
230 1980 272 2016 et
293 1987 414 2027 quem
435 1975 615 2016 Cicero
634 1977 829 2026 laudauit,
846 1984 966 2028 pater
984 1980 1079 2028 fuit3
1099 1993 1189 2029 nec,
1213 1983 1306 2032 quia
1326 1982 1393 2022 hic
1410 1992 1478 2022 ne-

54 2047 133 2085 pos
152 2035 318 2076 Catonis
334 2035 533 2088 Censorii,
558 2034 624 2074 ille
649 2038 785 2073 autem
801 2046 1015 2085 pronepos
1040 2037 1134 2085 suit,
1157 2045 1382 2088 propterea
1403 2053 1471 2080 ne-

55 2102 222 2132 cessum
246 2096 332 2145 est,
354 2098 515 2143 patrem
537 2093 647 2131 hunc
671 2091 707 2130 ei
730 2091 872 2131 fuisse.
935 2092 1010 2132 Hic
1034 2094 1141 2133 enim
1170 2106 1324 2146 nepos,
1348 2097 1464 2138 cuius
1484 2106 1527 2140 12

53 2147 158 2187 haec
175 2149 301 2189 modo
324 2150 486 2199 prolata
507 2147 639 2188 oratio
665 2152 746 2195 est,
790 2147 916 2187 filium
941 2149 1107 2199 quidem
1131 2151 1328 2192 maiorem
1351 2154 1468 2194 Cato-

55 2214 150 2244 nem
168 2204 331 2253 habuit3
369 2206 445 2246 sed
465 2217 548 2246 non
571 2216 684 2251 eum,
726 2204 794 2254 qui
816 2204 961 2245 Vticae
985 2207 1113 2256 perit,
1154 2209 1229 2247 sed
1253 2209 1341 2259 qui,
1373 2221 1466 2250 cum

57 2259 202 2301 aedilis
224 2261 376 2302 curulis
403 2267 443 2301 et
469 2266 639 2312 praetor
663 2261 829 2308 fuisset,
878 2261 915 2300 in
950 2263 1118 2303 Gallifim
1151 2265 1467 2308 Narbonensem
