1619 2476
126 90 184 133 44
746 92 775 130 Ι.
801 103 841 130 v.
860 102 916 130 v1,

129 203 223 243 hinc
242 208 282 243 et
297 199 367 243 ‘vlt
385 196 534 254 κομψὰ
547 207 559 225 ’
579 203 645 242 illa
666 206 678 225 ²
690 202 947 255 χλανίσκια’
968 207 1009 242 et
1030 199 1236 255 εμοιλοικοὶ
1251 202 1532 254 χιτωνίσκοι’

130 261 180 300 ab
205 259 375 300 aemulis
401 259 736 309 aduersariisque
763 260 919 309 probro
946 259 1059 307 data,
1085 259 1179 298 hinc
1204 259 1326 299 etiam
1341 259 1537 310 turpibus

128 316 392 366 indignisque
417 315 456 354 in
480 327 573 355 eum
594 316 733 355 uerbis
751 327 834 358 non
862 320 1156 365 temperatum,
1184 315 1280 365 quin
1302 327 1450 366 parum
1468 316 1533 356 uir

131 379 170 412 et
189 384 261 413 ore
279 383 446 422 quoque
465 374 623 422 polluto
643 373 862 412 diceretur,

79 437 120 477 ‘2
217 429 283 468 Ad
306 429 482 468 eundem
500 430 668 469 modum
681 430 726 478 Q.
742 427 1058 468 Hortensius
1084 427 1275 469 omnibus
1298 428 1426 468 ferme
1444 439 1534 468 ora-

129 486 289 524 toribus
320 485 466 524 aetatis
493 497 613 533 suae,
648 485 724 524 nisi
750 486 804 524 M.
832 485 1022 532 Tullio,
1055 483 1224 532 clarior,
1263 485 1377 534 quod
1407 486 1535 524 multa

129 541 326 581 munditia
354 547 393 580 et
423 542 722 591 circumspecte
749 541 1065 591 compositeque
1092 541 1261 580 indutus
1295 545 1336 580 et
1359 540 1533 581 amictus

130 604 243 637 esset
260 609 490 647 manusque
509 599 596 637 cius
614 598 719 637 inter
736 599 942 647 agendum
967 598 1102 638 forent
1118 602 1288 646 argutae
1308 597 1533 637 admodum

130 660 169 694 et
192 660 438 704 gestuosam,
470 654 697 694 maledictis
723 654 1195 704 compellationibusque
1220 653 1385 703 probris
1411 653 1534 694 iacta-

131 716 195 750 tus
215 716 278 750 est
301 712 510 759 multaque
528 710 564 749 in
586 723 698 758 eum,
727 712 844 759 quasi
869 710 908 749 in
926 710 1189 758 histrionem,
1214 709 1254 749 in
1272 710 1374 760 ipsis
1394 709 1533 750 causis

97 772 255 816 3atque
286 766 448 805 iudiciis
473 767 581 805 dicta
613 773 721 806 sunt.
774 767 858 806 Sed
890 778 981 806 cum
1012 768 1056 805 L.
1083 768 1405 815 Torquatus,
1439 766 1533 806 sub-

129 823 283 872 agresti
302 824 426 863 homo
446 822 610 871 ingenio
631 829 671 862 et
691 823 905 871 infestiuo,
932 823 1100 872 grauius
1127 822 1404 872 acerbiusque
1422 822 1534 873 apud

130 880 346 919 consilium
378 880 580 926 iudicum,
615 891 707 919 cum
732 881 783 918 de
810 891 937 919 causa
961 880 1100 919 Sullae
1126 884 1418 928 quaereretur,
1450 890 1534 919 non

128 936 207 975 iam
233 935 476 976 histrionem
503 947 595 974 eum
620 948 716 975 esse
740 936 913 983 diceret,
948 937 1024 975 sed
1049 934 1355 985 gesticulariam
1380 935 1535 986 Diony—

129 992 317 1042 siamque
361 1004 453 1031 eum
497 992 741 1032 notissimae
773 992 1051 1032 saltatriculae
1083 991 1250 1031 nomine
1289 992 1534 1042 appellaret,

127 1054 213 1087 tum
239 1059 346 1089 uoce
373 1049 483 1088 molli
507 1053 630 1097 atque
664 1048 845 1088 demissa
870 1048 1216 1088 Hortensius:
1266 1047 1532 1099 ‘Dionysia'‚

128 1104 279 1154 inquit,
308 1104 533 1156 ‘Dionysia
559 1107 665 1146 malo
689 1105 883 1154 equidem
901 1116 1020 1153 esse,
1047 1116 1170 1154 quam
1193 1105 1307 1154 quod
1331 1109 1375 1144 tu
1393 1137 1402 1154 ,
1433 1105 1536 1144 Tor-

130 1167 273 1210 quate,
293 1157 514 1213 ἄμουσος,
543 1155 868 1213 ἀναφρόδιτος,
895 1155 1288 1213 ἀπροσδιόνυσος)

795 1274 864 1314 Vl.

128 1355 256 1390 Verba
274 1366 320 1390 ex
339 1356 506 1391 oratione
522 1356 662 1391 Metelli
680 1355 888 1398 Numidici,
918 1365 1027 1401 quam
1056 1355 1092 1389 in
1117 1365 1278 1390 censura
1294 1353 1388 1390 dixit
1404 1353 1453 1390 ad
1469 1364 1536 1401 po-

186 1412 334 1457 pulum,
363 1423 447 1447 eum
465 1422 548 1447 eum
568 1412 616 1447 ad
635 1422 771 1447 uxores
792 1410 986 1446 ducendas
1005 1410 1290 1456 adhortaretur3
1314 1421 1434 1458 eaque
1453 1421 1536 1446 ora-

187 1468 236 1503 tio
258 1479 369 1513 quam
395 1469 440 1503 ob
460 1479 613 1504 causam
631 1468 863 1514 reprehensa
880 1471 915 1502 et
931 1478 1003 1514 quo
1021 1471 1152 1504 contra
1167 1467 1279 1504 modo
1300 1467 1457 1504 defensa
1474 1467 1537 1503 sit.

99 1568 118 1601 1
217 1554 356 1594 Multis
375 1560 416 1594 et
434 1555 603 1595 eruditis
622 1556 722 1594 uiris
742 1554 1004 1595 audientibus
1021 1555 1236 1604 legebatur
1252 1553 1423 1594 oratio
1437 1555 1536 1593 Me·

128 1611 540 1659 telliNumidici,
559 1612 699 1661 grauis
718 1623 766 1650 ac
784 1611 927 1651 diserti
945 1611 1041 1659 uiri,
1062 1623 1208 1661 quam
1232 1611 1279 1650 in
1310 1620 1537 1650 censura

131 1667 260 1706 dixit
291 1668 349 1707 ad
380 1670 624 1718 populum
651 1669 711 1708 de
737 1667 992 1708 ducendis
1018 1668 1297 1715 uxoribus,
1329 1677 1536 1706 cumeum

98 1724 181 1769 2ad
211 1724 469 1763 matrimonia
501 1725 765 1774 capessenda
796 1725 1043 1765 hortaretur.
1103 1726 1146 1763 In
1179 1735 1229 1763 ea
1260 1722 1448 1763 oratione
1480 1722 1537 1762 ita

131 1780 330 1819 scribtum
365 1780 459 1819 fuit:
517 1781 567 1820 Si
602 1781 714 1820 sinc
742 1792 904 1820 uxore
934 1791 1238 1830 possemus,
1279 1778 1535 1829 Quirites,

132 1840 313 1885 [esse],
349 1848 525 1876 omnes
566 1849 621 1876 ea
653 1837 898 1876 molestia
929 1847 1249 1883 careremus3
1289 1841 1370 1875 set
1407 1846 1535 1885 quo·

131 1893 261 1931 niam
295 1892 366 1932 ita
400 1899 585 1932 natura
615 1893 857 1940 tradidit,
896 1898 949 1932 ut
980 1904 1071 1933 nec
1111 1891 1361 1932 cumillis
1400 1891 1534 1944 satis
1591 1918 1594 1921 ι

132 1950 418 1997 commode,
451 1961 542 1988 nec
578 1949 689 1989 sine
726 1949 837 1988 illis
874 1950 983 1990 ullo
1020 1950 1167 1989 modo
1194 1948 1303 1987 uiui
1334 1947 1532 1997 possit,
1578 1962 1603 2004 ,323

132 2005 292 2044 saluti
330 2010 621 2055 perpetuae
663 2005 860 2055 potius,
903 2017 1048 2054 quam
1078 2004 1233 2044 breui
1263 2002 1534 2054 uoluptati

132 2062 514 2101 consulendum
546 2067 638 2101 est.
1577 2067 1587 2098 ζ

99 2123 121 2158 3
215 2117 444 2157 Videbatur
466 2118 725 2167 quibusdam,
745 2118 1074 2167 Q.Metellum
1094 2125 1334 2165 censorem,
1354 2114 1534 2156 cuicon·
1568 2132 1583 2164 y

132 2171 267 2212 silium
285 2178 411 2221 esset,
431 2175 482 2212 ad
499 2186 653 2215 uxores
673 2175 885 2213 ducendas
903 2174 1104 2223 populum
1122 2171 1290 2221 hortari,
1308 2184 1392 2213 non
1411 2182 1533 2222 opor·
1572 2219 1575 2223 ⁷

130 2228 262 2269 tuisse
279 2230 330 2268 de
345 2230 536 2269 molest-ia
553 2230 914 2279 incommodisque
934 2228 1150 2278 perpetuis
1168 2229 1228 2268 rei
1246 2228 1421 2269 uxoriae
1437 2239 1534 2267 eon-
1582 2211 1600 2280 ,ᾗ

131 2284 257 2332 fiteri,
290 2296 428 2335 neque
446 2285 487 2325 id
504 2286 659 2326 hortari
676 2286 806 2335 magis
825 2296 940 2333 esse,
972 2297 1095 2334 quarn
1113 2285 1360 2326 dissuadere
1376 2284 1533 2324 abster-
1563 2281 1600 2476 ἓ
