1619 2476
171 50 227 91 94
662 30 765 86 XIII.
793 58 914 86 xx111.
943 51 1083 95 (xxn.)

116 169 160 204 12
172 163 309 212 Super
336 172 381 200 ea
408 171 452 199 re
479 158 618 198 audiui
641 170 723 199 non
749 158 998 198 incelebrem
1020 157 1227 200 hominem
1252 158 1412 207 dicere,
1444 158 1563 201 nimis

171 218 327 258 comice
349 217 579 255 Plautum
602 214 778 265 inperito
797 219 838 254 et
860 213 1071 254 incondito
1094 214 1206 255 militi
1231 215 1375 255 falsam
1397 227 1565 255 nouam-

173 285 253 324 que
272 271 509 322 opinionem
531 270 727 311 tribuisse
740 304 749 319 ,
774 276 820 310 ut
838 270 1055 310 Nerienem
1072 271 1290 321 coniugem
1309 283 1405 312 esse
1421 272 1564 313 Martis

114 336 157 370 13
168 334 343 379 putaret.
389 328 473 368 Sed
493 327 535 366 id
550 327 681 377 perite
697 327 826 377 magis
846 337 968 376 quam
989 327 1147 367 comice
1164 326 1317 367 dictum
1340 327 1563 378 intelleget,

172 385 240 435 qui
262 387 371 434 leget
388 385 464 424 Cn.
489 383 644 423 Gellii
672 384 912 422 annalem
931 383 1166 431 tertium,
1199 383 1239 422 in
1258 396 1340 434 quo
1362 383 1562 424 scribtum

171 447 251 488 est,
277 440 507 487 Hersiliam,
533 451 625 479 cum
644 441 755 490 apud
771 441 814 479 T.
833 439 991 479 Tatium
1016 440 1146 479 uerba
1163 440 1317 479 faceret
1331 451 1563 490 pacemque

171 502 326 545 oraret,
357 497 412 536 ita
447 501 657 547 precatam
685 507 798 536 esse:
835 495 988 535 Neria
1015 495 1195 536 Martis
1229 500 1284 535 te
1316 496 1562 544 obsecro,

168 565 345 604 pacem
376 553 455 601 da,
488 557 557 600 te,
594 552 668 592 uti
694 553 853 591 liceat
874 551 1071 601 nuptiis
1103 551 1335 603 propriis
1367 557 1417 591 et
1444 564 1563 603 pro-

169 610 340 660 speris
361 609 451 656 uti,
474 609 608 658 quod
632 610 690 648 de
712 608 782 648 tui
805 619 860 648 co
875 608 1044 657 niugis
1067 608 1293 648 consilio
1320 608 1562 658 contigit,

166 666 241 706 uti
272 677 363 706 nos
396 664 576 704 itidem
612 665 841 714 integras
878 669 1146 714 raperent,
1186 665 1321 704 unde
1355 664 1562 705 liberos

112 722 263 764 14sibi
293 727 342 761 et
371 721 500 768 suis,
537 726 782 771 posteros
810 721 1012 771 patriae
1044 726 1307 771 pararent.
1368 721 1436 760 De
1467 720 1560 768 tui,

166 777 309 828 inquit,
328 777 563 826 coniugis
586 776 825 825 consilio,
844 777 1015 816 Martem
1036 777 1194 817 scilicet
1209 776 1469 827 significans3
1487 788 1563 827 per

170 835 283 885 quod
299 839 483 884 apparet,
500 845 583 873 non
603 844 698 873 esse
715 833 757 872 id
775 834 937 884 poetice
955 845 978 872 a
992 834 1173 873 Plauto
1193 833 1357 881 dictum,
1378 833 1454 873 sed
1471 843 1562 873 eam

169 902 335 941 quoque
353 890 617 930 traditionem
643 889 792 938 fuisse,
824 894 869 929 ut
887 889 1007 929 Nerio
1034 901 1058 929 a
1079 889 1326 940 quibusdam
1343 901 1449 930 uxor
1466 900 1563 929 esse

113 955 153 988 15
163 947 304 987 Martis
341 946 560 986 diceretur.
622 946 722 986 Inibi
742 952 877 986 autem
896 945 1306 986 animaduertendum
1329 950 1412 994 est,
1448 945 1563 995 quod

168 1002 364 1043 Gellius
388 1003 421 1042 N
435 1003 546 1042 eria
564 1002 661 1042 dicit
677 1014 751 1053 per
774 1014 797 1042 a
813 1002 989 1051 literam,
1013 1014 1097 1043 non
1123 1001 1290 1051 eNerio’,
1309 1012 1446 1052 neque
1471 1002 1563 1041 ‘Ne-

111 1066 154 1101 16
164 1059 331 1099 rienes'.
391 1060 560 1099 Praeter
579 1060 808 1098 Plautum
830 1059 951 1098 etiam
973 1064 1219 1109 praeterque
1243 1058 1463 1099 Gellium
1485 1055 1564 1097 Li-

168 1116 268 1155 cini
283 1127 340 1155 us
375 1116 594 1163 Imbrex,
636 1121 757 1155 uetus
782 1115 1091 1156 comoediarum
1119 1115 1317 1163 scribtor,
1352 1114 1393 1154 in
1413 1114 1562 1162 fabula,

168 1183 273 1222 quae
293 1173 487 1211 Neaera
505 1172 659 1222 scripta
679 1177 760 1219 est,
785 1171 840 1210 ita
865 1171 1048 1222 scripsit:

221 1252 345 1291 Nolo
370 1250 464 1300 ego
487 1252 731 1289 Neaeram
757 1249 805 1289 te
827 1257 1036 1298 uocent,
1058 1255 1138 1290 set
1157 1248 1450 1296 Nerienem,

224 1308 340 1346 Cum
363 1304 565 1356 quidem
585 1305 734 1345 Marti
755 1316 806 1345 es
832 1303 879 1344 in
902 1304 1181 1345 conubium
1209 1306 1338 1344 data.

114 1400 224 1437 171ta
247 1403 383 1437 autem
413 1408 458 1436 se
483 1406 677 1434 numerus
700 1394 873 1434 huiusce
898 1398 1046 1434 uersus
1072 1395 1214 1442 habet,
1243 1399 1288 1433 ut
1309 1394 1429 1434 tertia
1447 1394 1487 1434 in
1512 1406 1562 1437 eo

166 1453 330 1494 nomine
357 1452 530 1503 syllaba,
565 1455 709 1490 contra
727 1462 849 1500 quam
867 1461 995 1500 supra
1011 1450 1165 1490 dictum
1189 1455 1264 1498 est,
1298 1450 1564 1502 corripienda

167 1509 240 1557 sit3
274 1509 389 1548 cuius
411 1507 572 1548 sonitus
598 1512 750 1556 quanta
771 1511 870 1556 aput
890 1511 1054 1546 ueteres
1081 1506 1359 1547 indifferentia
1385 1507 1457 1555 sit,
1490 1519 1562 1547 no-

114 1566 244 1605 lsstius
263 1571 345 1612 est,
377 1576 498 1614 quam
520 1568 564 1603 ut
589 1565 706 1613 plura
723 1563 762 1602 in
787 1562 828 1602 id
848 1563 975 1602 uerba
992 1564 1195 1602 sumenda
1211 1563 1304 1603 sint.
1366 1562 1560 1603 Ennius

166 1627 301 1661 autem
321 1621 361 1660 in
380 1620 533 1671 primo
561 1631 620 1658 an
634 1619 736 1658 nali
758 1619 798 1658 in
830 1620 909 1659 hoc
931 1630 1076 1659 uersu:

676 1698 944 1738 Nerienem
967 1697 1218 1737 Mauortis
1243 1702 1283 1736 et
1303 1699 1560 1745 Herclem,

167 1790 213 1837 si,
249 1790 362 1839 quod
382 1788 546 1828 minime
567 1790 686 1835 solet,
715 1800 930 1827 numerum
946 1787 1141 1835 seiuauit,
1168 1785 1340 1837 primam
1358 1787 1560 1837 syllabam

163 1845 356 1892 intendit,
385 1845 545 1884 tertiam
573 1844 782 1894 corripuit.

109 1908 152 1944 19
244 1904 307 1941 Ac
329 1913 381 1940 ne
404 1901 444 1940 id
467 1900 632 1950 quidem
654 1899 1062 1950 piaetermittendum
1086 1903 1201 1949 puto,
1234 1898 1468 1939 cuiusmodi
1483 1903 1559 1946 est,

167 1957 312 2007 quod
302 1970 342 1996 m
367 1956 736 1998 commentario
761 1955 933 1995 Seruii
958 1954 1158 1995 Claudii
1187 1954 1386 1994 scribtum
1404 1953 1559 1994 inueni-

165 2026 280 2065 mus,
315 2018 325 2036 ³
339 2013 483 2053 Nerio’
503 2013 655 2052 dictum
679 2012 797 2062 quasi
818 2011 1000 2059 ‘Neirio’‚
1031 2012 1111 2052 hoc
1131 2016 1195 2050 est
1219 2010 1308 2050 sine
1328 2011 1388 2050 ira
1405 2015 1445 2050 et
1465 2021 1560 2050 cum

163 2069 410 2119 placiditate,
440 2075 483 2108 ut
501 2081 550 2109 eo
575 2068 739 2109 nomine
756 2068 892 2107 mitem
913 2067 1259 2116 tranquillumque
1275 2066 1364 2106 fieri
1384 2067 1561 2106 Martem

165 2136 399 2174 precemur:
425 2128 509 2164 ‘ne’
535 2125 641 2164 enim
658 2124 871 2176 particula,
894 2128 939 2162 ut
959 2125 1068 2173 apud
1087 2124 1284 2175 Graecos,
1307 2123 1364 2162 ita
1381 2124 1557 2173 plerum-

167 2192 245 2229 que
269 2181 307 2220 in
327 2181 466 2220 Latina
488 2192 656 2231 quoque
679 2181 814 2229 lingua
836 2179 1038 2229 priuatiua
1054 2184 1129 2219 est.
