1619 2476
95 39 180 82 244
668 41 792 79 VIIII.
817 51 858 79 x.
869 50 925 79 xt.

94 152 365 193 translatione
402 152 649 197 uerborum,
684 163 776 192 cum
816 153 1059 194 ostenderet
1093 153 1500 207 demonstraretque,

59 219 80 253 2
96 209 290 260 protexit.
353 208 421 249 Sic
439 208 547 248 enim
570 207 755 259 scripsit:

986 277 1053 316 Ea
1076 276 1239 316 uerba
1268 278 1478 320 locutus

149 333 368 382 Optatos
394 332 538 372 dedit
564 334 839 383 amplexus
862 332 1230 383 placidumque
1249 333 1445 384 petiuit

151 389 395 440 Coniugis
419 389 631 429 infusus
657 389 850 439 gremio
875 401 967 439 per
991 389 1213 430 membra
1236 401 1498 441 soporem.

53 499 75 533 3
91 494 225 534 Minus
247 499 384 535 autem
402 494 567 535 difficile
585 506 681 535 esse
699 494 1023 543 arbitrabantur,
1048 494 1088 535 in
1106 493 1343 536 istiusmodi
1372 506 1418 535 re
1441 493 1500 533 di·

91 551 223 591 cenda
246 551 385 591 uerbis
412 550 471 591 uti
487 563 570 592 uno
596 556 719 601 atque
739 552 867 591 altero
895 551 1012 592 breui
1032 551 1231 602 tenuique
1261 563 1353 592 eam
1377 551 1497 602 signo

91 608 495 655 demonstrantibus,
537 608 644 648 sicut
680 609 936 648 Homerus
970 607 1137 648 dixerit:
1184 607 1499 661 παρθενίην

48 671 72 706 4
90 660 266 716 ζώνην
294 669 333 704 et
358 663 612 715 λέκτροιο
635 659 809 716 θεσμό
824 678 849 703 v
870 669 910 704 et
933 663 1065 717 ἔργα
1087 662 1406 718 φιλοτήσια,
1436 669 1500 706 tot

89 732 191 761 uero
210 725 349 760 ettam
366 721 625 761 euidentibus
643 733 691 761 ac
708 726 843 761 tamen
872 733 956 763 non
974 720 1259 772 praetextatis,
1288 722 1365 763 sed
1382 720 1498 772 puris

89 776 362 827 honestisque
378 778 517 818 uerbis
548 778 833 818 uenerandum
850 777 949 818 illud
975 778 1166 820 concubii
1193 778 1335 830 pudici
1360 789 1497 819 secre-

87 839 174 874 tum
191 834 396 874 neminem
414 846 665 885 quemquam
687 834 810 874 alium
828 835 998 875 dixisse.

49 900 70 933 5
173 890 258 930 Sed
290 892 326 930 A
339 903 363 931 n
376 904 401 932 n
415 903 469 932 ac
480 904 506 932 u
521 903 540 931 s
580 893 608 932 C
619 903 642 932 o
657 904 710 931 rn
724 896 812 931 utu
823 903 862 940 s,
894 893 1019 933 homo
1053 903 1155 933 sanc
1185 893 1388 943 pleraque
1419 890 1499 931 alia

89 958 172 987 non
192 947 386 988 indoctus
413 959 550 999 neque
575 948 824 998 inprudens,
856 948 895 988 in
915 961 934 988 s
948 949 1148 990 ecundo
1172 954 1310 989 tamen
1334 947 1403 987 lib
1416 959 1497 988 ro-

88 1015 215 1052 rum,
249 1016 354 1054 quos
385 1006 443 1044 de
469 1005 657 1055 figuris
686 1017 704 1045 s
718 1004 1065 1045 ententiarum
1101 1005 1347 1056 conposuit,
1382 1015 1498 1055 egre-

87 1060 195 1109 giam
211 1061 339 1101 totius
357 1061 474 1102 istius
492 1061 774 1102 uerecundiae
790 1062 955 1102 laudem
970 1062 1131 1103 insulsa
1150 1061 1272 1103 nimis
1289 1066 1331 1102 et
1348 1060 1498 1102 odiosa

51 1125 70 1161 3
89 1117 345 1158 scrutatione
368 1118 554 1159 uiolauit.
614 1119 714 1158 Nam
735 1130 827 1158 cum
844 1130 977 1169 genus
997 1119 1078 1161 hoc
1095 1119 1255 1170 figurae
1270 1117 1498 1170 probasset

89 1179 129 1212 et
145 1173 245 1214 sans
264 1173 566 1226 circumspecte
584 1176 717 1216 factos
737 1186 832 1215 esse
850 1187 1002 1216 uersus
1014 1175 1201 1226 dixisset,
1222 1178 1234 1198 ‘
1247 1187 1287 1215 m
1298 1186 1321 1215 e
1332 1175 1406 1215 mb
1417 1177 1493 1214 ra'

87 1236 274 1280 tamen,
302 1230 453 1283 inquit,
484 1233 641 1284 paulo
666 1232 717 1272 in
732 1243 752 1272 c
767 1232 938 1273 autius
964 1232 1269 1274 nominauit.

756 1343 824 1383 XI.

363 1424 416 1460 De
439 1425 591 1461 Valerio
616 1424 800 1470 Coruin03
835 1429 869 1461 et
889 1424 991 1462 unde
1015 1424 1214 1462 Coruinus.

49 1518 69 1552 1
168 1513 229 1552 De
251 1511 431 1552 Maximo
448 1512 617 1553 Valerio
633 1545 642 1561 ,
672 1512 742 1563 qui
760 1511 963 1553 Coruinus
989 1515 1223 1564 appellatus
1253 1517 1318 1552 est
1346 1513 1400 1553 ob
1427 1523 1496 1553 au-

85 1567 227 1608 xilium
257 1568 721 1619 propugnationemque
756 1569 873 1610 corui
901 1569 1027 1618 alitis,
1053 1571 1153 1611 haut
1174 1568 1395 1621 quisquam
1432 1573 1498 1610 est

46 1631 68 1664 2
91 1624 290 1667 nobilium
306 1625 571 1678 scriptorum,
603 1625 672 1676 qui
695 1637 819 1666 secus
839 1625 999 1666 dixerit.
1059 1628 1121 1667 Ea
1140 1638 1209 1667 res
1226 1637 1403 1677 prorsus
1424 1625 1496 1665 mi-

85 1682 216 1721 randa
251 1681 310 1721 sic
340 1683 530 1733 profecto
577 1687 640 1722 est
668 1682 708 1722 in
742 1682 896 1723 libris
941 1683 1214 1723 annalibus
1241 1686 1493 1723 memorata:

46 1743 69 1778 3
84 1739 349 1779 Adulescens
366 1739 437 1778 tali
452 1750 606 1789 genere
626 1739 775 1788 editus,
807 1740 851 1779 L.
873 1738 1010 1787 Furio,
1044 1739 1213 1779 Claudio
1231 1737 1370 1789 Appio
1398 1749 1495 1779 con-

47 1800 70 1834 4
86 1794 266 1843 sulibus,
299 1795 346 1834 fit
374 1795 562 1836 tribunus
585 1795 782 1836 militaris.
842 1797 983 1846 Atque
1008 1795 1049 1835 in
1067 1807 1117 1836 eo
1138 1801 1329 1846 tempore
1348 1791 1496 1846 copiae

86 1851 296 1892 Gallorum
317 1851 507 1902 ingentes
526 1852 942 1903 agrumPomptinum
960 1851 1211 1900 insederant,
1234 1852 1495 1892 instrueban-

85 1912 237 1958 turque
260 1908 371 1948 acies
399 1920 423 1948 a
446 1909 688 1950 consulibus
708 1910 759 1949 de
783 1909 822 1949 ui
839 1921 887 1949 ac
908 1908 1167 1949 multitudine
1183 1908 1366 1949 hostium
1390 1908 1490 1948 satis

47 1969 67 2002 5
86 1964 317 2013 agentibus.
378 1966 470 2005 Dux
486 1965 644 2006 interea
663 1968 884 2015 Gallorum,
900 1971 1021 2006 uasta
1039 1970 1080 2006 et
1096 1966 1226 2006 ardua
1241 1965 1495 2016 proceritate

88 2020 297 2071 armisque
316 2032 416 2062 auro
442 2023 818 2073 praefulgentibus,
846 2022 1020 2072 grandia
1040 2021 1278 2073 ingrediens
1305 2026 1346 2062 et
1369 2033 1494 2061 manu

84 2077 211 2116 telum
236 2077 505 2128 reciprocans
536 2079 756 2119 incedebat
782 2090 942 2129 perque
967 2083 1251 2130 contemptum
1282 2083 1324 2118 et
1349 2089 1493 2128 super-

85 2131 195 2172 biam
232 2133 567 2185 circumspiciens
597 2135 918 2186 despiciensque
950 2135 1106 2184 omnia,
1138 2135 1283 2176 uenire
1307 2135 1422 2175 iubet
1452 2138 1495 2173 et

87 2188 304 2237 congredi,
338 2191 373 2230 si
398 2191 488 2241 quis
511 2203 697 2242 pugnare
718 2204 859 2232 secum
884 2204 936 2232 ex
959 2191 1071 2234 omni
1089 2193 1280 2234 Romano
1307 2189 1494 2232 exercitu

50 2249 74 2284 6
91 2245 274 2285 auderet.
323 2248 424 2287 Tum
441 2248 632 2289 Valerius
650 2248 859 2297 tribunus,
890 2248 1036 2290 ceteris
1059 2248 1166 2290 inter
1183 2253 1336 2290 metum
1359 2246 1492 2300 pudo-

1570 2377 1606 2476 Ῑὲετινῖ
1598 2368 1606 2372 .
1591 2347 1603 2362 r
1583 2324 1596 2338 ⁸·
