1619 2476
141 59 224 100 228
616 59 704 97 VII.
729 59 837 107 (VI.)
858 69 944 97 xvt.
963 69 1065 97 xvu.

101 179 266 215 9unum
284 177 324 211 et
341 173 527 219 alterum,
553 182 659 221 quae
676 169 974 220 subpetierant,
998 170 1190 221 apposui.
1224 169 1475 220 Q.Ennius
1501 169 1542 210 in

139 230 172 268 E
187 229 437 268 rechtheo
462 239 545 267 non
563 229 687 277 longe
706 238 829 267 secus
849 227 968 275 dixit,
999 238 1122 277 quam
1141 226 1398 267 Catullus:

198 293 426 343 Qui[bus]
450 292 601 341 nunc,
633 292 784 342 inquit,
811 303 1092 342 aerumpna
1118 292 1226 333 mea
1246 292 1542 334 libertatem

971 360 1123 399 paro,

199 406 396 456 Quibus
428 406 735 446 seruitutem
764 404 871 445 mea
898 405 1111 446 miseria
1138 405 1421 457 deprecor3

142 471 345 522 significat
363 473 518 522 ‘abigo'
539 477 578 512 et
595 472 815 519 eamolior’,
847 473 915 511 uel
931 483 1057 522 prece
1079 471 1260 513 adhibita
1275 475 1343 513 uel
1361 484 1443 523 quo
1463 473 1540 512 alio

84 529 280 574 1omod0.
341 528 1072 578 ltemEnniusinCresphonte:

198 591 311 645 'Ego
348 607 488 635 meae
525 607 630 635 cum
662 593 800 634 uitae
839 605 1070 645 parcam,
1125 594 1285 635 letum
1328 595 1540 636 inimico

977 650 1247 701 deprecen

82 724 127 758 11
147 718 537 759 Ciceroinlibro
566 724 717 757 sexto
744 719 802 757 de
824 717 1169 768 republieaita
1185 718 1371 769 scripsit:
1404 719 1543 768 Quod

143 774 343 824 quidem
368 786 427 815 eo
456 774 553 814 fuit
576 774 760 822 maius,
795 774 973 823 qui[a],
999 785 1107 813 cum
1130 785 1288 814 causa
1312 775 1422 825 pari
1441 776 1542 814 col-

140 833 321 880 lega[e]
358 836 555 879 essent,
588 843 685 870 non
710 832 858 870 modo
890 830 1083 870 inuidia
1114 831 1224 881 pari
1255 843 1353 871 non
1376 836 1541 877 erant,

140 887 229 926 sed
257 888 407 927 etiam
430 888 606 927 Claudi
626 887 872 926 inuidiam
901 887 1117 926 Gracchi
1141 887 1332 927 caritas
1361 888 1542 937 depre-

141 944 385 992 cabatur;
414 944 480 983 hic
506 955 674 994 quoque
701 944 798 983 item
829 956 913 984 non
937 948 1000 983 est
1016 943 1139 983 ualde
1164 944 1434 993 precabatur,
1467 944 1542 983 sed

140 999 260 1049 quasi
291 1000 566 1051 propulsabat
596 1000 791 1040 inuidiam
823 1005 864 1040 et
894 1000 1139 1040 defensabat
1167 1000 1390 1048 inuidiam,
1431 1000 1543 1050 quod

141 1056 287 1096 Graeci
307 1057 544 1107 propinqua
565 1056 867 1107 significatione
884 1059 1234 1109 ‘napacveffofiat'
1257 1057 1412 1096 dicunt.

82 1118 126 1152 12
223 1114 326 1152 Item
348 1125 425 1163 pro
444 1115 574 1154 Aulo
597 1113 812 1154 Caecina
830 1113 1097 1154 consimiliter
1119 1113 1295 1154 Cicero
1313 1113 1443 1153 uerbo
1461 1113 1541 1153 isto

139 1168 278 1209 utitur.
311 1170 454 1219 Quid,
481 1171 631 1220 inquit,
657 1170 774 1210 huic
799 1170 991 1210 homini
1017 1170 1204 1210 facias?
1231 1181 1399 1210 nonne
1424 1180 1542 1209 con-

143 1226 300 1266 cedas
340 1226 617 1275 interdum,
650 1232 699 1267 ut
736 1227 1078 1266 excusatione
1114 1237 1335 1266 summae
1371 1224 1543 1266 stulti-

82 1281 241 1324 latiae
266 1294 487 1322 summae
509 1283 861 1333 improbitatis
887 1283 1055 1323 odium
1081 1283 1412 1332 deprecetur?
1441 1282 1543 1320 Item

137 1337 185 1377 in
217 1339 432 1378 Verrem
462 1340 686 1379 aetionis
727 1340 991 1378 secundae
1021 1339 1206 1388 primo:
1237 1339 1379 1377 Nunc
1416 1348 1541 1377 uero

140 1393 261 1444 quid
287 1395 445 1434 faciat
474 1390 818 1435 Hortensius?
851 1394 1171 1434 auaritiaene
1201 1393 1415 1433 erimina
1441 1395 1542 1432 fru-

138 1450 375 1500 galitatis
401 1452 640 1491 laudibus
670 1452 1008 1501 deprecetur?
1038 1452 1100 1490 At
1119 1451 1373 1491 hominem
1395 1449 1543 1500 flagi-

142 1506 504 1556 tiosissimum,
537 1508 1033 1548 libidinosissimum
1057 1506 1544 1557 nequissimumque

141 1563 386 1603 defendit.
421 1565 489 1604 Sic
511 1564 633 1615 igitur
652 1566 881 1604 Catullus
908 1565 1053 1604 eadem
1078 1575 1124 1604 se
1145 1565 1282 1604 facere
1303 1563 1412 1612 dicit,
1437 1573 1544 1613 quae

141 1619 346 1669 Lesbiam,
378 1622 491 1671 quod
509 1626 548 1660 et
565 1621 830 1661 malediceret
847 1621 883 1661 ei
899 1622 1036 1671 palam
1053 1625 1357 1671 respueretque
1375 1625 1415 1659 et
1428 1630 1543 1659 recu-

140 1677 624 1728 saretdetestareturque
643 1679 811 1718 assidue
829 1682 869 1718 et
885 1682 1020 1717 tamen
1036 1687 1126 1716 eam
1142 1676 1307 1727 penitus
1321 1675 1542 1726 deperiret.

774 1775 901 1815 XVII.

142 1841 232 1886 Quis
250 1842 418 1877 omnium
433 1843 577 1888 primus
594 1844 709 1879 libros
730 1845 878 1890 publice
902 1844 1116 1890 praebuerit
1131 1843 1318 1891 legendos
1331 1854 1340 1889 ;
1366 1848 1542 1893 quantus-

200 1908 270 1944 que
293 1908 472 1934 numerus
505 1900 615 1935 suerit
638 1898 798 1937 Athenis
825 1905 909 1937 ante
940 1899 1068 1936 clades
1091 1900 1263 1936 Persicas
1295 1901 1473 1938 librorum
1505 1902 1543 1937 in

198 1954 436 1991 bibliothecis
463 1957 711 2002 publicorum.

103 2037 124 2069 1
221 2027 368 2067 Libros
386 2028 562 2069 Athenis
585 2030 896 2081 disciplinarum
912 2030 1140 2071 liberalium
1155 2031 1319 2080 publice
1337 2032 1390 2072 ad
1405 2033 1543 2081 legen-

145 2086 241 2124 dum
253 2085 519 2134 praebendos
537 2087 695 2135 primus
706 2087 901 2138 posuisse
913 2087 1060 2127 dicitur
1070 2087 1310 2128 Pisistratus
1321 2093 1541 2139 tyrannus.

143 2140 348 2189 Deinceps
368 2141 600 2184 studiosius
611 2145 928 2194 accuratiusque
937 2144 1015 2194 ipsi
1024 2143 1304 2185 Athenienses
1315 2147 1541 2193 auxerunt3

143 2197 221 2237 sed
238 2208 401 2236 omnem
416 2197 525 2239 illam
541 2206 691 2250 postea
708 2201 904 2242 librorum
924 2201 1083 2251 copiam
1093 2202 1267 2249 Xerxes,
1286 2202 1542 2241 Athenarum

143 2251 320 2303 potitus,
346 2254 449 2294 urbe
464 2254 557 2305 ipsa
575 2262 740 2307 praeter
758 2269 895 2297 arcem
909 2257 1091 2307 incensa,
1115 2257 1282 2298 abstulit
1296 2256 1542 2309 asportauit-
