1603 2508
10 0 55 12 ,μοι

708 74 759 112 V.
787 84 830 115 x,
1399 71 1481 113 169

152 186 222 227 Lis
244 196 424 236 namque
447 185 555 225 inter
573 197 648 226 eos
681 191 721 225 et
754 185 1044 225 controuersia
1075 196 1204 236 super
1227 190 1350 235 pacta
1376 197 1479 225 mer·
1495 193 1521 228 4

69 244 174 285 cede
193 243 298 283 haec
322 242 410 282 fuit.
470 243 745 291 Euathlus,
770 243 1022 282 adulescens
1041 241 1180 287 diues,
1214 242 1479 292 eloquentiae
1497 251 1518 284 5

69 300 296 341 discendae
321 303 627 350 causarumque
646 298 793 339 orandi
811 298 984 348 cupiens
1019 298 1104 339 fuit.
1165 300 1204 338 Is
1236 298 1277 338 in
1300 299 1478 349 discipli·
1495 306 1518 341 6

67 369 164 398 nam
185 358 515 406 Protagorae
538 367 634 396 sese
665 355 779 395 dedit
805 356 1085 406 daturumque
1108 355 1301 406 promisit
1325 367 1481 396 merce·

67 415 163 454 dem
178 413 380 464 grandem
403 413 644 463 pecuniam,
679 418 874 463 quantam
898 412 1224 462 Protagoras
1250 413 1479 463 petiuerat3

66 470 365 520 dimidiumque
380 470 470 510 eius
499 470 611 509 dedit
629 469 709 508 iam
725 475 823 509 tunc
843 468 992 516 statim,
1022 469 1268 519 priusquam
1286 470 1479 518 disceret,

65 527 322 579 pepigitque,
337 532 384 566 ut
400 526 604 577 reliquum
623 526 833 566 dimidium
853 526 982 574 daret,
1007 537 1089 576 quo
1108 526 1285 576 primum
1303 526 1369 565 die
1386 537 1480 565 cau-

67 595 155 625 sam
179 584 292 635 apud
322 583 481 623 iudices
514 589 679 623 orasset
703 589 743 622 et
767 582 952 622 uicisset.
1013 584 1166 623 Postea
1196 594 1289 623 cum
1323 583 1477 622 diutule
1496 586 1518 621 7

66 641 233 681 auditor
264 640 589 690 adsectatorque
623 641 944 690 Protagorae
975 639 1124 680 suisset
1159 644 1230 689 [et]
1264 640 1304 679 in
1338 640 1477 679 studio

67 698 234 748 quidem
266 697 483 737 facundiae
515 697 681 736 abunde
705 696 1010 747 promouisset,
1044 708 1194 736 causas
1224 703 1362 737 tamen
1394 708 1478 736 non

63 755 273 805 reciperet
309 759 562 805 tempusque
602 754 683 793 iam
717 755 888 804 longum
922 759 1229 794 transcurreret
1267 759 1308 794 et
1340 754 1479 793 facere

64 812 108 851 id
137 811 370 859 uideretur,
405 822 457 850 ne
482 811 688 861 reliquum
710 810 915 850 mercedis
947 811 1084 858 daret,
1118 811 1227 861 capit
1259 810 1477 850 consilium

62 869 406 918 Protagoras,
428 872 474 907 ut
491 873 577 908 tum
595 867 874 915 existimabat,
908 873 1108 907 astutum:
1141 873 1286 917 petere
1303 867 1478 907 instituit
1493 871 1517 905 8

65 936 117 966 ex
140 929 265 975 pacto
291 925 551 973 mercedem3
584 924 695 964 litem
722 936 815 963 cum
833 925 1053 964 Euathlo
1088 929 1360 964 contestatur.

146 983 199 1021 Et
223 992 316 1020 cum
342 981 395 1020 ad
425 981 608 1029 iudices,
643 981 927 1021 coniiciendae
958 981 1291 1030 (consistendae)
1323 984 1515 1020 causae9

63 1038 208 1088 gratia,
226 1037 455 1085 uenissent,
474 1043 560 1077 tum
574 1039 762 1088 Protag
775 1050 892 1078 oras
912 1038 971 1078 sic
990 1049 1171 1078 exorsus
1190 1043 1273 1078 est:
1303 1038 1475 1085 ‘Disce’,

62 1094 215 1145 inquit,
249 1093 510 1134 ‘stultissime
533 1095 803 1143 adulescens,
831 1100 1013 1145 utroque
1045 1095 1087 1133 id
1116 1095 1242 1134 modo
1275 1094 1388 1142 fore,
1418 1094 1477 1133 uti

62 1151 216 1191 reddas
261 1151 375 1200 quod
404 1156 525 1201 peto,
564 1151 653 1191 siue
685 1157 830 1191 contra
860 1157 900 1190 te
931 1152 1244 1202 pronuntiatum
1277 1151 1353 1190 erit
1385 1150 1476 1190 siue

61 1219 139 1258 pro
156 1213 210 1247 te.
271 1208 392 1256 Nam,
432 1207 467 1247 si
483 1214 629 1248 contra
646 1208 752 1248 telis
771 1209 866 1247 data
885 1209 981 1256 erit,
1013 1220 1174 1248 merces
1193 1207 1289 1247 mihi
1308 1219 1360 1247 ex
1378 1219 1469 1247 sen·
1489 1213 1535 1246 lo

60 1264 191 1304 tentia
212 1264 450 1312 debebitur,
485 1264 581 1314 quia
598 1276 675 1314 ego
693 1265 858 1313 uicem,
891 1265 953 1305 sin
985 1277 1087 1305 uero
1111 1265 1343 1304 secundum
1359 1270 1400 1303 te
1417 1264 1474 1303 iu-

63 1319 244 1361 dicatum
262 1320 350 1369 erit,
369 1332 530 1361 merces
549 1321 646 1361 mihi
664 1333 715 1361 ex
732 1327 857 1372 pacto
869 1322 1100 1369 debebitur,
1114 1321 1210 1371 quia
1226 1327 1271 1361 tu
1287 1320 1472 1361 uiceris’.

145 1378 213 1417 Ad
239 1389 288 1417 ea
312 1378 531 1428 respondit
552 1379 833 1418 Euathlus:
867 1379 1034 1427 ePotui',
1064 1378 1216 1428 inquit,
1250 1378 1362 1417 ‘huic
1381 1384 1476 1417 tuae
1488 1384 1530 1418 ll

36 1439 145 1482 ,tam
160 1434 327 1484 ancipiti
345 1435 528 1485 captioni
542 1435 628 1475 isse
661 1435 839 1483 obuiam,
873 1436 908 1476 si
923 1437 1054 1475 uerba
1072 1447 1154 1476 non
1171 1435 1263 1486 ipse
1293 1436 1473 1474 facerem

31 1492 38 1534 ἶ
62 1496 187 1541 atque
212 1491 292 1531 alio
325 1496 504 1542 patrono
539 1498 692 1532 uterer.
757 1492 840 1532 Sed
858 1493 990 1532 maius
1022 1493 1119 1531 mihi
1140 1492 1180 1532 in
1203 1492 1283 1532 ista
1299 1491 1530 1532 uictori-2112

36 1574 43 1578 ,
60 1547 297 1598 prolubium
314 1553 390 1596 est,
408 1560 500 1588 cum
518 1554 559 1588 te
576 1561 657 1589 non
677 1549 716 1588 in
738 1561 865 1588 causa
882 1556 1053 1596 tantum,
1074 1550 1149 1589 sed
1166 1549 1206 1588 in
1225 1554 1470 1599 argumento

63 1615 233 1655 quoque
264 1604 344 1645 isto
376 1604 515 1645 uinco.
577 1605 700 1646 Disce
728 1606 851 1656 igitur
879 1612 923 1646 tu
951 1617 1144 1656 quoque,
1177 1605 1376 1655 magister
1410 1616 1473 1644 sa·
1485 1609 1531 1645 13

53 1660 338 1711 'pientissime,
372 1667 551 1712 utroque
569 1663 695 1703 modo
715 1665 803 1702 fore
816 1696 825 1710 ,
845 1663 904 1703 uti
925 1675 1008 1703 non
1027 1663 1200 1702 reddam
1218 1662 1333 1711 quod
1349 1661 1470 1711 petis,

39 1734 42 1736 ·
64 1717 155 1758 siue
180 1723 324 1758 contra
348 1730 414 1758 me
439 1720 751 1769 pronuntiatum
777 1720 899 1759 suerit
926 1720 1015 1760 siue
1043 1731 1119 1769 pro
1147 1730 1226 1758 me.
1288 1719 1408 1766 Nam,
1439 1717 1530 1757 si14

61 1773 222 1815 iudices
255 1787 332 1826 pro
357 1787 484 1815 causa
501 1788 593 1816 mea
621 1777 847 1825 senserint,
881 1776 979 1816 nihil
1010 1775 1083 1815 tibi
1107 1787 1159 1815 ex
1181 1775 1387 1815 sententia
1403 1775 1472 1813 de-

60 1829 244 1880 bebitur,
277 1831 373 1882 quia
388 1843 466 1882 ego
483 1833 647 1881 uicero;
682 1834 744 1873 sin
765 1839 911 1874 contra
928 1844 992 1872 me
1010 1831 1384 1883 pronuntiauerint,
1415 1831 1469 1870 ni-

7 1905 9 1913 <
58 1885 115 1926 hil
132 1887 204 1927 tibi
220 1899 273 1928 ex
288 1893 412 1938 pacto
432 1890 593 1930 debebo
608 1923 617 1938 ,
651 1890 745 1940 quia
769 1902 853 1930 non
871 1891 1052 1930 uicero'.

148 1945 250 1984 Tum
274 1944 433 1985 iudices
459 1946 681 1987 dubiosum
709 1948 789 1988 hoc
813 1946 1188 1997 inexplicabileque
1206 1957 1321 1993 esse,
1356 1946 1470 1995 quod
1483 1950 1527 1984 15

44 1999 270 2056 *utrimque
284 2001 516 2051 dicebatur,
547 2003 643 2051 rati,
674 2015 726 2043 ne
744 2005 950 2043 sententia
967 2015 1063 2051 sua,
1093 2009 1411 2052 utramcumque
1428 2002 1469 2040 in

62 2061 223 2106 partem
239 2057 348 2098 dicta
366 2064 492 2107 esset,
510 2060 602 2110 ipsa
621 2071 717 2100 sese
733 2061 1003 2107 rescinderet,
1022 2071 1109 2099 rem
1125 2059 1389 2099 iniudicatam
1407 2069 1468 2097 re—

8 2139 10 2141 >
38 2142 42 2144 .
62 2110 273 2160 liquerunt
289 2125 545 2166 causamque
560 2116 601 2156 in
612 2116 721 2156 diem
740 2117 1026 2167 longissimam
1039 2117 1301 2156 distulerunt.
1330 2115 1398 2156 Sic
1418 2115 1470 2154 ab
1482 2119 1526 2155 16

55 2168 332 2214 ⁴adulescente
351 2171 555 2222 discipulo
580 2173 778 2223 magister
803 2173 1066 2223 eloquentiae
1090 2173 1268 2216 inclutus
1294 2184 1371 2213 suo
1391 2171 1469 2212 sibi

14 2266 17 2267 γ
64 2231 306 2273 argumento
325 2229 563 2270 confutatus
581 2235 645 2269 est
662 2235 702 2269 et
713 2230 918 2280 captionis
936 2235 1133 2269 uersutae
1148 2235 1188 2269 et
1206 2229 1467 2280 excogitatae

63 2278 286 2322 frustratus
303 2282 390 2323 suit.

46 2368 75 2410 a
