1635 2492
0 0 181 99 F„
391 8 394 10 Ὗ
646 36 791 75 xvln.
823 48 863 75 v.
1375 32 1457 74 207

138 151 270 202 Quem
291 161 386 192 cum
415 149 496 190 iam
517 149 623 190 inter
644 149 837 200 ingentes
870 149 1075 189 clamores
1108 150 1317 199 legentem
1346 148 1459 188 inue-
1475 161 1498 197 4

11 223 14 225 ·
52 208 263 250 nissemus
283 207 532 258 -legebat
547 212 685 247 autem
711 206 896 246 librum
921 217 980 245 ex
999 217 1093 245 ann
1110 206 1284 246 alibus
1304 204 1459 245 Ennii

53 265 330 316 septimum
349 288 419 313 ——,
446 265 526 304 hos
550 275 643 304 eum
667 262 844 314 primum
861 274 1014 303 uersus
1032 275 1254 314 perperam
1275 274 1459 313 pronun-

0 344 7 351 2
50 321 222 362 tiantem
237 321 496 362 audiuimus:

105 398 338 449 Denique
373 398 421 438 ui
450 409 629 448 magna
659 398 972 448 quadrupes
1004 409 1129 437 ecus
1168 403 1322 448 atque
1359 399 1460 437 ele-

886 455 1069 506 phanti

105 512 378 554 Proiciunt
403 523 539 561 sese,

50 618 189 658 neque
208 604 346 646 multis
364 610 516 655 postea
535 604 730 645 uersibus
747 603 911 652 additis,
938 603 1242 645 celebrantibus
1265 617 1359 646 eum
1377 607 1460 646 lau-

51 663 333 713 dantibusque
354 661 561 710 omnibus,
593 662 801 702 discessit.

136 722 239 761 Tum
253 718 457 759 Iulianu
469 730 488 758 s
513 718 732 769 egrediens
756 730 779 758 e
794 719 978 758 theatro:
1006 718 1123 769 ‘quid
1139 720 1295 768 uobis',
1314 719 1459 770 inquit,
1478 729 1500 763 5

52 779 123 818 ‘de
141 778 224 817 hoc
248 781 482 826 anagnosta
500 781 541 815 et
559 776 610 816 de
635 776 907 826 quadrupede
926 787 1036 826 equo
1057 776 1250 817 uidetur?
1274 777 1334 817 sic
1352 777 1461 817 enim

50 835 243 887 profecto
260 833 378 883 legit:

107 914 338 965 Denique
368 913 416 954 ui
451 925 632 963 magna
670 914 971 964 quadrupes
1011 926 1139 955 ecus
1166 920 1320 966 atque
1357 916 1462 954 ele-

886 972 1066 1021 phanti

105 1027 383 1069 Proiciunt
414 1039 546 1068 sese.

51 1118 213 1168 Ecquid
234 1118 402 1168 putatis,
435 1118 470 1158 si
488 1119 729 1168 magistrum
752 1120 1141 1170 praelectoremque
1161 1119 1377 1160 habuisset
1393 1119 1503 1167 ali-,6

53 1176 170 1216 cuius
188 1174 318 1222 aeris,
351 1175 609 1224 ‘quadrupes
629 1180 747 1215 ecus>
771 1176 975 1216 dicturum
1007 1176 1134 1216 fuisse
1164 1188 1212 1216 ac
1235 1188 1318 1217 non
1344 1181 1460 1226 ‘qua-

52 1233 210 1283 drupes
228 1233 390 1282 eques',
405 1231 518 1281 quod
530 1232 580 1271 ab
594 1233 624 1271 E
636 1244 660 1271 n
673 1232 752 1273 nio
772 1232 828 1272 ita
845 1233 1046 1283 scriptum
1059 1233 1332 1283 relictumque
1350 1245 1460 1282 esse,

51 1300 175 1328 nemo
198 1300 307 1328 unus
338 1288 548 1327 literarum
574 1294 763 1328 ueterum
791 1289 966 1339 diligens
992 1290 1242 1329 dubitauit?’
1277 1291 1461 1340 Cumque
1478 1294 1500 1329 7

51 1345 211 1395 aliquot
236 1356 401 1392 eorum,
433 1344 502 1394 qui
527 1345 718 1393 aderant,
749 1347 1008 1396 ‘quadrupes
1027 1350 1178 1396 equus’
1205 1348 1316 1396 apud
1340 1359 1460 1387 suum

53 1402 232 1452 quisque
272 1401 586 1452 grammaticum
620 1401 774 1452 legisse
812 1414 858 1442 se
899 1403 1085 1442 dicerent
1117 1409 1157 1443 et
1199 1404 1459 1451 mirarentur,

53 1458 248 1506 quidnam
285 1462 400 1498 esset
436 1459 709 1508 ‘quadrupes
742 1463 913 1509 eques',
945 1461 1120 1499 ‘uellem
1166 1463 1284 1509 uos',
1317 1461 1459 1511 inquit,

51 1515 230 1566 ‘optur‘ni
254 1514 450 1562 iuuenes,
476 1520 560 1554 tam
585 1522 779 1556 accurate
806 1517 851 1566 Q.
877 1516 1089 1556 Ennium
1123 1517 1300 1567 legisse,
1337 1529 1460 1568 quam

49 1573 94 1613 P.
128 1570 406 1622 Vergilius
436 1573 617 1622 legerat,
658 1573 727 1621 qui
757 1573 866 1612 hunc
897 1573 986 1614 eius
1017 1585 1188 1614 uersum
1220 1581 1391 1615 secutus
1420 1575 1458 1613 in

50 1628 324 1679 georgicis
357 1627 443 1668 suis
472 1629 702 1678 ‘equitem’
735 1642 809 1679 pro
840 1633 1000 1680 ‘equo'
1030 1631 1170 1678 posuit
1204 1630 1245 1669 in
1275 1632 1338 1671 his
1370 1643 1462 1671 uer—

51 1684 189 1726 sibus:

107 1766 271 1805 Frena
289 1765 534 1805 Pelethro
550 1763 619 1804 nii
641 1766 886 1815 Lapithae
909 1778 1067 1817 gyros
1085 1780 1109 1816 q
1125 1779 1184 1806 ue
1208 1767 1402 1807 dedere

108 1821 338 1873 Inpositi
364 1822 523 1861 dorso
557 1826 717 1871 atque
750 1824 979 1872 equitem
1010 1824 1239 1863 docuere
1266 1825 1356 1864 sub
1383 1836 1461 1863 ar·

879 1880 968 1920 mis

107 1936 376 1975 Insultare
424 1937 539 1975 solo
580 1941 627 1975 et
671 1947 891 1986 gressus
940 1938 1231 1987 glomerare
1278 1949 1460 1988 super—

884 1994 909 2032 b
921 2005 944 2033 o
958 2005 991 2033 s.

50 2082 96 2122 In
117 2094 200 2132 quo
223 2083 318 2123 loco
350 2083 598 2133 equitem,
631 2083 666 2123 si
693 2082 784 2133 quis
809 2084 935 2123 modo
961 2096 1042 2123 non
1069 2083 1216 2124 inscite
1234 2085 1459 2135 inepteque

53 2138 239 2188 argutior
255 2139 322 2192 sit,
340 2139 437 2179 nihil
459 2145 601 2190 potest
617 2139 749 2189 accipi
770 2139 892 2187 aliud,
916 2141 993 2180 nisi
1018 2144 1227 2190 ‘equum’2
1257 2142 1459 2191 pleraque
1474 2147 1498 2182 8

54 2194 163 2235 enim
185 2200 375 2235 ueterum
396 2201 511 2236 aetas
535 2201 576 2236 et
598 2196 808 2236 hominem
833 2207 942 2245 equo
960 2197 1208 2237 insidentem
1229 2202 1270 2236 et
1292 2208 1457 2247 equum,

54 2253 60 2258 ⁴
145 2250 415 2301 insideretur,
449 2253 677 2303 ‘equitem'
703 2252 907 2292 dixerunt.
969 2254 1198 2304 Propterea
1221 2253 1456 2305 ‘equitare'
1474 2259 1498 2295 9
