1603 2508
723 86 753 124 I.
776 96 837 124 111.
1441 83 1496 125 41

161 199 322 238 ‘Parua
332 202 360 247 ⁹,
391 196 545 248 inquit,
573 201 586 220 ⁶
599 203 640 237 et
661 199 799 238 tenuis
817 200 885 238 uel
902 198 1118 248 turpitudo
1137 198 1205 237 uel
1221 196 1388 236 infamia
1405 198 1557 241 sub-23

77 255 217 296 eunda
234 260 322 304 est,
350 254 387 295 si
414 265 464 294 ea
491 265 536 294 re
553 266 703 305 magna
729 255 883 295 utilitas
902 255 1034 296 amico
1055 254 1199 305 quaeri
1216 259 1373 305 potest.
1421 256 1500 295 Re-

76 312 274 364 penditur
291 311 447 362 quippe
474 316 515 351 et
543 319 842 362 compensatur
869 314 963 352 leue
990 313 1186 352 damnum
1204 311 1410 351 delibatae
1427 312 1501 352 ho-

77 369 253 410 nestatis
270 369 429 409 maiore
445 369 525 408 alia
539 369 818 419 grauioreque
834 369 875 408 in
893 369 1131 409 adiuuando
1153 368 1284 408 amico
1303 369 1500 409 honesta-

75 432 117 466 te
135 459 144 475 ,
177 425 430 476 minimaque
455 425 524 464 illa
548 426 664 465 labes
693 431 733 465 et
761 426 881 476 quasi
906 427 1056 466 lacuna
1082 428 1215 465 famae
1234 425 1499 466 munimentis

76 488 293 535 partarum
309 482 443 522 amico
458 482 691 522 utilitatium
710 483 926 523 solidatur.
970 484 1116 533 Neque
1134 482 1371 522 nominibus
1384 487 1412 530 ²,
1442 483 1559 526 in-24

79 540 188 591 quit,
220 539 406 580 ‘moueri
425 551 504 579 nos
523 545 710 590 oportet,
741 540 854 590 quod
882 539 997 591 paria
1016 551 1172 590 genere
1188 539 1282 589 ipso
1300 551 1384 579 non
1404 545 1501 579 sunt

76 598 282 638 honestas
307 607 426 636 meae
451 597 584 636 famae
610 602 650 636 et
674 596 733 636 rei
761 597 881 636 amici
904 596 1071 637 utilitas.
1117 596 1378 636 Ponderibus
1396 597 1500 636 haec

78 653 189 694 enim
205 653 573 704 potestatibusque
590 654 909 703 praesentibus,
935 666 1019 694 non
1037 654 1341 694 uocabulorum
1360 655 1499 703 appel-

77 711 304 751 lationibus
320 720 460 760 neque
478 710 747 759 dignitatibus
765 722 967 761 generum
986 710 1251 750 diiudicanda
1270 716 1379 750 sunt.
1398 711 1499 750 Nam
1510 722 1556 757 25

79 779 174 810 cum
199 768 240 807 in
268 768 396 807 rebus
427 767 599 818 paribus
623 773 694 808 aut
719 779 803 808 non
829 770 957 818 longe
982 779 1106 808 secus
1126 767 1277 807 utilitas
1296 767 1415 807 amici
1431 773 1501 808 aut

76 826 282 866 honestas
300 829 448 865 nostra
466 824 677 873 consistit,
706 825 909 865 honestas
927 826 1074 875 procul
1096 824 1220 865 dubio
1237 826 1500 875 praeponde-

77 887 167 931 rat3
195 894 290 923 cum
308 892 412 922 uero
434 881 556 920 amici
571 882 724 921 utilitas
742 882 866 922 nimio
886 887 949 922 est
965 882 1161 932 amplior,
1180 881 1413 922 honestatis
1431 893 1499 921 au-

77 946 164 980 tem
180 944 354 980 nostrae
375 938 414 978 in
432 950 478 979 re
496 950 580 978 non
598 939 717 988 graui
734 939 838 979 leuis
855 939 1014 978 iactura
1029 944 1112 986 est,
1131 944 1249 987 tunc,
1271 939 1385 988 quod
1401 939 1501 979 utile

79 996 213 1037 amieo
242 1001 307 1036 est
324 1029 332 1045 ,
352 996 394 1035 id
412 1006 514 1046 prae
530 995 621 1043 illo,
641 997 755 1045 quod
775 997 997 1036 honestum
1017 996 1137 1036 nobis
1157 1001 1240 1044 est,
1260 996 1305 1035 fit
1320 995 1499 1045 plenius,

79 1052 204 1094 sicuti
220 1057 286 1093 est
304 1064 499 1102 magnum
520 1052 689 1102 pondus
708 1053 815 1092 aeris
836 1064 966 1103 parua
983 1054 1118 1092 lamna
1134 1053 1222 1092 auri
1238 1052 1498 1103 pretiosius'.

162 1110 310 1150 Verba
335 1110 441 1149 adeo
466 1109 559 1159 ipsa
583 1110 939 1159 Theophrasti
975 1122 1103 1160 super
1128 1121 1176 1149 ea
1201 1121 1245 1149 re
1273 1110 1497 1150 adscribsi:

79 1161 218 1234 Οὐκ,
262 1165 309 1206 εἰ
345 1161 409 1232 δή
451 1178 556 1206 που
595 1166 795 1219 τοῦ[το]
835 1167 903 1222 τῷ
942 1164 1092 1218 γένει
1131 1162 1495 1230 τιμιώτερον,
1508 1170 1555 1206 26

74 1219 180 1278 ηδη
211 1220 328 1276 καὶ,
368 1216 571 1263 ὁτιοῦν
603 1216 668 1262 ἂν
707 1221 735 1276 ᾐ
776 1208 943 1275 μέρος
983 1220 1217 1276 τούτου,
1260 1219 1401 1273 πρὸς
1439 1220 1496 1263 τὸ

75 1279 312 1334 τηλίκου
369 1276 625 1347 θατέρου
692 1277 1156 1346 συγκρινόμενον
1175 1310 1187 1333 ‚
1264 1275 1499 1344 αἱρετὸν

36 1375 38 1377 ,
76 1337 244 1379 ἔσται.
291 1334 445 1389 Λέγω
478 1331 535 1377 δὲ
567 1337 714 1388 οἱον,
747 1330 809 1377 οὐ
842 1335 932 1377 καὶ
961 1336 1197 1390 χρυσίον
1229 1333 1499 1403 τιμιώτε-

39 1398 177 1449 ’ρον
207 1394 422 1447 χαλκου
453 1390 544 1433 καὶ
571 1393 808 1446 τηλίκου
838 1394 938 1434 τοῦ
966 1393 1234 1446 χρυσίου,
1267 1390 1406 1446 πρὸς
1437 1389 1494 1434 τὸ

76 1451 318 1506 τηλίκου
361 1450 574 1515 χαλκου
630 1448 874 1517 μέγεθος
920 1446 1498 1516 ἀντιπαραβαλλόμε-

76 1522 206 1574 νον,
234 1505 406 1548 πλέον
431 1503 610 1557 δόξεις
640 1501 773 1547 ἀλλὰ
796 1505 1022 1560 ποιήσει
1053 1504 1176 1548 τινὰ
1201 1503 1381 1562 ῥοπὴν
1407 1505 1498 1549 καὶ

77 1559 134 1613 τὸ
169 1539 385 1617 π’λῆθος
414 1561 505 1604 καὶ
535 1559 592 1604 τὸ
626 1562 887 1616 μέγεθος.

165 1623 268 1662 Fau
279 1634 302 1662 o
314 1621 389 1661 rin
400 1634 428 1661 u
440 1633 460 1661 5
488 1633 658 1672 quoque
675 1622 957 1672 philosophus
974 1622 1268 1662 huiuscemodi
1285 1622 1498 1673 indulgen·
1510 1634 1556 1670 27

78 1679 178 1720 tiam
202 1678 360 1729 gratiae
386 1678 684 1742 tempestiuae,
718 1680 854 1718 laxato
880 1680 1051 1729 paulum
1077 1679 1342 1729 remissoque
1361 1679 1500 1719 subtili

79 1736 262 1777 iustitiae
293 1735 507 1784 examine,
548 1735 610 1775 his
644 1748 720 1775 uei
722 1736 787 1776 his
821 1735 1026 1775 definiuit:
1068 1729 1125 1774 ‘H
1169 1749 1195 1775 κ
1207 1749 1233 1774 α
1246 1738 1271 1776 λ
1284 1749 1307 1775 ο
1320 1749 1348 1775 υ
1361 1750 1391 1788 μ
1403 1734 1426 1776 ε’
1432 1749 1460 1775 ν
1471 1749 1498 1788 η

78 1789 239 1860 χάρις
270 1787 411 1845 παρὰ
444 1796 560 1840 τοῖς
590 1787 937 1845 ἀνθρώποις,
964 1791 1260 1832 τουτέστιν
1296 1787 1498 1845 ὕφεσις

15 1871 18 1873 ‡
83 1845 374 1902 ἀκριβείας
405 1846 462 1889 ἐν
493 1846 696 1889 δέοντι.

167 1907 270 1947 Post
294 1906 446 1945 deinde
471 1905 582 1945 idem
606 1907 741 1947 Theo
758 1907 1015 1957 phrastus
1042 1906 1095 1945 ad
1120 1906 1226 1945 hanc
1254 1907 1383 1946 ferme
1407 1915 1559 1950 sen-28

10 1995 12 2000 .
79 1963 250 2004 tentiam
267 1963 483 2003 disseruit:
519 1966 531 1985 ³
546 1964 632 2003 Has
649 1968 786 2003 tamen
800 1967 832 2011 ³,
851 1963 1003 2013 inquit,
1031 1967 1042 1985 <
1054 1963 1283 2013 paruitates
1301 1975 1440 2004 rerum
1458 1970 1498 2003 et

15 2024 21 2030 ‘⁴
55 2019 387 2071 {magnitudines
405 2024 531 2069 atque
550 2021 626 2060 has
646 2032 791 2061 omnes
820 2020 1055 2060 officiorum
1081 2019 1393 2060 aestimationes
1419 2020 1497 2060 alia

16 2099 18 2103 ν
68 2080 395 2127 nonnumquam
412 2083 623 2117 momenta
640 2078 900 2118 extrinsecus
920 2083 1044 2127 atque
1066 2077 1168 2116 aliae
1196 2077 1354 2127 quasi
1343 2089 1497 2128 appen-

55 2132 199 2189 §fdices
224 2144 500 2185 personarum
527 2139 568 2174 et
591 2145 738 2175 caus‘u
743 2147 809 2174 um
836 2140 875 2173 et
898 2140 1134 2183 temporum
1162 2139 1202 2173 et
1227 2133 1494 2174 circumstan-

53 2189 164 2229 ”ftiae
195 2190 328 2241 ipsius
359 2191 656 2239 necessitates,
692 2203 795 2241 quas
828 2191 1042 2230 includere
1074 2190 1114 2229 in
1140 2196 1366 2241 praecepta
1391 2190 1495 2230 disfi-

50 2245 224 2297 2jcilest,
247 2247 518 2287 moderantur
534 2253 575 2287 et
591 2254 740 2297 regunt
757 2254 796 2287 et
814 2247 971 2297 quasi
951 2248 1183 2287 ‹rubernant
1201 2253 1241 2287 et
1256 2259 1367 2287 nunc
1383 2253 1496 2287 ratas

21 2339 25 2358 η,
53 2302 288 2363 grefficiunm
313 2315 423 2344 nunc
438 2304 622 2344 inritas'.

55 2448 89 2483 ς,

65 2478 113 2508 4¹5¹<
