1619 2476
159 53 242 94 238
740 54 863 92 VIIII.
894 64 971 92 1111.

104 172 151 208 10
167 166 207 205 in
241 167 421 206 humeris
452 167 667 206 habentes.
729 167 813 204 lam
839 175 940 204 uero
963 166 1043 206 hoc
1061 165 1271 215 egreditur
1292 177 1455 205 omnem
1477 177 1562 207 rno-

166 224 262 262 dum
298 223 602 270 admirationis,
645 222 758 270 quod
786 221 895 260 idem
929 221 984 260 illi
1015 223 1242 271 scriptores
1268 227 1434 272 gentem
1466 233 1562 262 esse

164 279 277 318 aiunt
303 285 403 329 aput
434 284 619 319 extrema
641 277 800 325 Indiae,
843 278 1089 327 corporibus
1120 278 1236 318 hirtis
1263 282 1303 317 et
1325 278 1461 318 auium
1483 278 1562 318 ritu

161 335 458 385 pululantibus,
494 337 605 375 nullo
627 334 762 373 cibatu
778 339 1031 383 uescentem,
1065 334 1141 374 sed
1157 334 1304 384 spiritu
1324 334 1474 374 florum
1491 346 1561 373 na-

161 391 274 430 ribus
309 393 458 432 hausto
492 391 768 439 uictitantem3
798 391 1032 440 Pygmaeos
1053 401 1221 441 quoque
1241 391 1341 430 haut
1362 392 1485 440 longe
1509 391 1559 430 ab
1617 403 1619 407 ⁴

161 447 224 486 his
242 448 380 496 nasci,
406 460 582 498 quorum
614 447 682 496 qui
714 446 943 496 longissimi
974 448 1073 495 sint,
1103 459 1187 486 non
1212 446 1423 496 longiores
1451 458 1559 495 esse,

162 514 286 553 quam
308 505 439 554 pedes
459 505 539 544 duo
561 509 601 543 et
619 504 901 553 quadrantem.

102 567 210 601 ll.12
248 560 361 599 Haec
393 566 516 610 atque
541 560 618 599 alia
645 559 878 599 istiusmodi
898 560 1016 609 plura
1045 559 1239 609 legimus,
1268 560 1364 607 sed,
1397 569 1489 597 cum
1512 569 1561 598 ea
1616 610 1619 611 ⁷

163 615 461 663 scriberemus,
500 617 631 656 tenuit
667 628 744 656 nos
776 627 859 655 non
891 616 1068 655 idoneae
1102 615 1334 666 scripturae
1363 614 1559 662 taedium,

102 680 146 716 13
160 672 257 712 nihil
282 673 334 712 ad
353 674 584 713 ornandum
609 672 918 721 iuuandumque
940 683 1062 711 usum
1080 672 1189 711 uitae
1211 671 1469 722 pertinentis.
1498 670 1559 710 Li-

160 729 453 771 bitumbtamen
478 735 541 769 est
571 729 611 768 in
632 731 724 768 loco
753 729 833 768 hoc
859 727 1149 769 miraculorum
1176 733 1321 768 notare
1351 727 1393 766 id
1423 727 1557 774 etiam,

161 785 275 835 quod
295 786 501 825 Plinius
535 785 830 837 Secundus,
863 785 926 824 uir
945 784 984 824 in
1009 784 1266 835 temporibus
1289 783 1433 824 aetatis
1457 794 1558 823 suae

158 841 311 890 ingenii
330 842 623 892 dignitatisque
642 841 772 891 gratia
795 841 1039 881 auctoritate
1063 852 1212 891 magna
1225 840 1451 891 praeditus,
1474 851 1557 879 non

158 897 328 938 audisse
351 910 488 948 neque
511 899 677 949 legisse,
710 899 785 937 sed
803 898 910 937 scire
933 909 1028 937 sese
1049 902 1174 947 atque
1189 896 1348 937 uidisse
1362 896 1403 935 in
1419 895 1554 934 libro

101 955 422 998 nnaturalis
459 955 715 995 historiae
753 954 979 1004 septimo
1012 954 1190 1003 scripsit.
1259 954 1401 993 Verba
1434 951 1557 1001 igitur

156 1011 281 1058 haee,
316 1022 422 1060 quae
451 1012 558 1050 infra
588 1011 729 1061 posui,
764 1011 894 1062 ipsius
928 1016 1036 1058 sunt,
1070 1021 1122 1050 ex
1152 1021 1202 1050 eo
1237 1009 1341 1049 libro
1378 1013 1556 1060 sumpta,

158 1077 265 1116 quae
288 1069 478 1118 profecto
502 1068 666 1115 faciunt,
689 1072 733 1107 ut
750 1079 886 1117 neque
903 1067 1142 1117 respuenda
1158 1077 1296 1116 neque
1312 1065 1486 1104 ridenda
1505 1064 1558 1103 sit

156 1122 377 1164 notissima
394 1124 461 1163 illa
476 1130 664 1164 ueterum
682 1130 898 1174 poetarum
917 1123 968 1162 de
987 1123 1163 1162 Caenide.
1187 1127 1228 1162 et
1246 1124 1407 1162 Caeneo
1434 1119 1556 1160 canti-

99 1180 262 1222 lblena.
325 1182 388 1220 Ex
420 1181 601 1229 feminis,
636 1181 785 1230 inquit,
818 1180 965 1219 mutari
980 1180 1020 1218 in
1038 1190 1195 1231 mares,
1227 1190 1312 1219 non
1331 1188 1427 1218 esse
1444 1177 1556 1217 fabu-
1618 1217 1619 1220 ,

153 1238 304 1275 losum.
334 1238 634 1277 Inuenimus
660 1238 710 1276 in
738 1237 1037 1284 annalibus,
1064 1235 1325 1285 Q.Licinio
1351 1236 1554 1281 Crasso,

156 1293 196 1331 C.
242 1293 420 1343 Cassio
465 1294 693 1342 Longino
741 1293 1046 1340 consulibus
1065 1323 1074 1339 ,
1125 1291 1300 1331 Casini
1341 1301 1555 1340 puerum

154 1350 344 1387 factum
409 1361 473 1388 ex
532 1349 734 1398 uirgine
786 1348 878 1387 sub
936 1347 1240 1397 parentibus
1298 1347 1555 1395 iussuque

155 1404 447 1454 aruspicum
500 1406 831 1455 deportatum
891 1403 945 1442 in
1002 1403 1222 1443 insulam
1276 1404 1552 1442 desertam.

151 1459 382 1500 Licinius
406 1461 675 1500 Mucianus
708 1459 960 1511 prodidit,
987 1460 1151 1499 uisum
1185 1471 1302 1500 esse
1327 1471 1350 1498 a
1379 1470 1437 1498 se
1463 1461 1554 1498 Ar-

153 1516 230 1566 gis
265 1520 634 1567 Arescontem,
677 1517 757 1557 cui
794 1528 972 1556 nomen
1002 1519 1299 1556 Arescusae
1338 1515 1551 1562 fuisset,

156 1574 404 1613 nubsisse
437 1574 604 1622 etiam,
638 1586 748 1613 mox
780 1574 985 1612 barbam
1027 1579 1074 1612 et
1104 1572 1411 1612 uirilitatem
1434 1582 1552 1621 pro-

153 1630 369 1669 uenisse
399 1642 717 1681 uxoremque
756 1630 1003 1676 duxisse3
1037 1629 1269 1668 eiusdem
1302 1627 1465 1667 sortis
1497 1631 1554 1666 et

155 1685 402 1736 Zmyrnae
427 1699 642 1736 puerum
663 1699 685 1726 a
710 1699 764 1726 se
786 1687 967 1726 uisum.
1026 1686 1145 1734 lpse
1169 1685 1215 1724 in
1241 1683 1417 1724 Africa
1447 1682 1552 1722 uidi

155 1748 395 1782 mutatum
433 1743 479 1782 in
516 1755 703 1783 marem
737 1743 818 1782 die
858 1741 1155 1792 nuptiarum
1186 1742 1230 1780 L.
1265 1739 1550 1780 Cossitium

155 1798 758 1850 ciuemThysdritanum,
781 1799 1120 1847 timebatque,
1144 1808 1253 1836 curn
1269 1796 1550 1847 ‚proderem

154 1856 289 1894 baec.
1426 1872 1429 1874 v

98 1921 141 1957 15
239 1912 350 1950 Idem
385 1912 582 1953 Plinius
620 1913 665 1951 in
701 1912 879 1952 eodem
908 1911 1041 1950 libro
1074 1910 1204 1949 uerba
1225 1910 1327 1948 haec
1361 1907 1547 1958 scripsit:

155 1966 446 2016 Gig-nuntur
465 1969 701 2008 homines
723 1968 1005 2016 utriusque
1037 1977 1226 2013 sexus,
1257 1977 1384 2015 quos
1408 1964 1548 2003 ‘her-

152 2024 541 2073 maphroditos'
573 2025 989 2077 uoca1nus,olim
1022 2023 1414 2073 ‘androgynos'
1448 2031 1546 2060 uo-

154 2085 298 2171 fatos
335 2086 382 2120 et
414 2080 459 2120 in
500 2081 762 2131 prodigiis
797 2080 1030 2127 habitos,
1063 2090 1194 2119 nunc
1226 2089 1348 2119 uero
1383 2077 1434 2117 in
1463 2077 1546 2115 de-

174 2145 303 2175 lCllS.

1607 2181 1615 2188 .
1588 1895 1619 2155 2·=-·'·¹·;.Lffl'n..e..i;.
1602 1846 1605 1847 ¹
1608 1816 1611 1818 -
