1635 2492
665 55 829 95 XVIIII.
854 66 946 95 vm.
1427 56 1510 99 229

100 170 428 222 appellauerunt,
447 168 604 210 ‘serias’
623 173 665 209 et
682 168 922 209 ‘nundinas'
934 174 976 209 et
992 168 1193 210 ‘inferias’
1213 175 1254 210 et
1275 170 1510 221 ‘exequias’

99 227 356 277 numquam?
378 236 452 266 cur
473 227 586 266 ‘mel’
604 230 646 266 et
664 225 838 266 ‘uinum'
859 231 986 276 atque
1002 226 1044 266 id
1062 238 1196 277 genus
1214 232 1354 268 cetera
1370 239 1511 268 nume-

99 294 192 323 rum
207 282 478 324 multitudinis
497 282 676 334 capiunt,
698 283 839 322 ‘lacte'
861 294 945 323 non
965 283 1127 334 capiat?
1151 283 1307 333 quaeri,
1330 284 1513 336 inquam,
1528 289 1571 326 14

0 347 41 405 w·
99 340 179 381 ista
195 339 334 381 omnia
350 344 391 379 et
412 339 621 380 enucleari
645 343 686 379 et
713 340 920 388 extu[n]di
946 340 996 380 ab
1015 340 1251 381 hominibus
1278 341 1511 392 negotiosis

97 396 139 437 in
159 396 325 437 ciuitate
346 401 430 437 tam
449 401 653 448 occupata
677 408 761 437 non
781 402 950 447 queunt.
999 397 1100 447 Quin
1121 397 1184 438 his
1208 410 1378 449 quoque
1394 398 1511 449 ipsis,

101 465 209 504 quae
233 454 314 493 iam
339 453 437 501 dixi,
473 454 715 494 demoratos
736 464 812 494 uos
832 464 927 494 esse
950 453 1074 494 uideo
1094 454 1226 503 alicui,
1252 455 1414 506 opinor,
1443 466 1512 495 ne<

99 511 213 561 gotio
233 510 479 552 destinatos.
540 512 600 550 Ite
618 521 718 561 ergo
738 522 847 550 nunc
873 516 926 559 et,
956 512 1124 561 quando
1153 513 1258 553 sorte
1276 512 1352 552 erit
1370 512 1572 565 otium,15

101 567 309 618 quaerite,
343 579 394 608 an
419 571 431 591 ‘
445 567 712 618 quadrigam'
737 573 778 607 et
796 570 807 589 ²
822 567 1024 608 harenas’
1045 568 1195 608 dixerit
1214 581 1237 609 e
1255 570 1429 610 cohorte
1446 569 1514 608 illa

100 624 315 664 dumtaxat
358 624 591 675 antiquiore
631 626 700 667 uel
740 629 952 665 oratorum
989 625 1138 675 aliquis
1173 627 1239 666 uel
1278 631 1512 676 poetarum,

99 681 140 721 id
181 686 246 722 est
281 682 482 723 classicus
521 680 808 732 adsiduusque
854 682 1001 732 aliquis
1041 682 1240 732 scriptor,
1297 694 1381 723 non
1422 694 1514 732 pro-

100 738 320 779 letarius?'

187 796 302 835 Haec
319 795 487 846 quidem
509 796 601 837 Fro
614 801 664 835 nt
678 807 701 836 0
734 794 947 846 requirere
964 807 1042 837 nos
1060 797 1181 838 iussit
1204 798 1412 839 uocabula
1428 807 1513 837 non
1530 803 1572 839 16

102 863 151 892 ea
166 863 232 901 re,
266 853 436 904 opinor,
469 853 582 902 quod
608 852 764 903 scripta
794 863 890 892 esse
917 852 957 892 in
979 853 1072 894 ullis
1100 858 1290 894 ueterum
1310 853 1427 894 libris
1444 864 1514 893 ex-

100 909 319 950 istumaret
334 942 343 958 ‚
375 910 451 950 sed
474 915 520 950 ut
542 909 663 950 nobis
681 909 865 950 studium
891 909 1100 950 lectitandi
1122 910 1160 950 in
1180 910 1432 961 quaerendis
1450 921 1515 949 ra-

101 966 279 1007 rioribus
298 965 438 1007 uerbis
455 971 685 1006 exerceret,
718 967 838 1016 Quod
854 978 982 1006 unum
1004 979 1104 1018 ergo
1123 967 1382 1008 rarissimum
1399 967 1515 1008 uide·
1528 974 1571 1011 17

99 1023 242 1071 batur,
269 1023 503 1064 inuenimus
527 1023 823 1074 ‘quadrigam'
859 1035 1032 1064 numero
1068 1024 1267 1076 singulari
1299 1024 1449 1064 dictam
1474 1023 1514 1062 in

102 1080 240 1121 libro
294 1085 595 1121 saturarum
640 1082 694 1121 M.
733 1081 1012 1129 Varronis,
1067 1082 1134 1132 qui
1174 1081 1399 1133 inscriptus
1451 1086 1517 1121 est

101 1137 486 1177 Exdemeticus.
551 1142 562 1161 ³
577 1138 792 1177 Harenas'
831 1143 969 1178 autem
1014 1139 1337 1190 πληθυντικῶς
1381 1137 1514 1177 dictas
1533 1145 1573 1182 18

102 1194 263 1234 minore
285 1193 422 1234 studio
444 1193 695 1243 quaerimus,
717 1194 813 1244 quia
835 1199 1000 1245 praeter
1019 1196 1060 1235 C.
1080 1196 1380 1242 Caesarem,
1401 1195 1516 1245 quod

103 1250 297 1301 equidem
320 1250 589 1298 meminerim,
622 1262 744 1291 nemo
771 1251 812 1290 id
830 1251 1050 1292 doctorum
1069 1252 1281 1292 hominum
1301 1251 1428 1292 dedit.

758 1365 880 1404 V1111.

162 1447 332 1492 [Antonii
354 1446 489 1483 Iuliani
511 1447 548 1482 in
565 1448 741 1483 conuiuio
760 1447 809 1484 ad
832 1447 1019 1495 quosdam
1039 1448 1206 1485 Graecos
1226 1447 1461 1496 lepidissima

696 1506 927 1552 responsio]

185 1590 452 1633 Adulescens
474 1603 496 1632 e
517 1598 629 1633 terra
653 1592 756 1632 Asia
774 1592 826 1631 de
848 1592 1034 1642 equestri
1057 1594 1177 1643 loco,
1207 1594 1340 1632 laetae
1367 1592 1518 1632 indolis
1537 1596 1557 1631 1

106 1647 378 1700 moribusque
396 1654 437 1689 et
454 1649 620 1690 fortuna
637 1651 745 1691 bene
770 1655 941 1690 ornatus
961 1654 1001 1688 et
1016 1650 1069 1688 ad
1087 1660 1174 1688 rem
1193 1649 1394 1690 musicam
1415 1649 1521 1688 facili

103 1705 270 1756 ingenio
290 1717 338 1746 ac
353 1705 523 1754 lubenti,
547 1716 693 1747 cenam
713 1705 837 1745 (labat
855 1705 996 1746 amicis
1018 1717 1065 1745 ac
1083 1706 1293 1755 magistris
1318 1706 1395 1746 sub
1417 1706 1521 1746 urbe

103 1761 144 1802 in
167 1764 337 1804 rusculo
367 1763 642 1803 celebrandae
668 1762 769 1804 lucis
799 1774 984 1810 annuae,
1019 1774 1142 1812 quam
1175 1762 1406 1814 principem
1443 1762 1522 1802 sibi

105 1818 216 1859 uitae
246 1819 460 1860 habuerat.
520 1821 707 1860 Venerat
727 1824 814 1859 tum
843 1819 1062 1860 nobiscum
1094 1819 1147 1858 ad
1171 1820 1346 1859 eandem
1375 1830 1519 1860 cenam
1537 1823 1560 1858 2

106 1875 372 1918 Antonius
401 1875 638 1917 Iulianus
671 1877 833 1924 rhetor,
862 1875 1064 1917 docendis
1096 1876 1261 1926 publice
1298 1875 1521 1916 iuuenibus

107 1932 315 1984 magister,
347 1932 535 1984 Hispano
559 1944 630 1973 ore
651 1932 925 1983 florentisque
943 1933 1068 1973 homo
1088 1932 1307 1973 facundiae
1325 1939 1366 1973 et
1382 1944 1520 1973 rerum

106 1989 402 2040 literarumque
429 1994 617 2031 ueterum
637 1990 806 2040 peritus.
846 1991 906 2038 Is,
931 1989 999 2029 ubi
1022 1989 1167 2029 eduliis
1185 1989 1279 2030 finis
1298 1995 1339 2029 et
1358 1989 1521 2040 poculis
1539 1993 1562 2028 3

107 2057 207 2086 mox
224 2046 575 2096 sermonibusque
593 2052 758 2097 tempus
784 2046 879 2094 fuit,
904 2045 1160 2085 desiderauit
1182 2046 1380 2093 exhiberi,
1401 2057 1520 2096 ‚quos

108 2103 264 2143 habere
295 2115 390 2143 eum
432 2104 745 2144 adulescentem
791 2103 969 2149 sciebat
1021 2102 1270 2143 scitissimos
1303 2102 1523 2152 utriusque

113 2171 256 2208 sexus,
288 2159 359 2210 qui
381 2166 578 2200 canerent
598 2171 706 2201 uoce
730 2164 770 2199 et
797 2159 865 2209 qui
884 2161 1123 2209 psallerent.
1164 2161 1226 2198 Ac
1245 2165 1523 2210 posteaquam
1538 2162 1562 2198 4

111 2215 338 2257 introducti
381 2216 499 2268 pueri
538 2219 787 2268 puellaeque
833 2222 950 2262 sunt,
996 2215 1222 2255 iucundum
1271 2216 1310 2254 in
1353 2216 1523 2256 modum

110 2266 572 2326 Ἀνακρεόντ[ε]ια
596 2275 793 2324 pleraque
819 2278 858 2312 et
890 2273 916 2313 S
931 2272 1155 2323 apphica
1181 2277 1220 2311 et
1248 2278 1523 2321 poetarum
