1635 2492
476 46 582 86 XIII.
613 57 718 85 xvxi.
740 56 860 85 xvm.
891 47 995 88 <xx-1.
1020 46 1144 89 xvn.)
1398 65 1402 68 >
1459 42 1515 85 85

95 162 296 214 quodque
315 172 341 201 a
364 159 534 200 Graecis
557 158 917 211 ‘mmavapmm'a’
943 157 1092 197 dicitur
1116 163 1156 196 et
1179 157 1387 208 significat
1416 159 1516 198 dex-

93 219 300 260 teritatem
335 218 546 269 quandam
584 215 993 266 beniuolentiamque
1025 226 1124 265 erga
1156 215 1290 256 omnis
1323 215 1516 256 homines

94 275 370 328 promiscam,
407 274 484 314 sed
511 273 859 314 ‘humanitatem'
886 273 1204 323 appellauerunt
1228 273 1271 312 id
1293 284 1517 323 propemo-

93 334 204 382 dum,
228 332 342 383 quod
356 331 503 371 Graeci
525 329 765 371 (παιδείαν
788 335 956 376 uocant,
982 341 1060 371 nos
1087 330 1381 370 ‘eruditionem
1403 330 1517 370 insti-

91 390 382 440 tutionemque
409 388 450 427 in
484 389 615 428 bonas
647 386 771 427 artis'
808 387 997 426 dicimus.
1061 387 1172 436 Quas
1204 387 1274 437 qui
1300 387 1518 428 sinceriter

93 447 346 497 percupiunt
373 445 679 496 adpetuntque,
711 444 751 483 hi
782 449 879 484 sunt
911 436 978 483 uei
1009 444 1188 483 maxime
1212 445 1516 485 humanissimi.

93 504 227 544 Huius
253 503 361 544 enim
382 501 582 543 scientiae
607 513 707 541 cura
729 507 769 541 et
790 501 1008 550 disciplina
1029 512 1079 540 ex
1103 500 1313 543 uniuersis
1336 502 1518 542 animan-

93 562 202 602 tibus
221 560 292 601 uni
313 559 469 601 homini
492 560 630 599 datast
649 558 892 608 idcircoque
915 557 1182 598 ‘humanitas’
1207 561 1417 609 appellata
1439 564 1516 599 est.

180 618 248 659 Sic
270 617 395 668 igitur
426 628 475 657 eo
506 616 637 657 uerbo
663 622 830 656 ueteres
857 627 960 656 usos
985 621 1024 655 et
1052 615 1292 665 cumprimis
1313 617 1367 655 M.
1392 618 1516 655 Var-
1538 627 1560 660 2

92 686 277 715 ronem
307 675 532 714 Marcum
546 685 627 724 que
657 673 899 721 Tullium,
935 683 1080 713 omnes
1108 673 1235 712 ferme
1267 673 1358 712 libri
1382 675 1518 713 decla-

91 738 198 772 rant.
252 731 532 782 Quamobrem
557 730 657 771 satis
680 730 804 770 habui
826 742 955 770 unum
978 730 1140 769 interim
1163 732 1399 781 exemplum
1420 742 1517 781 pro-

92 801 221 830 mere.
264 790 410 839 Itaque
433 789 559 828 uerba
580 787 705 838 posui
731 787 992 827 Varronis
1020 798 1041 826 e
1066 787 1202 827 libro
1234 799 1405 827 rerum
1430 789 1517 828 hu-
1539 798 1562 833 3

95 857 358 886 manarum
389 846 581 895 primo,
623 844 739 884 cuius
762 844 1009 895 principium
1035 844 1116 884 hoc
1139 849 1221 884 est:
1274 845 1518 884 Praxite—

93 906 189 952 les,
217 903 309 954 qui
337 908 554 953 propter
585 902 875 941 artificium
903 901 1177 951 egregium
1209 901 1408 941 nemini
1440 906 1518 941 est

92 962 303 1011 paulum
334 960 485 1000 modo
518 959 815 999 humaniori
846 959 1072 1009 ignotus.
1134 958 1517 1000 Humanioriin-
1539 971 1563 1006 4

95 1018 203 1068 quit3
232 1029 315 1058 non
333 1018 461 1067 uulgo
486 1016 655 1063 dicitur,
688 1016 795 1055 facili
818 1022 858 1056 et
881 1015 1083 1055 tractabili
1110 1021 1150 1056 et
1172 1016 1393 1064 beniuolo,
1417 1021 1516 1056 tam-

94 1074 173 1114 etsi
196 1073 312 1114 rudis
334 1074 544 1114 literarum
565 1073 635 1121 sit,
668 1074 748 1113 hoc
771 1073 878 1112 enim
901 1085 993 1113 cum
1023 1073 1229 1112 sententia
1251 1084 1517 1123 nequaquam

95 1131 314 1179 conuenit,
357 1131 434 1171 sed
462 1130 673 1170 eruditiori
695 1130 980 1179 doctiorique,
1026 1130 1095 1180 qui
1125 1130 1393 1179 Praxitelem,
1417 1129 1517 1180 quid

94 1188 229 1236 fuerit,
254 1193 295 1228 et
319 1199 372 1228 ex
402 1187 515 1228 libris
541 1193 581 1227 et
605 1199 656 1227 ex
679 1187 853 1227 historia
875 1187 1134 1237 cognouerit.

634 1302 780 1342 XVIII.
806 1302 972 1349 (XVII.)

130 1384 228 1430 Quid
253 1389 342 1432 aput
366 1384 417 1420 M.
440 1383 619 1421 Catonem
644 1384 859 1432 significent
885 1386 1002 1420 verba
1024 1384 1141 1420 hacc:
1173 1386 1267 1420 inter
1290 1397 1333 1421 os
1361 1391 1471 1432 atque

735 1441 863 1478 «wifam.

177 1525 356 1566 Oratio
379 1531 444 1565 est
463 1526 518 1565 Μ.
544 1526 758 1567 Catonis
792 1527 1034 1567 Censorii
1065 1526 1124 1565 de
1148 1525 1412 1566 aedilibus
1443 1525 1516 1565 ui-
1542 1537 1559 1571 1

92 1582 163 1623 tio
199 1582 412 1622 creatis.
472 1583 535 1621 Ex
578 1594 626 1622 ea
659 1583 846 1623 oratione
889 1584 1017 1623 uerba
1055 1584 1158 1623 haec
1198 1589 1313 1623 sunt:
1375 1584 1517 1622 Nunc

91 1639 163 1680 ita
195 1639 367 1687 aiunt,
399 1639 448 1679 in
482 1639 782 1689 segetibus,
812 1640 859 1679 in
886 1640 1062 1680 herbis
1089 1641 1226 1680 bona
1258 1641 1518 1679 frumenta

95 1707 232 1737 esse.
262 1697 435 1738 Nolite
468 1696 541 1736 ibi
580 1696 786 1735 nimiam
818 1708 957 1747 spem
985 1697 1195 1736 habere.
1232 1696 1403 1745 Saepe
1432 1708 1517 1736 au-

93 1753 224 1802 diui,
274 1753 414 1793 inter
459 1765 514 1794 os
570 1759 734 1803 atque
783 1755 941 1794 offam
988 1755 1146 1793 multa
1191 1753 1518 1793 interuenire

93 1821 279 1861 posse;
334 1821 649 1851 uerumuero
697 1811 836 1850 inter
882 1812 1038 1851 offam
1083 1817 1238 1860 atque
1283 1811 1516 1859 herbam,

93 1867 165 1908 ibi
203 1879 330 1908 uero
365 1869 579 1918 longum
620 1867 956 1907 interuallum
990 1874 1082 1908 est.
1144 1867 1376 1907 Erucius
1409 1869 1561 1909 Cla-2

94 1935 204 1973 rus,
236 1924 306 1975 qui
340 1926 578 1976 praefectus
612 1924 703 1963 urbi
736 1931 775 1963 et
803 1925 866 1965 bis
899 1927 1046 1966 consul
1080 1925 1163 1972 suit,
1199 1925 1260 1964 uir
1289 1936 1451 1964 morum
1477 1929 1519 1964 et

93 1980 305 2021 literarum
336 1987 527 2021 ueterum
558 1982 908 2030 studiosissimus,
941 1983 994 2022 ad
1027 1982 1326 2033 Sulpicium
1356 1984 1394 2021 A
1404 1984 1516 2032 pol-

94 2037 322 2078 linarem
366 2039 551 2087 scribsit,
601 2039 811 2079 hominem
858 2040 1084 2081 memoriae
1124 2044 1294 2079 nostrae
1329 2039 1517 2080 doctissi-

95 2106 226 2143 mum,
263 2106 465 2145 quaerere
496 2107 592 2136 sese
618 2102 659 2135 et
689 2101 854 2146 petere,
891 2097 949 2135 uti
982 2097 1059 2136 sibi
1086 2097 1354 2144 rescriberet,
1391 2107 1515 2147 quae—

95 2161 191 2191 nam
213 2158 328 2192 esset
353 2163 498 2193 eorum
520 2153 746 2193 uerborum
773 2154 992 2193 sententia.
1026 2155 1128 2193 Tum
1154 2153 1515 2203 Apollinaris,
1531 2159 1554 2195 3

97 2207 219 2248 nobis
252 2209 568 2259 praesentibus,
615 2221 710 2249 nam
731 2210 771 2249 id
803 2210 1002 2260 temporis
1039 2222 1116 2260 ego
1150 2211 1401 2251 adulescens
1433 2212 1514 2250 Ro—

97 2273 190 2304 mae
210 2265 402 2305 sectabar
428 2278 522 2306 eum
549 2266 737 2306 discendi
768 2267 918 2317 gratia,
953 2267 1166 2308 rescribsit
1199 2268 1331 2316 Claro,
1363 2272 1408 2308 ut
1422 2267 1513 2308 uiro
