1635 2492
0 217 1 242 ἶ
11 220 30 246 ὲ.

674 46 762 86 XII.
783 58 854 85 vn.
873 58 957 86 vm.
1471 51 1525 92 61

112 164 299 201 stentem
320 158 521 210 optimum
539 164 579 200 et
592 159 1001 209 innocentissimum,
1029 167 1251 212 exceptum
1267 162 1441 212 insidiis,
1461 176 1528 204 oc-

111 216 324 257 cidissent.
351 216 483 266 quue
504 216 561 256 ita
585 227 682 256 esse
702 217 876 265 factum,
901 218 1191 259 controuersia
1208 231 1291 260 non
1314 225 1415 260 erat.
1447 221 1528 261 Do·
1543 226 1566 261 3

108 273 259 314 labella
279 272 419 313 retulit
444 273 497 312 ad
522 273 753 313 consilium.
775 275 903 314 Nemo
929 275 1149 325 quisquam
1168 287 1221 316 ex
1243 277 1417 318 consilio
1437 284 1565 318 sen-4

108 329 276 370 tentiam
301 331 409 370 ferre
428 329 470 370 in
492 341 620 370 causa
640 335 723 369 tam
745 330 913 381 ancipiti
935 333 1133 380 audebat,
1165 334 1279 383 quod
1302 339 1342 374 et
1367 335 1528 375 confes-

109 398 201 427 sum
223 387 493 435 ueneficium,
521 399 603 437 quo
629 387 799 428 maritus
827 393 867 427 et
884 388 994 429 filius
1015 389 1150 429 necati
1171 391 1326 437 forent,
1349 403 1433 431 non
1459 392 1528 430 ad-

107 443 353 484 mittendum
373 443 607 495 inpunitum
627 444 848 485 uidebatur
870 451 911 485 et
933 446 1058 496 digna
1077 452 1214 487 tamen
1237 459 1376 498 poena
1397 449 1437 488 in
1456 449 1528 488 ho-

108 500 241 540 mines
279 502 507 541 sceleratos
544 501 797 542 uindicatum
838 501 998 542 fuisset.
1059 504 1275 544 Dolabella
1313 516 1403 544 eam
1441 517 1529 545 rem
1545 511 1565 544 5

106 558 294 598 Athenas
322 559 375 597 ad
396 557 684 608 Ariopagitas,
707 564 752 598 ut
774 559 828 598 ad
847 558 1007 599 iudices
1026 561 1243 610 grauiores
1267 562 1527 602 exercitatio·

107 625 282 664 resque,
313 614 469 655 reiecit.
530 615 823 666 Ariopagitae,
864 617 1030 666 cognita
1054 628 1199 665 causa,
1233 624 1564 659 accusatoremfi

107 671 292 712 mulieris
315 677 356 712 et
376 672 532 722 ipsam,
559 683 665 721 quae
686 674 976 721 accusabatur,
997 675 1225 715 centesimo
1246 687 1354 716 anno
1374 677 1525 716 adesse

105 728 333 769 iusserunt,
358 729 427 770 Sic
441 739 578 778 neque
596 730 832 770 absolutum
846 731 1029 770 mulieris
1044 732 1294 773 ueneficium
1311 738 1387 780 est,
1413 734 1527 783 quod
1545 736 1564 771 7

0 837 1 846 ¹
54 828 63 832 ,
106 797 183 837 per
206 787 320 836 leges
350 798 434 827 non
458 784 594 834 licuit,
631 798 768 835 neque
799 798 957 828 nocens
997 789 1220 839 dampnata
1254 790 1524 839 poenitaque,

107 853 214 892 quae
231 843 356 894 digna
379 843 503 884 uenia
524 842 610 882 fuit.
663 843 824 883 Scribta
847 845 950 884 haec
968 845 1225 885 historia·est
1240 846 1280 885 in
1305 846 1407 886 libro
1431 848 1526 885 Va·
1542 853 1565 888 8

105 899 225 939 lerii
246 900 451 941 Maximi
482 899 737 940 factorum
760 905 806 939 et
829 901 1088 941 dictorum
1114 903 1527 943 memorabilium

104 967 257 997 nona

763 1071 866 1111 vul.

178 1149 402 1186 Reditiones
428 1151 466 1186 in
488 1152 648 1198 gratiam
673 1152 853 1188 nobilium
876 1153 1044 1189 uirorum
1068 1159 1278 1190 memoratu
1300 1154 1452 1202 dignae.

190 1235 234 1275 P.
251 1235 475 1277 Africanus
498 1237 692 1288 superior
715 1243 755 1277 et
771 1238 958 1278 Tiberius
979 1238 1214 1286 Gracchus,
1245 1239 1395 1280 Tiberii
1420 1246 1460 1280 et
1484 1242 1524 1281 C.
1544 1250 1563 1284 1

106 1292 388 1334 Gracchorum
411 1298 542 1344 pater,
566 1305 704 1334 rerum
722 1300 935 1344 gestarum
954 1295 1235 1344 magnitudine
1263 1304 1303 1336 et
1319 1297 1527 1338 honorum

104 1355 230 1400 atque
246 1350 357 1390 uitae
376 1350 573 1401 dignitate
590 1351 785 1391 inlustres
803 1351 892 1399 uiri,
911 1351 1202 1392 dissenserunt
1219 1364 1523 1404 saepenumero

105 1407 157 1447 de
182 1406 396 1457 republica
412 1412 453 1447 et
470 1419 519 1447 ea
542 1408 632 1448 siue
653 1420 735 1458 qua
750 1408 830 1447 alia
852 1420 896 1448 re
913 1420 997 1450 non
1017 1409 1136 1449 amici
1158 1410 1338 1450 suerunt.
1401 1412 1461 1451 Ea
1477 1412 1527 1452 si·
1541 1419 1562 1453 2

104 1465 254 1504 multas
273 1475 366 1504 cum
394 1464 463 1504 diu
487 1465 711 1505 mansisset
729 1470 769 1504 et
790 1465 1010 1516 sollempni
1035 1466 1101 1505 die
1124 1467 1293 1516 epulum
1314 1468 1403 1508 Ioui
1427 1468 1524 1508 liba-

102 1525 218 1561 retur
238 1525 364 1571 atque
387 1521 439 1561 ob
456 1521 499 1561 id
519 1522 767 1562 sacrificium
788 1528 959 1563 senatus
982 1523 1021 1562 in
1043 1522 1244 1573 Capitolio
1272 1525 1522 1574 epularetur,

23 1591 38 1618 τ
104 1577 192 1618 fors
216 1577 311 1625 fuit,
346 1582 392 1617 ut
417 1583 517 1628 aput
538 1579 714 1618 eandem
737 1591 922 1619 mensam
947 1580 1030 1620 duo
1057 1580 1112 1618 illi
1139 1580 1308 1619 iunctim
1337 1583 1524 1621 locaren-

31 1622 41 1633 ”
102 1639 183 1674 tur.
244 1634 366 1681 Tum,
390 1635 510 1685 quasi
535 1635 613 1675 diis
633 1635 921 1675 inmortalibus
944 1636 1106 1676 arbitris
1129 1636 1169 1676 in
1193 1637 1388 1678 conuiuio
1411 1639 1523 1679 Iouis
1540 1645 1563 1681 3

104 1690 249 1741 optimi
267 1690 434 1731 maximi
451 1692 645 1732 dexteras
667 1704 813 1732 eorum
845 1693 1199 1740 conducentibus,
1224 1699 1397 1743 repente
1427 1695 1523 1735 ami-

47 1759 50 1761 *
105 1746 260 1787 cissimi
279 1747 396 1796 facti3
419 1760 557 1799 neque
580 1750 717 1789 solum
740 1749 917 1788 amic-itia
939 1749 1122 1799 incepta,
1150 1750 1226 1789 sed
1249 1750 1443 1790 adfinitas
1471 1752 1523 1792 si-

104 1804 189 1843 mul
215 1803 417 1844 instituta.
450 1806 552 1845 Nam
572 1806 615 1845 P.
636 1805 776 1855 Scipio
797 1805 921 1845 filiam
937 1806 1141 1855 uirginem
1159 1807 1319 1846 habens
1337 1807 1418 1846 iam
1436 1809 1526 1850 uiro
1542 1815 1565 1850 4

103 1865 325 1909 maturam,
365 1861 420 1901 ibi
450 1867 549 1902 tunc
585 1863 735 1903 eodem
776 1862 815 1901 in
855 1863 949 1903 loco
985 1863 1210 1913 despondit
1239 1874 1329 1902 eam
1357 1865 1519 1905 Tiberio

105 1917 313 1966 Graccho,
340 1929 464 1968 quem
487 1920 740 1968 probauerat
767 1920 1033 1969 elegeratque
1057 1920 1394 1970 exploratissimo
1419 1921 1520 1962 iudi-

106 1973 156 2013 cii
170 1978 383 2024 tempore,
407 1975 506 2015 dum
530 1975 720 2016 inimicus
744 1981 820 2016 est.

188 2031 389 2071 Aemilius
422 2044 591 2082 quoque
615 2033 797 2083 Lepidus
827 2037 867 2072 et
882 2032 1052 2073 Fuluius
1074 2034 1269 2082 Flaccus,
1303 2034 1430 2074 nobili
1450 2043 1552 2084 ge-5

106 2096 205 2127 nere
236 2087 590 2139 amplissimisque
622 2089 853 2130 honoribus
884 2100 932 2128 ac
963 2101 1125 2130 summo
1161 2092 1255 2131 loco
1286 2090 1326 2130 in
1353 2091 1519 2131 ciuitate

105 2142 293 2192 praediti,
317 2144 413 2185 odio
431 2144 537 2185 inter
553 2157 649 2186 sese
673 2146 790 2196 graui
811 2151 851 2185 et
873 2146 1078 2187 simultate
1105 2147 1258 2187 diutina
1292 2147 1518 2188 conflictati

106 2204 215 2239 sunt.
275 2201 427 2242 Postea
448 2204 629 2252 populus
657 2215 731 2243 eos
761 2203 882 2242 simul
915 2214 1115 2244 censores
1148 2204 1256 2243 facit.
1290 2206 1429 2254 Atque
1450 2205 1556 2252 illi,6

105 2253 176 2294 ubi
190 2267 299 2297 uoce
323 2258 545 2308 praeconis
569 2259 791 2299 renuntiati
812 2265 927 2307 sunt,
948 2259 1102 2300 ibidem
1128 2261 1168 2300 in
1195 2271 1341 2310 campo
1365 2261 1516 2310 statim,
