1603 2508
652 89 736 127 ΙΙΙΙ.
767 99 870 127 xvn.
1382 83 1461 126 155

690 200 817 241 XVII.

54 277 109 318 De
131 283 264 316 natura
292 280 529 327 quarundam
551 282 843 328 particularum,
877 292 972 328 quae
993 280 1235 328 praepositae
1256 279 1383 316 verbis
1410 282 1462 317 ln-

113 336 216 374 tendi
239 340 350 384 atque
375 337 537 384 produci
560 339 719 374 barbare
746 342 782 373 et
806 338 938 374 inseite
963 338 1158 381 uidentur,
1195 337 1377 385 exemplis
1404 349 1462 373 ra-

115 393 352 441 tionibusque
381 395 565 441 plusculis
584 394 847 441 disceptatum.

141 475 329 517 Lucilii
350 489 412 518 ex
439 479 507 519 XI.
539 487 690 516 uersus
709 480 824 515 sunt:
1487 481 1502 513 ι

116 553 399 604 Scipiadae
422 565 603 604 magno
635 553 904 604 improbus
933 552 1204 592 obiciebat
1227 554 1463 599 AselluS‚

115 610 371 660 Lustrum,
393 612 486 651 illo
510 621 754 657 censore,
773 611 952 649 malum
971 609 1263 659 infelixque
1281 610 1461 650 fuisse.

59 696 91 736 Ο
105 697 209 737 bici
222 698 280 737 eb
293 703 346 738 at
372 711 396 739 0
417 699 537 738 litera
553 698 761 748 producta
778 699 930 736 multos
949 698 1087 747 legere
1105 696 1242 743 audio,
1269 697 1393 746 idque
1413 709 1461 737 eo

57 753 197 793 facere
220 754 382 804 dicunt,
409 760 455 795 ut
475 755 579 795 ratio
601 754 761 794 numeri
785 755 902 794 salua
922 753 988 793 sit.
1049 754 1184 792 Idem
1209 753 1334 792 infra:
1483 764 1504 786 -›

1483 785 1504 797 Α

117 830 373 872 Conicere
396 832 446 871 in
473 842 667 872 uersus
691 829 890 869 dictum
910 828 1199 880 praeconis
1228 829 1463 868 uolebam

118 887 282 927 Grani

57 972 103 1011 In
128 972 206 1011 hac
226 985 396 1025 quoque
412 975 533 1026 primi
556 975 673 1015 uerbi
695 973 1008 1026 praepositione
1034 974 1087 1013 ob
1104 974 1278 1012 eandem
1296 984 1464 1013 causam

58 1029 309 1078 producunt.
351 1033 452 1071 ltem
468 1033 579 1071 XV.:
1479 1045 1501 1077 3

117 1104 319 1145 Subicit
351 1107 466 1146 huic
489 1107 729 1146 humilem
759 1111 808 1146 et
841 1105 1160 1146 suffercitus
1190 1106 1462 1157 posterio-

894 1174 1023 1209 rem,

60 1248 254 1291 subicit
277 1261 305 1288 u
322 1248 439 1294 litera
454 1250 579 1298 longa
596 1251 749 1299 legunt,
769 1248 865 1299 quia
883 1248 1057 1299 primam
1075 1250 1278 1298 syllabam
1294 1249 1464 1288 breuem

61 1318 159 1348 esse
183 1306 224 1345 in
250 1317 379 1345 uersu
402 1305 571 1347 heroico
599 1318 682 1345 non
701 1305 909 1347 conuenit.
971 1306 1072 1344 Item
1097 1306 1210 1356 apud
1231 1306 1464 1345 Plautum
1482 1311 1504 1345 4

62 1362 110 1404 in
136 1361 317 1413 Epidio
330 1373 353 1402 ο
379 1364 494 1402 ‘con’
519 1363 723 1414 syllabam
739 1363 987 1414 productam
1004 1362 1291 1412 pronuntiant:

116 1449 237 1503 'Age
260 1464 395 1493 nunc
418 1453 533 1501 iam,
561 1460 772 1501 ornate,
797 1449 1042 1506 'Epidice,
1077 1458 1127 1493 et
1148 1450 1462 1504 palli[ol]un¹

886 1511 935 1550 in
962 1513 1155 1551 collum
1180 1508 1378 1549 conice.

60 1596 482 1649 ApudVergilium
501 1610 670 1648 quoque
687 1598 882 1638 subicit
899 1599 1073 1637 uerbum
1089 1596 1267 1647 produci
1284 1607 1308 1634 a
1322 1596 1466 1645 pleris-
1485 1600 1504 1632 5

0 1678 1 1695 1
63 1666 146 1706 que
176 1653 299 1693 audio
313 1666 321 1692 :

817 1720 981 1759 Etiam
1005 1718 1256 1758 Parnasia
1286 1719 1465 1758 laurus

119 1780 287 1818 Parua
314 1777 406 1816 sub
432 1776 635 1826 ingenti
664 1777 838 1817 matris
866 1788 920 1817 se
944 1775 1137 1815 subicit
1163 1775 1350 1814 umbra.

0 1898 1 1933 ᾗ
64 1879 149 1920 Sed
176 1889 314 1927 neque
341 1878 446 1918 ‘ob'
475 1889 612 1928 neque
630 1878 755 1917 ‘sub'
782 1876 1036 1928 praepositio
1064 1874 1325 1925 producendi
1347 1874 1508 1914 habetfi

0 1947 1 1981 ξ
64 1939 274 1982 naturam,
307 1945 443 1984 neque
459 1933 554 1973 item
574 1937 745 1982 [‘con']‚
772 1934 850 1974 nisi
869 1944 961 1972 eum
984 1944 1076 1971 eam
1091 1932 1233 1971 literae
1256 1936 1464 1976 secuntur,

66 2002 174 2042 quae
198 1990 239 2029 in
258 1991 396 2031 uerbis
418 1994 431 2014 ‘
445 1990 679 2031 constituit'
697 1996 738 2029 et
763 1994 774 2012 ²
793 1989 996 2030 confecit'
1020 1988 1252 2028 secundum
1276 1998 1366 2026 eam
1388 1987 1467 2037 pri-

64 2058 158 2087 mae
185 2051 300 2095 sunt,
328 2049 392 2087 uel
419 2058 513 2087 cum
535 2047 698 2087 eliditur
715 2058 767 2086 ex
793 2049 906 2086 econ'
925 2050 983 2094 [n]
1009 2046 1144 2084 litera:
1178 2043 1286 2084 sicut
1302 2043 1328 2082 S
1345 2045 1466 2083 allu-

66 2103 221 2143 stius:
259 2103 592 2151 faenoribus,
631 2103 780 2153 inquit,
824 2107 1086 2152 copertus.
1146 2103 1191 2140 In
1223 2100 1286 2139 his
1317 2105 1466 2147 autem,
1489 2107 1507 2141 7

16 2207 22 2213 ι
67 2170 177 2208 quae
202 2171 331 2209 supra
351 2159 498 2210 posui,
533 2165 574 2198 et
592 2164 767 2199 metrum
786 2170 882 2199 esse
905 2159 1110 2208 integrum
1126 2162 1266 2207 potest
1289 2161 1329 2195 et
1350 2167 1466 2207 prae-

67 2215 301 2264 positiones
317 2215 424 2256 istae
439 2220 620 2266 possunt
635 2226 718 2257 non
736 2216 912 2254 barbare
928 2214 1138 2265 protendi:
1159 2213 1346 2253 secunda
1359 2213 1468 2252 enim

69 2268 188 2309 litera
209 2270 249 2309 in
274 2271 338 2312 his
371 2271 511 2312 uerbis
538 2283 613 2322 per
630 2273 711 2311 duo
730 2272 762 2319 i,
796 2283 877 2311 non
895 2282 971 2321 per
988 2282 1115 2310 unum
1142 2269 1363 2310 scribenda
1389 2275 1465 2309 est.
