1603 2508
625 77 709 116 1111.
731 87 810 116 1111.
832 90 873 117 v.
1358 74 1440 117 143

49 190 235 238 Iudex,
284 188 610 239 quamobrem
655 188 771 238 data
814 194 1104 238 acceptaue
1147 199 1248 228 non
1295 193 1442 229 esset

50 257 197 294 uxor,
230 246 525 295 quaerebat.
573 244 624 284 Si
652 245 778 284 nihil
809 245 981 285 iustae
1011 255 1203 285 causae
1226 244 1440 285 uideba-

48 308 153 351 tur,
191 301 332 341 litem
363 301 581 351 pecunia
612 301 942 350 aestimabat,
973 301 1254 352 quantique
1282 301 1440 341 inter-

49 360 220 399 fuerat
240 370 345 398 eam
367 369 577 397 uxorem
600 358 768 408 accipi
794 364 878 398 aut
900 359 1025 407 dari,
1048 370 1178 406 eum,
1215 358 1299 408 qui
1322 369 1439 408 spo-

49 415 329 465 ponderat,
356 414 459 464 (qui
484 414 773 464 stipulatus
798 420 942 463 erat)
966 415 1399 465 condempnabat.

131 472 222 511 Hoc
241 471 306 511 ius
326 470 633 521 sponsaliorum
659 471 926 511 obseruatum
956 471 1052 510 dicit
1079 471 1291 511 Seruius
1323 471 1375 510 ad
1397 470 1476 508 id3

49 532 233 578 tempus,
257 539 338 577 quo
362 527 505 567 ciuitas
526 526 724 567 uniuerso
741 527 855 567 Latio
874 529 965 578 lege
981 527 1080 567 Iulia
1100 528 1194 567 data
1216 533 1290 567 est.
1325 528 1438 565 Haec
1453 527 1476 562 4

49 585 194 624 eadem
229 583 470 623 Neratius
507 583 673 633 scripsit
708 583 755 622 in
792 584 943 632 libro,
984 595 1106 634 quem
1141 584 1201 623 de
1235 583 1437 633 nuptiis

49 640 295 691 composuit.

720 741 770 781 V.

48 812 213 848 Historia
234 815 386 847 narrata
411 809 457 846 de
474 810 632 857 perfidia
655 812 870 858 aruspicum
891 811 1155 855 Etruseorum3
1189 811 1364 857 quodque
1390 812 1437 846 ob

108 879 189 904 eam
217 878 296 903 rem
328 878 462 903 uersus
492 867 554 902 hic
586 878 606 902 a
634 868 761 914 pueris
784 866 925 903 Romae
953 868 1042 903 urbe
1072 872 1145 903 tota
1167 872 1334 903 cantatus
1358 871 1436 903 est:

103 924 243 960 Malum
264 923 461 960 consilium
486 924 690 959 consultori
712 925 918 970 pessimum
940 929 1008 959 est.

132 1001 277 1042 Statua
299 1002 456 1041 Romae
476 1000 515 1039 in
538 1000 702 1040 comitio
726 1000 863 1050 posita
884 1000 1029 1041 Horati
1058 1001 1243 1049 Coclitis,
1267 1001 1439 1042 fortissi-
1458 1009 1478 1044 1

45 1057 99 1097 mi
116 1057 212 1105 uiri,
242 1058 294 1096 de
316 1058 430 1096 caelo
456 1062 564 1096 tacta
591 1062 666 1096 est.
720 1057 778 1097 Ob
809 1057 849 1096 id
880 1058 1015 1107 fulgur
1035 1058 1207 1108 piaculis
1230 1060 1438 1107 luendum,
1455 1067 1478 1102 2

47 1113 283 1164 aruspices,
321 1124 372 1152 ex
393 1113 558 1152 Etruria
589 1113 724 1161 acciti,
764 1113 926 1153 inimico
957 1120 1081 1163 atque
1117 1115 1256 1154 hostili
1289 1115 1329 1154 in
1365 1127 1439 1165 po-

47 1172 191 1221 pulum
224 1170 457 1209 Romanum
483 1169 617 1209 animo
654 1169 933 1217 instituerant,
972 1181 1061 1209 eam
1098 1182 1184 1209 rem
1221 1171 1438 1212 contrariis

45 1225 349 1276 re[li]gionibus
380 1236 627 1274 procurare3
659 1231 783 1275 atque
815 1226 923 1266 illam
949 1232 1127 1267 statuam
1150 1232 1373 1268 suaserunt
1398 1227 1438 1266 in
1454 1235 1478 1270 3

44 1282 281 1322 inferiorem
308 1283 446 1322 locum
474 1293 694 1333 perperam
724 1283 959 1334 transponi,
1001 1296 1124 1334 quem
1157 1286 1221 1324 sol
1243 1284 1441 1334 oppositu

48 1339 201 1379 circum
222 1337 406 1388 undique
428 1339 597 1378 aliarum
621 1339 784 1378 aedium
806 1351 1031 1390 numquam
1051 1340 1286 1380 illustraret.
1321 1341 1438 1390 Quod
1454 1348 1477 1382 4

48 1406 140 1435 cum
168 1395 224 1434 ita
248 1394 338 1434 fieri
366 1396 698 1445 persuasissent,
729 1396 852 1436 delati
883 1398 935 1436 ad
967 1399 1166 1447 populum
1202 1397 1439 1448 proditique

46 1457 143 1492 sunt
165 1457 222 1499 et,
248 1462 340 1490 cum
363 1452 415 1491 de
437 1452 609 1500 perfidia
632 1452 815 1492 confessi
841 1459 1000 1500 essent,
1034 1454 1168 1493 necati
1192 1460 1307 1501 sunt,
1344 1465 1440 1493 con-

46 1508 250 1558 stititque,
274 1519 364 1547 eam
387 1513 584 1556 statuam,
609 1509 782 1557 proinde
809 1515 848 1548 ut
874 1521 999 1549 uerae
1017 1510 1198 1550 rationes
1215 1517 1312 1561 post
1331 1521 1440 1550 com-

44 1570 189 1614 pertae
214 1564 455 1612 monebant,
487 1564 528 1603 in
557 1566 694 1604 locum
726 1565 879 1605 editum
903 1567 1217 1606 subducendam
1243 1572 1366 1616 atque
1385 1566 1439 1605 ita

43 1621 85 1660 in
109 1631 208 1660 area
238 1620 415 1660 Volcani
449 1621 686 1661 sublimiore
715 1623 808 1662 loco
841 1623 1122 1671 statuendam;
1162 1634 1213 1662 ex
1253 1635 1334 1672 quo
1370 1633 1437 1662 res

43 1678 153 1717 bene
174 1687 223 1715 ac
245 1688 449 1728 prospere
474 1679 630 1728 populo
652 1677 839 1718 Romano
865 1679 1002 1718 cessit.
1034 1680 1136 1718 Tum
1157 1678 1298 1728 igitur,
1327 1678 1439 1728 quod
1457 1686 1478 1720 5

44 1733 86 1773 in
109 1734 313 1773 Etruscos
335 1733 550 1783 aruspices
568 1735 674 1773 male
692 1734 944 1775 consulentis
964 1735 1330 1783 anim[aduersum]
1354 1734 1440 1774 uin-

47 1789 311 1839 dicatumque
331 1789 482 1838 fuerat,
508 1801 658 1830 uersus
679 1790 744 1829 hic
767 1791 868 1830 scite
893 1793 1025 1830 factus
1040 1795 1322 1844 >cantatusque
1346 1802 1440 1831 esse

0 1893 2 1895 ,
45 1858 69 1886 a
88 1845 231 1897 pueris
253 1845 357 1884 urbe
377 1850 464 1885 tota
488 1847 635 1886 fertur:

104 1908 290 1950 Malum
322 1910 607 1950 consilium
639 1910 940 1952 consultori
970 1912 1255 1962 pessimum
1287 1916 1381 1951 est.

132 1977 192 2015 Ea
212 1976 386 2016 historia
409 1978 460 2016 de
484 1978 743 2028 aruspicibus
765 1990 813 2018 ac
835 1980 885 2018 de
910 1990 1038 2018 uersu
1056 1978 1136 2018 isto
1156 1978 1320 2018 senario
1343 1977 1441 2017 scri-
1457 1985 1479 2021 6

49 2035 119 2080 pta
140 2037 205 2071 est
231 2032 280 2071 in
309 2033 586 2074 annalibus
619 2035 872 2082 maximis,
906 2036 1040 2075 libro
1070 2033 1370 2081 undecimo,
1401 2037 1442 2073 et

47 2086 98 2125 in
127 2088 281 2127 Verri
311 2088 488 2128 Flacci
514 2090 650 2129 libro
681 2091 849 2140 primo
885 2103 1057 2130 rerum
1092 2090 1338 2130 memoria
1367 2090 1440 2128 di—

49 2153 272 2191 gnarum.
332 2145 508 2184 Videtur
540 2152 675 2185 autem
703 2158 854 2186 uersus
882 2147 946 2185 hic
977 2148 1029 2185 de
1062 2148 1219 2186 Graeco
1246 2146 1313 2185 illo
1344 2147 1478 2188 He-7

5 2227 11 2233 .
50 2197 187 2238 siodi
205 2211 334 2240 uersu
356 2211 606 2251 expressus:

100 2257 156 2302 ‘H
180 2260 236 2304 δὲ
264 2262 401 2319 κακὴ
432 2264 612 2320 βουλὴ
644 2269 712 2323 τῷ
742 2265 1116 2321 βουλεύσαντι
1148 2267 1393 2319 κακίστη.
