1619 2476
105 39 160 81 76
618 17 722 77 xm.
756 46 843 75 vm.
866 46 972 74 vnn.

748 147 854 188 VIII.

106 231 215 277 Quod
235 230 413 267 Afranius
444 231 557 275 poeta
588 226 792 274 prudenter
816 230 852 262 et
876 225 1002 274 lepide
1025 225 1256 274 Sapientiam
1283 225 1400 263 filiam
1425 236 1511 262 esse

552 284 655 320 Vsus
673 287 708 319 et
725 283 933 319 Memoriae
959 282 1063 318 dixit.

66 395 84 427 1
185 374 342 415 Eximie
357 375 438 415 hoc
455 380 579 424 atque
597 372 814 414 uerissime
831 371 1082 412 Afranius
1101 377 1226 421 poeta
1241 373 1294 412 de
1304 371 1512 423 gignenda

103 432 456 482 conparandaque
487 428 690 480 sapientia
720 428 935 479 opinatus,
980 428 1094 477 quod
1125 439 1216 468 eam
1249 427 1374 468 filiam
1414 438 1512 468 esse

61 507 82 539 2
105 491 217 528 Vsus
249 493 290 528 et
319 487 545 527 Memoriae
583 486 697 526 dixit.
757 486 818 525 Eo
852 495 1033 534 namque
1069 488 1312 534 argumento
1343 485 1512 525 demon-

104 550 225 592 strat,
259 544 329 594 qui
359 543 528 593 sapiens
559 554 696 582 rerum
721 552 817 582 esse
841 540 1113 580 humanarum
1139 540 1258 589 uelit,
1289 551 1374 581 non
1399 539 1511 580 libris

102 601 202 642 solis
235 611 371 650 neque
403 599 632 650 disciplinis
665 597 882 638 rhetoricis
914 596 1229 647 dialecticisque
1258 607 1366 647 opus
1401 607 1510 642 esse,

101 658 177 697 sed
209 661 404 707 oportere
429 668 523 696 eum
540 654 701 696 uersari
719 665 888 704 quoque
906 653 1179 703 exercerique
1198 653 1239 692 in
1256 653 1383 694 rebus
1402 663 1511 693 com-

100 714 234 753 minus
256 713 483 753 noscendis
501 710 870 763 periclitandisque
888 720 1022 760 eaque
1040 710 1178 750 omnia
1194 715 1288 749 acta
1304 714 1345 750 et
1361 713 1511 750 euenta

100 769 271 810 firmiter
294 769 531 810 meminisse
548 774 589 809 et
607 768 784 820 proinde
802 777 954 817 sapere
971 771 1096 817 atque
1120 767 1341 807 consulere
1362 777 1415 805 ex
1433 764 1509 813 hiS‚

102 837 208 877 quae
239 825 423 876 pericula
444 826 535 877 ipsa
554 837 693 866 rerum
711 823 946 871 docuerint,
979 835 1064 864 non
1096 833 1204 874 quae
1233 822 1325 863 libri
1354 827 1511 862 tantum

100 889 170 923 aut
201 882 388 932 magistri
421 894 498 933 per
529 882 731 933 quasdam
766 880 985 920 inanitates
1025 880 1251 920 uerborum
1292 883 1334 918 et
1372 878 1511 927 imagi-

60 951 82 985 3
99 952 208 988 num,
238 945 451 990 tamquam
482 939 523 979 in
552 939 677 979 mimo
703 942 775 977 aut
797 936 838 976 in
869 936 1033 978 somnio
1059 935 1369 977 delectauerint.
1409 935 1512 974 Ver-

100 1008 171 1037 sus
201 996 386 1035 Afrani
417 1000 514 1036 sunt
542 994 588 1035 in
619 999 820 1045 togata,
859 992 924 1033 cui
955 992 1126 1033 Sellae
1157 1002 1311 1033 nomen
1342 996 1425 1031 est:

155 1071 294 1112 Vsus
325 1082 398 1111 me
428 1070 622 1121 genuit,
655 1067 818 1109 mater
848 1069 1062 1119 peperit
1088 1068 1355 1116 Memoria,

158 1127 400 1179 Sophiam
426 1132 618 1167 uocant
647 1137 721 1165 me
754 1124 887 1173 Grai,
919 1137 1014 1166 uos
1047 1124 1388 1176 Sapientiam.

61 1221 198 1263 4Item
241 1231 393 1260 uersus
426 1225 491 1260 est
524 1220 564 1259 in
597 1219 772 1259 eandem
805 1219 934 1258 ferme
981 1217 1229 1257 sententiam
1273 1217 1513 1265 Pacuuii,

103 1287 225 1326 quem
253 1277 467 1316 Macedo
508 1275 804 1327 philosophus,
846 1273 912 1314 uir
936 1273 1094 1321 bonus,
1140 1273 1350 1314 familiaris
1381 1284 1513 1321 meus,

102 1331 226 1372 scribi
259 1332 413 1372 debere
445 1332 644 1372 censebat
681 1342 759 1381 pro
793 1330 952 1371 foribus
985 1329 1168 1369 omnium
1197 1330 1467 1380 templorum:

233 1441 241 1450 .
273 1412 374 1462 Ego
409 1411 494 1453 odi
520 1410 754 1451 homines
785 1407 978 1460 ignaua
1008 1420 1172 1458 opera
1202 1414 1250 1449 et
1275 1407 1515 1460 philoso-

931 1466 1032 1516 pha
1058 1465 1343 1506 sententia.

62 1556 203 1602 5Nihil
242 1555 350 1595 enirn
383 1555 472 1595 fieri
502 1567 633 1606 posse
672 1555 880 1606 indignius
918 1566 1056 1605 neque
1086 1555 1374 1596 intolerantius
1406 1556 1515 1595 dice-

101 1614 192 1660 bat,
226 1623 351 1661 quam
383 1613 498 1663 quod
526 1612 717 1653 homines
745 1612 884 1662 ignaui
914 1623 963 1651 ac
994 1611 1185 1660 desides,
1217 1611 1353 1663 operti
1384 1613 1513 1652 barba

103 1674 142 1708 et
172 1669 319 1719 pallio,
347 1679 486 1709 mores
505 1674 547 1709 et
577 1670 856 1710 emolumenta
880 1667 1170 1719 philosophiae
1187 1667 1408 1718 inlinguae
1423 1679 1515 1708 uer-

102 1726 335 1774 borumque
363 1730 475 1765 artes
508 1731 804 1767 conuerterent
820 1731 862 1765 et
890 1724 990 1764 uitia
1018 1724 1315 1764 facundissime
1343 1735 1514 1764 accusa-

103 1788 213 1829 rent,
245 1781 517 1822 intercutibus
549 1782 629 1832 ipsi
662 1782 767 1822 uitiis
801 1782 1033 1821 madentes.

737 1894 862 1935 vnn.

108 1977 206 2020 Quid
219 1977 361 2013 Tullius
387 1977 474 2014 Tiro
500 1979 538 2014 in
564 1977 843 2014 commentariis
867 1976 1060 2013 scribserit
1085 1974 1131 2010 de
1153 1975 1297 2011 suculis
1319 1979 1355 2011 et
1382 1973 1517 2023 hyadi-

413 2036 503 2078 bus,
537 2045 635 2080 quae
658 2039 744 2070 sunt
767 2034 957 2070 stellarum
981 2032 1180 2068 uocabula.

68 2125 83 2156 1
191 2122 388 2162 Tullius
419 2120 556 2168 Tiro,
588 2122 643 2160 Μ.
677 2119 949 2161 Ciceronis
976 2120 1167 2158 alumnus
1193 2122 1236 2158 et
1257 2117 1429 2158 libertus
1447 2117 1517 2156 ad-

69 2175 300 2226 2iutorque
330 2178 369 2217 in
401 2177 527 2216 literis
562 2177 793 2217 studiorum
825 2176 914 2216 eius
946 2175 1032 2214 fuit.
1094 2177 1133 2215 Is
1173 2175 1302 2215 libros
1334 2173 1516 2222 complu-

104 2231 162 2271 ris
195 2233 254 2272 de
283 2245 380 2272 usu
412 2238 566 2283 atque
597 2233 802 2272 ratione
833 2232 1043 2282 linguae
1071 2231 1308 2280 Latinae,
1336 2229 1433 2269 item
1454 2229 1516 2267 de
1575 2234 1581 2239 ·
