<?xml version="1.0" encoding="UTF-8"?>
<!DOCTYPE html PUBLIC "-//W3C//DTD XHTML 1.0 Transitional//EN"
    "http://www.w3.org/TR/xhtml1/DTD/xhtml1-transitional.dtd">
<html xmlns="http://www.w3.org/1999/xhtml" xml:lang="en" lang="en">
 <head>
  <title>
</title>
<meta http-equiv="Content-Type" content="text/html;charset=utf-8" />
  <meta name='ocr-system' content='tesseract 3.04.00' />
  <meta name='ocr-capabilities' content='ocr_page ocr_carea ocr_par ocr_line ocrx_word'/>
</head>
<body>
  <div class='ocr_page' id='page_1' title='image "./agelliinoctivmat00gelluoft_0202.png"; bbox 0 0 1619 2476; ppageno 0'>
   <div class='ocr_carea' id='block_1_1' title="bbox 141 85 986 127">
    <p class='ocr_par' dir='ltr' id='par_1_1' title="bbox 141 85 986 127">
     <span class='ocr_line' id='line_1_1' title="bbox 141 85 986 127; baseline -0.002 0"><span class='ocrx_word' id='word_1_1' title='bbox 141 86 222 127; x_wconf 71' lang='lat'>180</span> <span class='ocrx_word' id='word_1_2' title='bbox 688 85 739 122; x_wconf 80' lang='lat' dir='ltr'>V.</span> <span class='ocrx_word' id='word_1_3' title='bbox 762 95 897 123; x_wconf 77' lang='lat' dir='ltr'>xvim.</span> <span class='ocrx_word' id='word_1_4' title='bbox 917 97 986 125; x_wconf 84' lang='lat' dir='ltr'>xx.</span> 
     </span>
    </p>
   </div>
   <div class='ocr_carea' id='block_1_2' title="bbox 79 194 1530 1242">
    <p class='ocr_par' dir='ltr' id='par_1_2' title="bbox 81 194 1530 693">
     <span class='ocr_line' id='line_1_2' title="bbox 137 194 1530 249; baseline 0.001 -12"><span class='ocrx_word' id='word_1_5' title='bbox 137 203 211 249; x_wconf 89' lang='lat' dir='ltr'>put</span> <span class='ocrx_word' id='word_1_6' title='bbox 228 198 398 236; x_wconf 91' lang='lat' dir='ltr'>liberum</span> <span class='ocrx_word' id='word_1_7' title='bbox 420 196 516 234; x_wconf 87' lang='lat' dir='ltr'>fidei</span> <span class='ocrx_word' id='word_1_8' title='bbox 538 206 637 235; x_wconf 84' lang='lat' dir='ltr'>suae</span> <span class='ocrx_word' id='word_1_9' title='bbox 656 194 921 235; x_wconf 87' lang='lat' dir='ltr'>commissum</span> <span class='ocrx_word' id='word_1_10' title='bbox 942 196 1099 236; x_wconf 87' lang='lat' dir='ltr'>alienae</span> <span class='ocrx_word' id='word_1_11' title='bbox 1121 197 1385 245; x_wconf 81' lang='lat' dir='ltr'>(con)ditioni</span> <span class='ocrx_word' id='word_1_12' title='bbox 1406 199 1530 239; x_wconf 80' lang='lat' dir='ltr'>subii-</span> 
     </span>
     <span class='ocr_line' id='line_1_3' title="bbox 83 250 1528 303; baseline -0.001 -8"><span class='ocrx_word' id='word_1_13' title='bbox 83 254 256 295; x_wconf 80' lang='lat' dir='ltr'>noiant.</span> <span class='ocrx_word' id='word_1_14' title='bbox 318 251 547 291; x_wconf 82' lang='lat' dir='ltr'>Libertinos</span> <span class='ocrx_word' id='word_1_15' title='bbox 580 262 681 290; x_wconf 89' lang='lat' dir='ltr'>uero</span> <span class='ocrx_word' id='word_1_16' title='bbox 712 251 762 289; x_wconf 86' lang='lat' dir='ltr'>ab</span> <span class='ocrx_word' id='word_1_17' title='bbox 797 250 984 301; x_wconf 81' lang='lat' dir='ltr'>ingenuis</span> <span class='ocrx_word' id='word_1_18' title='bbox 1017 252 1205 301; x_wconf 84' lang='lat' dir='ltr'>adoptari</span> <span class='ocrx_word' id='word_1_19' title='bbox 1236 253 1401 303; x_wconf 89' lang='lat' dir='ltr'>quidem</span> <span class='ocrx_word' id='word_1_20' title='bbox 1439 255 1528 294; x_wconf 86' lang='lat' dir='ltr'>iure</span> 
     </span>
     <span class='ocr_line' id='line_1_4' title="bbox 82 306 1527 360; baseline 0 -11"><span class='ocrx_word' id='word_1_21' title='bbox 82 317 282 359; x_wconf 80' lang='lat' dir='ltr'>12posse‚</span> <span class='ocrx_word' id='word_1_22' title='bbox 311 307 571 348; x_wconf 86' lang='lat' dir='ltr'>Masurius</span> <span class='ocrx_word' id='word_1_23' title='bbox 604 306 835 346; x_wconf 90' lang='lat' dir='ltr'>Sabinus</span> <span class='ocrx_word' id='word_1_24' title='bbox 869 307 1046 358; x_wconf 83' lang='lat' dir='ltr'><strong>scripsit.</strong></span> <span class='ocrx_word' id='word_1_25' title='bbox 1109 308 1193 348; x_wconf 86' lang='lat' dir='ltr'>Sed</span> <span class='ocrx_word' id='word_1_26' title='bbox 1212 308 1253 348; x_wconf 90' lang='lat' dir='ltr'>id</span> <span class='ocrx_word' id='word_1_27' title='bbox 1278 320 1413 359; x_wconf 90' lang='lat' dir='ltr'>neque</span> <span class='ocrx_word' id='word_1_28' title='bbox 1437 321 1527 360; x_wconf 89' lang='lat' dir='ltr'>per-</span> 
     </span>
     <span class='ocr_line' id='line_1_5' title="bbox 137 362 1527 414; baseline 0.001 -10"><span class='ocrx_word' id='word_1_29' title='bbox 137 365 239 405; x_wconf 86' lang='lat' dir='ltr'>mitti</span> <span class='ocrx_word' id='word_1_30' title='bbox 260 364 375 411; x_wconf 88' lang='lat' dir='ltr'>dicit,</span> <span class='ocrx_word' id='word_1_31' title='bbox 401 375 537 413; x_wconf 80' lang='lat' dir='ltr'>neque</span> <span class='ocrx_word' id='word_1_32' title='bbox 562 362 877 412; x_wconf 86' lang='lat' dir='ltr'>permittendum</span> <span class='ocrx_word' id='word_1_33' title='bbox 897 375 989 403; x_wconf 92' lang='lat' dir='ltr'>esse</span> <span class='ocrx_word' id='word_1_34' title='bbox 1013 375 1208 414; x_wconf 87' lang='lat' dir='ltr'>umquam</span> <span class='ocrx_word' id='word_1_35' title='bbox 1229 370 1364 414; x_wconf 89' lang='lat' dir='ltr'>putat,</span> <span class='ocrx_word' id='word_1_36' title='bbox 1397 370 1442 405; x_wconf 87' lang='lat' dir='ltr'>ut</span> <span class='ocrx_word' id='word_1_37' title='bbox 1457 367 1527 406; x_wconf 87' lang='lat' dir='ltr'>ho-</span> 
     </span>
     <span class='ocr_line' id='line_1_6' title="bbox 137 418 1527 469; baseline 0.001 -9"><span class='ocrx_word' id='word_1_38' title='bbox 137 422 267 460; x_wconf 91' lang='lat' dir='ltr'>mines</span> <span class='ocrx_word' id='word_1_39' title='bbox 298 420 474 459; x_wconf 88' lang='lat' dir='ltr'>libertini</span> <span class='ocrx_word' id='word_1_40' title='bbox 513 418 666 459; x_wconf 84' lang='lat' dir='ltr'>ordinis</span> <span class='ocrx_word' id='word_1_41' title='bbox 690 430 765 468; x_wconf 90' lang='lat' dir='ltr'>per</span> <span class='ocrx_word' id='word_1_42' title='bbox 794 420 1040 468; x_wconf 85' lang='lat' dir='ltr'>adoptiones</span> <span class='ocrx_word' id='word_1_43' title='bbox 1068 420 1108 459; x_wconf 90' lang='lat' dir='ltr'>in</span> <span class='ocrx_word' id='word_1_44' title='bbox 1137 419 1225 459; x_wconf 89' lang='lat' dir='ltr'>iura</span> <span class='ocrx_word' id='word_1_45' title='bbox 1253 420 1527 469; x_wconf 82' lang='lat' dir='ltr'>ingenuorum</span> 
     </span>
     <span class='ocr_line' id='line_1_7' title="bbox 82 475 1526 526; baseline -0.001 -8"><span class='ocrx_word' id='word_1_46' title='bbox 82 478 343 519; x_wconf 87' lang='lat' dir='ltr'>l3inuadant.</span> <span class='ocrx_word' id='word_1_47' title='bbox 404 475 675 525; x_wconf 80' lang='lat' dir='ltr'>Alioquin,</span> <span class='ocrx_word' id='word_1_48' title='bbox 707 475 847 524; x_wconf 82' lang='lat' dir='ltr'>inquit,</span> <span class='ocrx_word' id='word_1_49' title='bbox 878 475 922 514; x_wconf 92' lang='lat' dir='ltr'>si</span> <span class='ocrx_word' id='word_1_50' title='bbox 951 475 1082 515; x_wconf 90' lang='lat' dir='ltr'>iuris</span> <span class='ocrx_word' id='word_1_51' title='bbox 1113 475 1214 515; x_wconf 88' lang='lat' dir='ltr'>ista</span> <span class='ocrx_word' id='word_1_52' title='bbox 1238 476 1526 526; x_wconf 79' lang='lat' dir='ltr'>antiquitas</span> 
     </span>
     <span class='ocr_line' id='line_1_8' title="bbox 137 531 1525 582; baseline -0.001 -9"><span class='ocrx_word' id='word_1_53' title='bbox 137 537 393 579; x_wconf 89' lang='lat' dir='ltr'>seruetur,</span> <span class='ocrx_word' id='word_1_54' title='bbox 427 531 578 570; x_wconf 83' lang='lat' dir='ltr'>etiam</span> <span class='ocrx_word' id='word_1_55' title='bbox 606 542 792 570; x_wconf 89' lang='lat' dir='ltr'>seruus</span> <span class='ocrx_word' id='word_1_56' title='bbox 823 542 846 569; x_wconf 86' lang='lat' dir='ltr'>a</span> <span class='ocrx_word' id='word_1_57' title='bbox 878 531 1083 571; x_wconf 86' lang='lat' dir='ltr'>domino</span> <span class='ocrx_word' id='word_1_58' title='bbox 1113 542 1201 580; x_wconf 86' lang='lat' dir='ltr'>per</span> <span class='ocrx_word' id='word_1_59' title='bbox 1224 538 1525 582; x_wconf 78' lang='lat' dir='ltr'>praetorem</span> 
     </span>
     <span class='ocr_line' id='line_1_9' title="bbox 81 587 1525 639; baseline -0.002 -8"><span class='ocrx_word' id='word_1_60' title='bbox 81 588 243 631; x_wconf 74' lang='lat' dir='ltr'>14dari</span> <span class='ocrx_word' id='word_1_61' title='bbox 268 588 318 627; x_wconf 90' lang='lat' dir='ltr'>in</span> <span class='ocrx_word' id='word_1_62' title='bbox 348 588 683 637; x_wconf 86' lang='lat' dir='ltr'>adoptionem</span> <span class='ocrx_word' id='word_1_63' title='bbox 705 599 729 636; x_wconf 89' lang='lat' dir='ltr'>p</span> <span class='ocrx_word' id='word_1_64' title='bbox 744 598 766 626; x_wconf 94' lang='lat' dir='ltr'>o</span> <span class='ocrx_word' id='word_1_65' title='bbox 781 591 896 626; x_wconf 86' lang='lat' dir='ltr'>test.</span> <span class='ocrx_word' id='word_1_66' title='bbox 957 588 1086 637; x_wconf 78' lang='lat' dir='ltr'>quue</span> <span class='ocrx_word' id='word_1_67' title='bbox 1108 587 1162 626; x_wconf 87' lang='lat' dir='ltr'>ait</span> <span class='ocrx_word' id='word_1_68' title='bbox 1182 589 1405 639; x_wconf 87' lang='lat' dir='ltr'>plerosque</span> <span class='ocrx_word' id='word_1_69' title='bbox 1427 588 1525 628; x_wconf 83' lang='lat' dir='ltr'>iuris</span> 
     </span>
     <span class='ocr_line' id='line_1_10' title="bbox 135 642 1041 693; baseline -0.002 -9"><span class='ocrx_word' id='word_1_70' title='bbox 135 644 288 684; x_wconf 86' lang='lat' dir='ltr'>ueteris</span> <span class='ocrx_word' id='word_1_71' title='bbox 321 649 512 683; x_wconf 73' lang='lat' dir='ltr'>auctores</span> <span class='ocrx_word' id='word_1_72' title='bbox 537 654 664 693; x_wconf 89' lang='lat' dir='ltr'>posse</span> <span class='ocrx_word' id='word_1_73' title='bbox 696 642 783 681; x_wconf 86' lang='lat' dir='ltr'>fieri</span> <span class='ocrx_word' id='word_1_74' title='bbox 807 642 1041 693; x_wconf 78' lang='lat' dir='ltr'>scripsisse.</span> 
     </span>
    </p>

    <p class='ocr_par' dir='ltr' id='par_1_3' title="bbox 79 698 1528 917">
     <span class='ocr_line' id='line_1_11' title="bbox 79 698 1524 749; baseline -0.003 -7"><span class='ocrx_word' id='word_1_75' title='bbox 79 709 122 743; x_wconf 86' lang='lat'>15</span> <span class='ocrx_word' id='word_1_76' title='bbox 219 699 597 739; x_wconf 87' lang='lat' dir='ltr'>Animaduertimus</span> <span class='ocrx_word' id='word_1_77' title='bbox 637 698 684 737; x_wconf 91' lang='lat' dir='ltr'>in</span> <span class='ocrx_word' id='word_1_78' title='bbox 717 698 956 738; x_wconf 89' lang='lat' dir='ltr'>oratione</span> <span class='ocrx_word' id='word_1_79' title='bbox 987 700 1029 738; x_wconf 89' lang='lat' dir='ltr'>P.</span> <span class='ocrx_word' id='word_1_80' title='bbox 1062 699 1347 749; x_wconf 85' lang='lat' dir='ltr'>Scipionis,</span> <span class='ocrx_word' id='word_1_81' title='bbox 1380 711 1524 749; x_wconf 84' lang='lat' dir='ltr'>quam</span> 
     </span>
     <span class='ocr_line' id='line_1_12' title="bbox 137 755 1526 804; baseline -0.001 -8"><span class='ocrx_word' id='word_1_82' title='bbox 137 767 326 796; x_wconf 88' lang='lat' dir='ltr'>censor</span> <span class='ocrx_word' id='word_1_83' title='bbox 363 755 543 794; x_wconf 85' lang='lat' dir='ltr'>habuit</span> <span class='ocrx_word' id='word_1_84' title='bbox 580 755 640 793; x_wconf 86' lang='lat' dir='ltr'>ad</span> <span class='ocrx_word' id='word_1_85' title='bbox 675 756 919 804; x_wconf 89' lang='lat' dir='ltr'>populum</span> <span class='ocrx_word' id='word_1_86' title='bbox 952 756 1011 794; x_wconf 91' lang='lat' dir='ltr'>de</span> <span class='ocrx_word' id='word_1_87' title='bbox 1042 755 1288 803; x_wconf 89' lang='lat' dir='ltr'>moribus,</span> <span class='ocrx_word' id='word_1_88' title='bbox 1328 755 1433 794; x_wconf 86' lang='lat' dir='ltr'>inter</span> <span class='ocrx_word' id='word_1_89' title='bbox 1465 766 1526 802; x_wconf 86' lang='lat' dir='ltr'>ea,</span> 
     </span>
     <span class='ocr_line' id='line_1_13' title="bbox 138 811 1528 862; baseline -0.001 -11"><span class='ocrx_word' id='word_1_90' title='bbox 138 824 243 862; x_wconf 84' lang='lat' dir='ltr'>quae</span> <span class='ocrx_word' id='word_1_91' title='bbox 268 812 609 862; x_wconf 75' lang='lat' dir='ltr'>reprehendebat,</span> <span class='ocrx_word' id='word_1_92' title='bbox 645 812 758 859; x_wconf 85' lang='lat' dir='ltr'>quod</span> <span class='ocrx_word' id='word_1_93' title='bbox 780 816 924 850; x_wconf 91' lang='lat' dir='ltr'>contra</span> <span class='ocrx_word' id='word_1_94' title='bbox 944 811 1143 851; x_wconf 86' lang='lat' dir='ltr'>maiorum</span> <span class='ocrx_word' id='word_1_95' title='bbox 1165 811 1350 851; x_wconf 87' lang='lat' dir='ltr'>instituta</span> <span class='ocrx_word' id='word_1_96' title='bbox 1369 811 1528 857; x_wconf 88' lang='lat' dir='ltr'>fierent,</span> 
     </span>
     <span class='ocr_line' id='line_1_14' title="bbox 135 866 1528 917; baseline -0.001 -10"><span class='ocrx_word' id='word_1_97' title='bbox 135 869 173 907; x_wconf 90' lang='lat' dir='ltr'>id</span> <span class='ocrx_word' id='word_1_98' title='bbox 199 868 320 907; x_wconf 88' lang='lat' dir='ltr'>etiam</span> <span class='ocrx_word' id='word_1_99' title='bbox 343 879 436 907; x_wconf 88' lang='lat' dir='ltr'>eum</span> <span class='ocrx_word' id='word_1_100' title='bbox 457 866 705 916; x_wconf 88' lang='lat' dir='ltr'>culpauisse‚</span> <span class='ocrx_word' id='word_1_101' title='bbox 729 867 842 915; x_wconf 82' lang='lat' dir='ltr'>quod</span> <span class='ocrx_word' id='word_1_102' title='bbox 866 867 971 907; x_wconf 85' lang='lat' dir='ltr'>filius</span> <span class='ocrx_word' id='word_1_103' title='bbox 991 866 1212 917; x_wconf 87' lang='lat' dir='ltr'>adoptiuos</span> <span class='ocrx_word' id='word_1_104' title='bbox 1229 867 1335 917; x_wconf 87' lang='lat' dir='ltr'>patri</span> <span class='ocrx_word' id='word_1_105' title='bbox 1359 868 1528 917; x_wconf 81' lang='lat' dir='ltr'>adopta-</span> 
     </span>
    </p>

    <p class='ocr_par' dir='ltr' id='par_1_4' title="bbox 79 923 1528 1242">
     <span class='ocr_line' id='line_1_15' title="bbox 79 923 1526 974; baseline -0.002 -10"><span class='ocrx_word' id='word_1_106' title='bbox 79 924 214 968; x_wconf 89' lang='lat' dir='ltr'>16tori</span> <span class='ocrx_word' id='word_1_107' title='bbox 234 923 339 963; x_wconf 90' lang='lat' dir='ltr'>inter</span> <span class='ocrx_word' id='word_1_108' title='bbox 359 923 542 974; x_wconf 75' lang='lat' dir='ltr'>praemia</span> <span class='ocrx_word' id='word_1_109' title='bbox 564 928 726 973; x_wconf 88' lang='lat' dir='ltr'>patrum</span> <span class='ocrx_word' id='word_1_110' title='bbox 747 923 983 972; x_wconf 82' lang='lat' dir='ltr'>prodesset.</span> <span class='ocrx_word' id='word_1_111' title='bbox 1043 923 1182 962; x_wconf 87' lang='lat' dir='ltr'>Verba</span> <span class='ocrx_word' id='word_1_112' title='bbox 1199 934 1250 962; x_wconf 85' lang='lat' dir='ltr'>ex</span> <span class='ocrx_word' id='word_1_113' title='bbox 1267 934 1316 962; x_wconf 89' lang='lat' dir='ltr'>ea</span> <span class='ocrx_word' id='word_1_114' title='bbox 1339 923 1526 963; x_wconf 87' lang='lat' dir='ltr'>oratione</span> 
     </span>
     <span class='ocr_line' id='line_1_16' title="bbox 134 978 1527 1029; baseline -0.002 -10"><span class='ocrx_word' id='word_1_115' title='bbox 134 982 236 1019; x_wconf 87' lang='lat' dir='ltr'>haec</span> <span class='ocrx_word' id='word_1_116' title='bbox 282 985 399 1019; x_wconf 90' lang='lat' dir='ltr'>sunt:</span> <span class='ocrx_word' id='word_1_117' title='bbox 454 981 504 1018; x_wconf 93' lang='lat' dir='ltr'>In</span> <span class='ocrx_word' id='word_1_118' title='bbox 546 979 648 1017; x_wconf 86' lang='lat' dir='ltr'>alia</span> <span class='ocrx_word' id='word_1_119' title='bbox 693 979 826 1018; x_wconf 88' lang='lat' dir='ltr'>tribu</span> <span class='ocrx_word' id='word_1_120' title='bbox 874 984 1090 1029; x_wconf 86' lang='lat' dir='ltr'>patrem,</span> <span class='ocrx_word' id='word_1_121' title='bbox 1133 979 1181 1017; x_wconf 89' lang='lat' dir='ltr'>in</span> <span class='ocrx_word' id='word_1_122' title='bbox 1219 979 1321 1018; x_wconf 90' lang='lat' dir='ltr'>alia</span> <span class='ocrx_word' id='word_1_123' title='bbox 1360 978 1527 1018; x_wconf 83' lang='lat' dir='ltr'>filium</span> 
     </span>
     <span class='ocr_line' id='line_1_17' title="bbox 136 1034 1528 1085; baseline -0.002 -9"><span class='ocrx_word' id='word_1_124' title='bbox 136 1036 451 1084; x_wconf 78' lang='lat' dir='ltr'>suffragium</span> <span class='ocrx_word' id='word_1_125' title='bbox 483 1036 636 1081; x_wconf 79' lang='lat' dir='ltr'>serre,</span> <span class='ocrx_word' id='word_1_126' title='bbox 677 1035 839 1074; x_wconf 88' lang='lat' dir='ltr'>filium</span> <span class='ocrx_word' id='word_1_127' title='bbox 872 1034 1182 1085; x_wconf 89' lang='lat' dir='ltr'>adoptiuum</span> <span class='ocrx_word' id='word_1_128' title='bbox 1211 1039 1311 1073; x_wconf 88' lang='lat' dir='ltr'>tam</span> <span class='ocrx_word' id='word_1_129' title='bbox 1343 1045 1528 1085; x_wconf 88' lang='lat' dir='ltr'>proce-</span> 
     </span>
     <span class='ocr_line' id='line_1_18' title="bbox 135 1090 1528 1139; baseline -0.001 -9"><span class='ocrx_word' id='word_1_130' title='bbox 135 1093 277 1138; x_wconf 87' lang='lat' dir='ltr'>dere,</span> <span class='ocrx_word' id='word_1_131' title='bbox 323 1103 467 1139; x_wconf 80' lang='lat' dir='ltr'>quam</span> <span class='ocrx_word' id='word_1_132' title='bbox 498 1091 540 1130; x_wconf 92' lang='lat' dir='ltr'>si</span> <span class='ocrx_word' id='word_1_133' title='bbox 584 1102 635 1130; x_wconf 91' lang='lat' dir='ltr'>se</span> <span class='ocrx_word' id='word_1_134' title='bbox 670 1095 838 1130; x_wconf 90' lang='lat' dir='ltr'>natum</span> <span class='ocrx_word' id='word_1_135' title='bbox 874 1092 1079 1130; x_wconf 87' lang='lat' dir='ltr'>habeat:</span> <span class='ocrx_word' id='word_1_136' title='bbox 1129 1090 1367 1130; x_wconf 87' lang='lat' dir='ltr'>absentis</span> <span class='ocrx_word' id='word_1_137' title='bbox 1414 1101 1528 1129; x_wconf 85' lang='lat' dir='ltr'>cen-</span> 
     </span>
     <span class='ocr_line' id='line_1_19' title="bbox 135 1145 1528 1194; baseline -0.002 -7"><span class='ocrx_word' id='word_1_138' title='bbox 135 1147 237 1187; x_wconf 90' lang='lat' dir='ltr'>seri</span> <span class='ocrx_word' id='word_1_139' title='bbox 272 1147 472 1194; x_wconf 88' lang='lat' dir='ltr'>iubere,</span> <span class='ocrx_word' id='word_1_140' title='bbox 519 1152 570 1186; x_wconf 91' lang='lat' dir='ltr'>ut</span> <span class='ocrx_word' id='word_1_141' title='bbox 605 1147 666 1185; x_wconf 82' lang='lat' dir='ltr'>ad</span> <span class='ocrx_word' id='word_1_142' title='bbox 696 1157 901 1186; x_wconf 87' lang='lat' dir='ltr'>censum</span> <span class='ocrx_word' id='word_1_143' title='bbox 940 1146 1129 1186; x_wconf 86' lang='lat' dir='ltr'>nemini</span> <span class='ocrx_word' id='word_1_144' title='bbox 1162 1157 1418 1186; x_wconf 78' lang='lat' dir='ltr'>necessus</span> <span class='ocrx_word' id='word_1_145' title='bbox 1462 1145 1528 1185; x_wconf 88' lang='lat' dir='ltr'>sit</span> 
     </span>
     <span class='ocr_line' id='line_1_20' title="bbox 134 1215 326 1242; baseline 0 0"><span class='ocrx_word' id='word_1_146' title='bbox 134 1215 326 1242; x_wconf 82' lang='lat' dir='ltr'>uenlre.</span> 
     </span>
    </p>
   </div>
   <div class='ocr_carea' id='block_1_3' title="bbox 787 1305 875 1343">
    <p class='ocr_par' dir='ltr' id='par_1_5' title="bbox 787 1305 875 1343">
     <span class='ocr_line' id='line_1_21' title="bbox 787 1305 875 1343; baseline -0.011 0"><span class='ocrx_word' id='word_1_147' title='bbox 787 1305 875 1343; x_wconf 88' lang='lat' dir='ltr'>XX.</span> 
     </span>
    </p>
   </div>
   <div class='ocr_carea' id='block_1_4' title="bbox 137 1378 1528 1429">
    <p class='ocr_par' dir='ltr' id='par_1_6' title="bbox 137 1378 1528 1429">
     <span class='ocr_line' id='line_1_22' title="bbox 137 1378 1528 1429; baseline -0.001 -10"><span class='ocrx_word' id='word_1_148' title='bbox 137 1384 245 1429; x_wconf 81' lang='lat' dir='ltr'>Quod</span> <span class='ocrx_word' id='word_1_149' title='bbox 264 1385 486 1420; x_wconf 88' lang='lat' dir='ltr'>uocabulum</span> <span class='ocrx_word' id='word_1_150' title='bbox 505 1385 677 1419; x_wconf 80' lang='lat' dir='ltr'>Latinum</span> <span class='ocrx_word' id='word_1_151' title='bbox 700 1378 925 1420; x_wconf 77' lang='lat' dir='ltr'>soloecismo</span> <span class='ocrx_word' id='word_1_152' title='bbox 948 1385 1077 1419; x_wconf 81' lang='lat' dir='ltr'>fecerit</span> <span class='ocrx_word' id='word_1_153' title='bbox 1100 1382 1228 1429; x_wconf 81' lang='lat' dir='ltr'>Capito</span> <span class='ocrx_word' id='word_1_154' title='bbox 1250 1382 1417 1426; x_wconf 87' lang='lat' dir='ltr'>Sinnius,</span> <span class='ocrx_word' id='word_1_155' title='bbox 1442 1382 1528 1429; x_wconf 87' lang='lat' dir='ltr'>quid</span> 
     </span>
    </p>
   </div>
   <div class='ocr_carea' id='block_1_5' title="bbox 194 1439 1599 1486">
    <p class='ocr_par' dir='ltr' id='par_1_7' title="bbox 194 1439 1599 1486">
     <span class='ocr_line' id='line_1_23' title="bbox 194 1439 1599 1486; baseline -0.002 -10"><span class='ocrx_word' id='word_1_156' title='bbox 194 1444 316 1476; x_wconf 80' lang='lat' dir='ltr'>autem</span> <span class='ocrx_word' id='word_1_157' title='bbox 338 1439 375 1475; x_wconf 86' lang='lat' dir='ltr'>id</span> <span class='ocrx_word' id='word_1_158' title='bbox 397 1441 517 1486; x_wconf 88' lang='lat' dir='ltr'>ipsum</span> <span class='ocrx_word' id='word_1_159' title='bbox 536 1441 808 1485; x_wconf 84' lang='lat' dir='ltr'>appellauerint</span> <span class='ocrx_word' id='word_1_160' title='bbox 835 1444 982 1475; x_wconf 84' lang='lat' dir='ltr'>ueteres</span> <span class='ocrx_word' id='word_1_161' title='bbox 1004 1440 1144 1482; x_wconf 83' lang='lat' dir='ltr'>Latini;</span> <span class='ocrx_word' id='word_1_162' title='bbox 1176 1440 1383 1485; x_wconf 89' lang='lat' dir='ltr'>quibusque</span> <span class='ocrx_word' id='word_1_163' title='bbox 1405 1439 1529 1474; x_wconf 84' lang='lat' dir='ltr'>uerbis</span> <span class='ocrx_word' id='word_1_164' title='bbox 1591 1456 1599 1460; x_wconf 82' lang='lat'><em>-</em></span> 
     </span>
    </p>
   </div>
   <div class='ocr_carea' id='block_1_6' title="bbox 193 1495 1126 1542">
    <p class='ocr_par' dir='ltr' id='par_1_8' title="bbox 193 1495 1126 1542">
     <span class='ocr_line' id='line_1_24' title="bbox 193 1495 1126 1542; baseline 0 -11"><span class='ocrx_word' id='word_1_165' title='bbox 193 1496 457 1531; x_wconf 84' lang='lat' dir='ltr'>soloecismum</span> <span class='ocrx_word' id='word_1_166' title='bbox 480 1495 666 1531; x_wconf 77' lang='lat' dir='ltr'>definierit</span> <span class='ocrx_word' id='word_1_167' title='bbox 692 1496 793 1531; x_wconf 88' lang='lat' dir='ltr'>idem</span> <span class='ocrx_word' id='word_1_168' title='bbox 811 1495 942 1542; x_wconf 85' lang='lat' dir='ltr'>Capito</span> <span class='ocrx_word' id='word_1_169' title='bbox 962 1495 1126 1532; x_wconf 80' lang='lat' dir='ltr'>Sinnius.</span> 
     </span>
    </p>
   </div>
   <div class='ocr_carea' id='block_1_7' title="bbox 94 1590 1530 1864">
    <p class='ocr_par' dir='ltr' id='par_1_9' title="bbox 97 1590 1530 1808">
     <span class='ocr_line' id='line_1_25' title="bbox 97 1590 1528 1641; baseline -0.001 -10"><span class='ocrx_word' id='word_1_170' title='bbox 97 1598 114 1631; x_wconf 89' lang='lat'><strong>1</strong></span> <span class='ocrx_word' id='word_1_171' title='bbox 219 1590 572 1638; x_wconf 74' lang='lat' dir='ltr'>‘Soloecismus&#39;,</span> <span class='ocrx_word' id='word_1_172' title='bbox 604 1591 744 1630; x_wconf 87' lang='lat' dir='ltr'>Latino</span> <span class='ocrx_word' id='word_1_173' title='bbox 774 1592 978 1630; x_wconf 86' lang='lat' dir='ltr'>uocabulo</span> <span class='ocrx_word' id='word_1_174' title='bbox 1009 1603 1032 1629; x_wconf 84' lang='lat' dir='ltr'>a</span> <span class='ocrx_word' id='word_1_175' title='bbox 1062 1591 1241 1632; x_wconf 85' lang='lat' dir='ltr'>Sinnio</span> <span class='ocrx_word' id='word_1_176' title='bbox 1271 1591 1528 1641; x_wconf 81' lang='lat' dir='ltr'>Capitone</span> 
     </span>
     <span class='ocr_line' id='line_1_26' title="bbox 135 1646 1528 1698; baseline -0.001 -12"><span class='ocrx_word' id='word_1_177' title='bbox 135 1647 405 1696; x_wconf 89' lang='lat' dir='ltr'>eiusdemque</span> <span class='ocrx_word' id='word_1_178' title='bbox 439 1647 583 1685; x_wconf 84' lang='lat' dir='ltr'>aetatis</span> <span class='ocrx_word' id='word_1_179' title='bbox 623 1647 708 1686; x_wconf 87' lang='lat' dir='ltr'>aliis</span> <span class='ocrx_word' id='word_1_180' title='bbox 739 1647 1011 1696; x_wconf 70' lang='lat' dir='ltr'>einparilitaS&#39;</span> <span class='ocrx_word' id='word_1_181' title='bbox 1042 1649 1294 1698; x_wconf 86' lang='lat' dir='ltr'>appellatus,</span> <span class='ocrx_word' id='word_1_182' title='bbox 1327 1646 1528 1686; x_wconf 89' lang='lat' dir='ltr'>uetustio-</span> 
     </span>
     <span class='ocr_line' id='line_1_27' title="bbox 134 1702 1530 1752; baseline -0.001 -11"><span class='ocrx_word' id='word_1_183' title='bbox 134 1703 246 1742; x_wconf 83' lang='lat' dir='ltr'>ribus</span> <span class='ocrx_word' id='word_1_184' title='bbox 276 1702 428 1742; x_wconf 82' lang='lat' dir='ltr'>Latinis</span> <span class='ocrx_word' id='word_1_185' title='bbox 469 1702 717 1752; x_wconf 77' lang='lat' dir='ltr'>‘stribiligo&#39;</span> <span class='ocrx_word' id='word_1_186' title='bbox 750 1702 978 1750; x_wconf 75' lang='lat' dir='ltr'>dicebatur,</span> <span class='ocrx_word' id='word_1_187' title='bbox 1014 1713 1037 1741; x_wconf 90' lang='lat' dir='ltr'>a</span> <span class='ocrx_word' id='word_1_188' title='bbox 1064 1714 1239 1743; x_wconf 87' lang='lat' dir='ltr'>uersura</span> <span class='ocrx_word' id='word_1_189' title='bbox 1265 1702 1459 1742; x_wconf 89' lang='lat' dir='ltr'>uidelicet</span> <span class='ocrx_word' id='word_1_190' title='bbox 1490 1707 1530 1741; x_wconf 85' lang='lat' dir='ltr'>et</span> 
     </span>
     <span class='ocr_line' id='line_1_28' title="bbox 133 1758 1528 1808; baseline -0.001 -11"><span class='ocrx_word' id='word_1_191' title='bbox 133 1758 335 1807; x_wconf 86' lang='lat' dir='ltr'>prauitate</span> <span class='ocrx_word' id='word_1_192' title='bbox 350 1763 567 1798; x_wconf 77' lang='lat' dir='ltr'>tortuosae</span> <span class='ocrx_word' id='word_1_193' title='bbox 585 1758 794 1805; x_wconf 89' lang='lat' dir='ltr'>orationis,</span> <span class='ocrx_word' id='word_1_194' title='bbox 812 1763 1021 1808; x_wconf 83' lang='lat' dir='ltr'>tamquam</span> <span class='ocrx_word' id='word_1_195' title='bbox 1039 1759 1288 1808; x_wconf 66' lang='lat' dir='ltr'>‘strobiligo’</span> <span class='ocrx_word' id='word_1_196' title='bbox 1309 1758 1528 1808; x_wconf 83' lang='lat' dir='ltr'>quaedam.</span> 
     </span>
    </p>

    <p class='ocr_par' dir='ltr' id='par_1_10' title="bbox 94 1813 1530 1864">
     <span class='ocr_line' id='line_1_29' title="bbox 94 1813 1530 1864; baseline -0.001 -11"><span class='ocrx_word' id='word_1_197' title='bbox 94 1815 253 1863; x_wconf 83' lang='lat' dir='ltr'>2Quod</span> <span class='ocrx_word' id='word_1_198' title='bbox 295 1813 436 1854; x_wconf 89' lang='lat' dir='ltr'>uitium</span> <span class='ocrx_word' id='word_1_199' title='bbox 486 1813 692 1854; x_wconf 90' lang='lat' dir='ltr'>Sinnius</span> <span class='ocrx_word' id='word_1_200' title='bbox 732 1814 908 1864; x_wconf 89' lang='lat' dir='ltr'>Capito</span> <span class='ocrx_word' id='word_1_201' title='bbox 957 1814 1004 1853; x_wconf 90' lang='lat' dir='ltr'>in</span> <span class='ocrx_word' id='word_1_202' title='bbox 1051 1814 1250 1862; x_wconf 89' lang='lat' dir='ltr'>literis,</span> <span class='ocrx_word' id='word_1_203' title='bbox 1301 1825 1426 1864; x_wconf 87' lang='lat' dir='ltr'>qua-s</span> <span class='ocrx_word' id='word_1_204' title='bbox 1471 1813 1530 1852; x_wconf 87' lang='lat' dir='ltr'>ad</span> 
     </span>
    </p>
   </div>
   <div class='ocr_carea' id='block_1_8' title="bbox 136 1869 1583 1918">
    <p class='ocr_par' dir='ltr' id='par_1_11' title="bbox 136 1869 1583 1918">
     <span class='ocr_line' id='line_1_30' title="bbox 136 1869 1583 1918; baseline -0.001 -9"><span class='ocrx_word' id='word_1_205' title='bbox 136 1869 365 1909; x_wconf 84' lang='lat' dir='ltr'>Clodium</span> <span class='ocrx_word' id='word_1_206' title='bbox 387 1871 607 1910; x_wconf 90' lang='lat' dir='ltr'>Tuscum</span> <span class='ocrx_word' id='word_1_207' title='bbox 627 1870 797 1916; x_wconf 88' lang='lat' dir='ltr'>dedit,</span> <span class='ocrx_word' id='word_1_208' title='bbox 827 1870 941 1909; x_wconf 88' lang='lat' dir='ltr'>hisce</span> <span class='ocrx_word' id='word_1_209' title='bbox 963 1870 1100 1910; x_wconf 88' lang='lat' dir='ltr'>uerbis</span> <span class='ocrx_word' id='word_1_210' title='bbox 1132 1871 1291 1909; x_wconf 88' lang='lat' dir='ltr'>definit:</span> <span class='ocrx_word' id='word_1_211' title='bbox 1321 1870 1529 1918; x_wconf 70' lang='lat' dir='ltr'>‘Soloe-</span> <span class='ocrx_word' id='word_1_212' title='bbox 1579 1897 1583 1901; x_wconf 83' lang='lat'><em>-</em></span> 
     </span>
    </p>
   </div>
   <div class='ocr_carea' id='block_1_9' title="bbox 100 1925 1529 2082">
    <p class='ocr_par' dir='ltr' id='par_1_12' title="bbox 100 1925 1529 2082">
     <span class='ocr_line' id='line_1_31' title="bbox 135 1925 1529 1976; baseline -0.001 -12"><span class='ocrx_word' id='word_1_213' title='bbox 135 1926 351 1965; x_wconf 88' lang='lat' dir='ltr'>cismus&#39;</span> <span class='ocrx_word' id='word_1_214' title='bbox 399 1931 499 1972; x_wconf 91' lang='lat' dir='ltr'>est,</span> <span class='ocrx_word' id='word_1_215' title='bbox 548 1925 699 1974; x_wconf 79' lang='lat' dir='ltr'>inquit,</span> <span class='ocrx_word' id='word_1_216' title='bbox 748 1925 908 1976; x_wconf 86' lang='lat' dir='ltr'>impar</span> <span class='ocrx_word' id='word_1_217' title='bbox 953 1930 1103 1975; x_wconf 87' lang='lat' dir='ltr'>atque</span> <span class='ocrx_word' id='word_1_218' title='bbox 1147 1925 1529 1965; x_wconf 88' lang='lat' dir='ltr'>inconueniens</span> 
     </span>
     <span class='ocr_line' id='line_1_32' title="bbox 135 1981 1044 2032; baseline 0 -12"><span class='ocrx_word' id='word_1_219' title='bbox 135 1981 494 2031; x_wconf 86' lang='lat' dir='ltr'>compositura</span> <span class='ocrx_word' id='word_1_220' title='bbox 521 1982 743 2032; x_wconf 89' lang='lat' dir='ltr'>partium</span> <span class='ocrx_word' id='word_1_221' title='bbox 775 1982 1044 2021; x_wconf 85' lang='lat' dir='ltr'>orationis.</span> 
     </span>
     <span class='ocr_line' id='line_1_33' title="bbox 100 2036 1528 2082; baseline -0.002 -5"><span class='ocrx_word' id='word_1_222' title='bbox 100 2043 122 2077; x_wconf 85' lang='lat'>3</span> <span class='ocrx_word' id='word_1_223' title='bbox 227 2038 325 2076; x_wconf 90' lang='lat' dir='ltr'>Cum</span> <span class='ocrx_word' id='word_1_224' title='bbox 351 2039 552 2076; x_wconf 83' lang='lat' dir='ltr'>Graecum</span> <span class='ocrx_word' id='word_1_225' title='bbox 583 2043 718 2077; x_wconf 87' lang='lat' dir='ltr'>autem</span> <span class='ocrx_word' id='word_1_226' title='bbox 741 2038 989 2077; x_wconf 83' lang='lat' dir='ltr'>uocabulum</span> <span class='ocrx_word' id='word_1_227' title='bbox 1020 2038 1071 2077; x_wconf 91' lang='lat' dir='ltr'>sit</span> <span class='ocrx_word' id='word_1_228' title='bbox 1103 2036 1450 2082; x_wconf 66' lang='lat' dir='ltr'>‘soloecismus&#39;,</span> <span class='ocrx_word' id='word_1_229' title='bbox 1478 2047 1528 2074; x_wconf 90' lang='lat' dir='ltr'>an</span> 
     </span>
    </p>
   </div>
   <div class='ocr_carea' id='block_1_10' title="bbox 134 2091 1591 2142">
    <p class='ocr_par' dir='ltr' id='par_1_13' title="bbox 134 2091 1591 2142">
     <span class='ocr_line' id='line_1_34' title="bbox 134 2091 1591 2142; baseline 0 -12"><span class='ocrx_word' id='word_1_230' title='bbox 134 2093 259 2132; x_wconf 81' lang='lat' dir='ltr'>Attici</span> <span class='ocrx_word' id='word_1_231' title='bbox 275 2093 476 2140; x_wconf 89' lang='lat' dir='ltr'>homines,</span> <span class='ocrx_word' id='word_1_232' title='bbox 507 2093 575 2142; x_wconf 91' lang='lat' dir='ltr'>qui</span> <span class='ocrx_word' id='word_1_233' title='bbox 593 2093 818 2142; x_wconf 82' lang='lat' dir='ltr'>elegantius</span> <span class='ocrx_word' id='word_1_234' title='bbox 837 2094 962 2133; x_wconf 90' lang='lat' dir='ltr'>locuti</span> <span class='ocrx_word' id='word_1_235' title='bbox 979 2098 1086 2140; x_wconf 89' lang='lat' dir='ltr'>sunt,</span> <span class='ocrx_word' id='word_1_236' title='bbox 1117 2092 1182 2132; x_wconf 89' lang='lat' dir='ltr'>usi</span> <span class='ocrx_word' id='word_1_237' title='bbox 1199 2104 1248 2133; x_wconf 92' lang='lat' dir='ltr'>eo</span> <span class='ocrx_word' id='word_1_238' title='bbox 1267 2093 1360 2140; x_wconf 87' lang='lat' dir='ltr'>sint,</span> <span class='ocrx_word' id='word_1_239' title='bbox 1387 2091 1530 2142; x_wconf 83' lang='lat' dir='ltr'>quaeri</span> <span class='ocrx_word' id='word_1_240' title='bbox 1585 2094 1591 2098; x_wconf 92' lang='lat'>&#39;</span> 
     </span>
    </p>
   </div>
   <div class='ocr_carea' id='block_1_11' title="bbox 99 2147 1526 2199">
    <p class='ocr_par' dir='ltr' id='par_1_14' title="bbox 99 2147 1526 2199">
     <span class='ocr_line' id='line_1_35' title="bbox 99 2147 1526 2199; baseline -0.001 -12"><span class='ocrx_word' id='word_1_241' title='bbox 99 2154 122 2187; x_wconf 79' lang='lat'><strong>4</strong></span> <span class='ocrx_word' id='word_1_242' title='bbox 138 2149 257 2187; x_wconf 88' lang='lat' dir='ltr'>solet.</span> <span class='ocrx_word' id='word_1_243' title='bbox 319 2149 403 2189; x_wconf 89' lang='lat' dir='ltr'>Sed</span> <span class='ocrx_word' id='word_1_244' title='bbox 430 2161 506 2188; x_wconf 88' lang='lat' dir='ltr'>nos</span> <span class='ocrx_word' id='word_1_245' title='bbox 533 2160 668 2198; x_wconf 86' lang='lat' dir='ltr'>neque</span> <span class='ocrx_word' id='word_1_246' title='bbox 686 2149 1011 2189; x_wconf 69' lang='lat' dir='ltr'>‘soloecismum’</span> <span class='ocrx_word' id='word_1_247' title='bbox 1031 2160 1166 2199; x_wconf 89' lang='lat' dir='ltr'>neque</span> <span class='ocrx_word' id='word_1_248' title='bbox 1192 2147 1526 2188; x_wconf 68' lang='lat' dir='ltr'>‘barbarismum&#39;</span> 
     </span>
    </p>
   </div>
   <div class='ocr_carea' id='block_1_12' title="bbox 100 2199 1591 2256">
    <p class='ocr_par' dir='ltr' id='par_1_15' title="bbox 100 2199 1591 2256">
     <span class='ocr_line' id='line_1_36' title="bbox 100 2199 1591 2256; baseline 0.001 -15"><span class='ocrx_word' id='word_1_249' title='bbox 100 2210 120 2242; x_wconf 85' lang='lat'>5</span> <span class='ocrx_word' id='word_1_250' title='bbox 139 2204 249 2252; x_wconf 87' lang='lat' dir='ltr'>apud</span> <span class='ocrx_word' id='word_1_251' title='bbox 267 2205 518 2244; x_wconf 87' lang='lat' dir='ltr'>Graecorum</span> <span class='ocrx_word' id='word_1_252' title='bbox 534 2204 708 2244; x_wconf 88' lang='lat' dir='ltr'>idoneos</span> <span class='ocrx_word' id='word_1_253' title='bbox 728 2206 861 2245; x_wconf 84' lang='lat' dir='ltr'>adhuc</span> <span class='ocrx_word' id='word_1_254' title='bbox 878 2205 1128 2245; x_wconf 89' lang='lat' dir='ltr'>inuenimus:</span> <span class='ocrx_word' id='word_1_255' title='bbox 1159 2215 1253 2244; x_wconf 86' lang='lat' dir='ltr'>nam</span> <span class='ocrx_word' id='word_1_256' title='bbox 1270 2204 1379 2244; x_wconf 87' lang='lat' dir='ltr'>sicut</span> <span class='ocrx_word' id='word_1_257' title='bbox 1396 2199 1528 2256; x_wconf 62' lang='grc' dir='ltr'>εβοὲρ-</span> <span class='ocrx_word' id='word_1_258' title='bbox 1590 2228 1591 2231; x_wconf 60' lang='lat'><em>=</em></span> 
     </span>
    </p>
   </div>
   <div class='ocr_carea' id='block_1_13' title="bbox 98 2256 1528 2312">
    <p class='ocr_par' dir='ltr' id='par_1_16' title="bbox 98 2256 1528 2312">
     <span class='ocr_line' id='line_1_37' title="bbox 98 2256 1528 2312; baseline -0.001 -13"><span class='ocrx_word' id='word_1_259' title='bbox 98 2264 119 2299; x_wconf 90' lang='lat'><strong>6</strong></span> <span class='ocrx_word' id='word_1_260' title='bbox 136 2258 309 2311; x_wconf 79' lang='grc' dir='ltr'><strong><em>βαρου’,</em></strong></span> <span class='ocrx_word' id='word_1_261' title='bbox 341 2260 395 2299; x_wconf 86' lang='lat' dir='ltr'>ita</span> <span class='ocrx_word' id='word_1_262' title='bbox 421 2256 676 2300; x_wconf 59' lang='lat' dir='ltr'>‘oo&#39;komwv&#39;</span> <span class='ocrx_word' id='word_1_263' title='bbox 701 2260 903 2301; x_wconf 84' lang='lat' dir='ltr'>dixerunt.</span> <span class='ocrx_word' id='word_1_264' title='bbox 964 2260 1100 2301; x_wconf 88' lang='lat' dir='ltr'>Nostri</span> <span class='ocrx_word' id='word_1_265' title='bbox 1126 2272 1294 2312; x_wconf 88' lang='lat' dir='ltr'>quoque</span> <span class='ocrx_word' id='word_1_266' title='bbox 1326 2259 1528 2310; x_wconf 87' lang='lat' dir='ltr'>antiquio-</span> 
     </span>
    </p>
   </div>
   <div class='ocr_carea' id='block_1_14' title="bbox 1556 1222 1619 2476">
    <p class='ocr_par' dir='ltr' id='par_1_17' title="bbox 1556 1222 1619 2476">
     <span class='ocr_line' id='line_1_38' title="bbox 1556 1222 1619 2476; baseline 0 0"><span class='ocrx_word' id='word_1_267' title='bbox 1556 1222 1619 2476; x_wconf 95' lang='lat' dir='ltr'> </span> 
     </span>
    </p>
   </div>
  </div>
 </body>
</html>
