1619 2476
107 69 163 111 58
722 70 808 109 XII.
840 82 879 108 v.

108 194 199 222 cam
221 194 298 231 ego
323 187 335 206 ‘
351 181 592 229 indoctius',
615 187 660 221 ut
684 181 814 229 aiunt,
839 185 903 221 eet
923 183 1144 231 apertius’,
1177 194 1284 233 quae
1306 183 1435 224 fuisse
1460 183 1518 224 di-

109 244 268 277 cturum
290 244 388 287 puto
416 237 627 277 sinuosius
651 242 774 287 atque
794 238 1025 287 sollertius,
1049 239 1085 279 si
1107 239 1198 289 quis
1217 250 1328 280 nunc
1348 241 1518 281 adesset

107 295 364 341 Stoicorum;
404 293 512 334 nosti
539 293 668 345 enim,
706 294 856 341 medo,
896 295 1069 357 uerbum
1092 294 1194 335 illud
1214 299 1336 336 uetus
1360 301 1401 335 et
1425 307 1516 347 per-

106 352 339 400 uolgatum:

179 423 577 481 Ἀμαθέστερόν
601 442 712 477 πως
743 427 857 469 εἰπὲ
882 426 971 469 καὶ
996 428 1339 482 σαφέστερον
1363 430 1514 483 λέγεὲ

191 518 330 565 Atque
347 516 441 555 hinc
466 528 644 556 exorsus
666 517 717 556 de
739 517 884 557 dolore
907 522 1031 566 atque
1055 517 1107 555 de
1124 518 1278 566 gemitu
1301 516 1428 558 Stoici
1451 529 1516 557 ae-

63 574 84 611 7
103 572 306 620 grotantis
336 572 392 611 ita
422 572 639 612 disseruit:
703 574 918 620 <Naaman
948 573 1097 622 inquit,
1129 574 1334 615 ‘omnium
1364 584 1514 618 rerum,

106 639 212 677 quae
233 639 311 668 nos
336 629 495 677 genuit,
518 629 649 669 induit
671 629 791 669 nobis
809 629 1063 679 inoleuitque
1080 629 1118 668 in
1140 630 1242 681 ipsis
1261 629 1397 670 statim
1410 630 1517 680 prin-

105 684 241 733 cipiis,
286 685 434 734 quibus
459 685 540 724 nati
563 697 728 733 sumus,
767 696 951 726 amorem
974 685 1107 725 nostri
1129 692 1169 726 et
1194 687 1425 734 caritatem,
1462 686 1518 725 ita

103 752 299 790 prorsus,
340 746 382 780 ut
410 741 505 780 nihil
539 742 760 792 quicquain
791 747 905 781 esset
935 742 1072 781 carius
1103 743 1360 793 pensiusque
1380 742 1515 790 nobis,

104 808 226 845 quam
249 804 413 837 nosmet
433 798 530 846 ipsi,
564 804 688 848 atque
710 800 789 839 hoc
811 809 907 839 esse
934 799 1246 840 fundamentum
1266 803 1397 839 ratast
1421 810 1517 839 con-

103 854 337 892 seruandae
358 854 569 895 hominum
589 855 898 905 perpetuitatis,
942 855 977 894 si
998 856 1288 906 unusquisque
1313 860 1515 903 nostrum,

103 909 222 948 simul
253 915 377 960 atque
406 911 570 951 editus
563 923 602 950 in
630 913 763 951 lucem
791 913 916 959 foret,
958 912 1102 950 harum
1129 912 1244 962 prius
1266 922 1403 951 rerum
1426 922 1518 950 sen-

102 977 193 1004 sum
226 965 588 1017 adfectionemque
618 974 810 1018 caperet,
851 978 957 1018 quae
979 979 1002 1006 a
1021 968 1233 1009 ueteribus
1255 967 1517 1018 philosophis

103 1025 115 1043 ²
130 1016 182 1060 τὰ
207 1022 362 1073 πρῶτα
387 1019 498 1063 κατὰ
515 1021 684 1076 φύσιν’
707 1026 913 1074 appellata
935 1029 1049 1063 sunt:
1080 1029 1126 1063 ut
1146 1024 1337 1066 omnibus
1360 1023 1519 1063 scilicet

104 1078 294 1128 corporis
326 1080 390 1119 sui
415 1081 645 1120 commodis
672 1082 893 1131 gauderet,
934 1080 984 1119 ab
1018 1080 1294 1121 incommodis
1325 1079 1516 1120 omnibus

102 1134 360 1174 abhorreret.
422 1137 575 1177 Postea
597 1148 673 1187 per
695 1137 950 1176 incrementa
971 1136 1117 1177 aetatis
1143 1143 1289 1178 exorta
1310 1148 1332 1176 e
1353 1136 1517 1176 semini-
1572 1178 1575 1182 ,

100 1191 180 1229 bus
207 1190 293 1230 suis
315 1192 463 1232 ratiost
487 1198 527 1232 et
553 1193 700 1233 utendi
722 1193 882 1233 consilii
905 1193 1110 1243 reputatio
1132 1198 1173 1233 et
1191 1192 1421 1234 honestatis
1443 1191 1517 1232 uti-

100 1246 311 1296 litatisque
358 1260 485 1288 uerae
539 1250 832 1300 contemplatio
875 1249 1147 1299 subtiliorque
1186 1255 1227 1289 et
1263 1248 1518 1298 exploratior

102 1304 505 1354 commodorumque
533 1305 732 1345 dilectus:
775 1311 899 1355 atque
930 1306 986 1344 ita
1015 1316 1117 1354 prae
1148 1305 1298 1345 ceteris
1324 1304 1516 1344 omnibus

101 1358 246 1397 enituit
269 1364 309 1397 et
331 1361 546 1408 praefulsit
568 1361 711 1401 decori
733 1367 773 1400 et
794 1361 959 1400 honesti
987 1360 1164 1410 dignitas
1189 1372 1259 1409 ac,
1305 1361 1338 1400 si
1361 1360 1399 1400 ei
1423 1360 1517 1400 reti·

101 1414 265 1454 nendae
297 1415 602 1464 optinendaeue
637 1417 946 1456 incommodum
969 1416 1229 1456 extrinsecus
1251 1416 1422 1466 aliquod
1445 1417 1516 1456 ob-

101 1476 248 1518 staret,
282 1477 565 1522 contemptum
587 1478 664 1513 est.
725 1474 868 1522 Neque
890 1472 999 1513 aliud
1023 1484 1119 1512 esse
1142 1484 1243 1512 uere
1263 1478 1305 1513 et
1327 1472 1516 1523 simpliei-

98 1531 163 1566 ter
179 1527 335 1567 bonum
358 1528 437 1568 nisi
457 1529 699 1577 honestum,
724 1528 834 1568 aliud
861 1529 1083 1580 quicquam
1103 1530 1272 1578 malurn,
1296 1529 1377 1569 nisi
1401 1529 1516 1579 quod

101 1588 222 1632 turpe
244 1589 370 1625 esset.
395 1584 673 1625 existimatum
696 1591 773 1625 est.
804 1586 980 1635 Reliqua
1001 1585 1156 1633 omnia,
1182 1597 1289 1636 quae
1310 1585 1352 1625 in
1375 1584 1513 1625 medio

100 1640 257 1688 forent,
301 1651 349 1679 ac
370 1652 506 1690 neque
530 1641 707 1682 honesta
729 1647 872 1681 essent
894 1652 1032 1691 neque
1058 1641 1207 1692 turpia,
1247 1653 1385 1691 neque
1404 1642 1516 1681 bona

100 1706 197 1735 esse
227 1707 364 1746 neque
392 1698 499 1736 mala
531 1698 743 1740 decretum
772 1703 847 1737 est.
907 1698 1210 1739 Productiones
1233 1704 1369 1738 tamen
1391 1703 1433 1738 et
1452 1709 1515 1738 re-

100 1752 278 1792 lationes
311 1752 398 1792 suis
427 1765 619 1803 quaeque
647 1753 868 1794 momentis
892 1753 1110 1793 distinctae
1131 1754 1377 1804 diuisaeque
1401 1759 1511 1802 sunt,

102 1819 210 1857 quae
229 1813 240 1831 ‘
257 1806 539 1861 προηγμένα’
561 1816 600 1850 et
617 1804 1008 1862 ‘duonponype'va'
1026 1809 1106 1860 ipsi
1123 1816 1290 1851 uocant.
1322 1811 1514 1861 Propter-

102 1875 151 1903 ea
185 1866 381 1915 uoluptas
411 1877 581 1916 quoque
615 1873 655 1906 et
679 1867 818 1913 dolor,
857 1867 971 1915 quod
999 1867 1053 1905 ad
1083 1866 1208 1905 finem
1238 1867 1377 1917 ipsum
1404 1867 1513 1905 bene

100 1921 308 1970 beateque
340 1922 510 1961 uiuendi
541 1923 738 1972 pertinet,
774 1928 815 1962 et
842 1922 881 1961 in
910 1921 1056 1962 mediis
1081 1923 1225 1961 relicta
1252 1927 1294 1962 et
1314 1929 1451 1972 neque
1472 1921 1511 1961 in

59 1982 84 2017 8
99 1976 223 2016 bonis
248 1988 385 2027 neque
407 1978 446 2017 in
468 1979 585 2018 malis
608 1979 788 2018 iudicata
811 1984 920 2018 sunt.
982 1978 1066 2018 Sed
1088 1979 1197 2018 enim
1228 1977 1423 2028 quoniam
1448 1978 1511 2017 his

103 2033 245 2082 primis
279 2034 470 2074 sensibus
501 2035 658 2076 doloris
687 2035 1000 2084 uoluptatisque
1033 2040 1128 2074 ante
1149 2034 1307 2074 consilii
1329 2039 1371 2074 et
1391 2034 1512 2074 ratio-

102 2089 165 2128 nis
201 2095 391 2130 exortum
427 2101 575 2131 recens
613 2098 732 2131 natus
764 2092 888 2131 homo
926 2091 1106 2131 imbutus
1144 2097 1209 2131 est
1235 2095 1276 2131 et
1309 2090 1512 2141 uoluptati

105 2145 270 2193 quidem
293 2157 317 2185 a
339 2152 485 2186 natura
508 2147 768 2194 conciliatus,
811 2158 834 2186 a
862 2148 1008 2187 dolore
1035 2152 1173 2187 autern
1201 2147 1321 2197 quasi
1350 2158 1375 2186 a
1394 2147 1511 2196 graui

105 2201 286 2248 quodam
306 2202 470 2243 inimico
494 2203 712 2243 abiunctus
731 2203 1016 2253 alienatusque
1034 2209 1118 2243 est:
1140 2203 1295 2243 idcirco
1315 2202 1524 2255 adfectiog

45 2264 47 2267 ·
102 2266 177 2294 nes
210 2257 310 2296 istas
342 2258 529 2307 primitus
559 2259 809 2309 penitusque
840 2258 990 2299 inditas
1015 2259 1119 2301 ratio
1154 2259 1234 2310 ipsi
1255 2258 1395 2299 addita
1413 2269 1509 2299 eon·
