1619 2476
97 108 179 149 182
721 110 772 147 V.
791 120 875 148 xxi.

41 220 275 271 lopositae,
298 221 464 271 opinor,
489 219 529 258 in
554 221 706 270 templo
723 219 854 260 Pacis.
897 221 1062 260 Prima
1082 220 1311 269 epistula
1333 221 1487 271 scripta

99 282 162 316 est
193 277 253 315 ad
286 275 571 317 Pacuuium
604 277 913 325 Labeonem,
944 277 1009 317 cui
1035 277 1175 316 titulus
1204 277 1486 327 praescriptus

40 340 81 373 11
102 338 184 372 est:
215 333 402 382 pluria,
428 344 525 371 non
554 334 708 382 plura
734 333 837 372 dici
858 334 1066 372 debere.
1099 334 1143 372 In
1163 344 1212 372 ea
1233 332 1409 382 epistula
1426 344 1486 372 ra·
1546 362 1550 363 γ

95 389 229 429 tiones
255 388 542 438 grammaticas
568 389 728 439 posuit,
752 400 827 438 per
847 401 949 439 quas
970 389 1094 429 docet
1116 388 1280 439 epluria’
1300 389 1487 428 Latinum

41 453 208 492 messe,
236 447 401 495 tplura'
423 445 657 485 barbarum.
699 446 766 484 Ad
794 445 1095 496 Capitonem
1124 444 1245 494 igitur
1266 450 1306 484 te
1328 445 1486 485 dimitti·
1541 477 1547 481 ,
1594 440 1599 480 ἕ

40 508 198 543 131nus.
228 502 291 540 Ex
312 514 360 542 eo
381 501 422 540 id
441 513 606 551 quoque
628 501 747 541 simul
765 501 914 549 disces,
934 501 1108 541 simodo
1127 501 1297 551 assequi
1316 502 1485 551 poteris,

96 557 209 607 quod
227 557 267 596 in
294 569 342 597 ea
369 557 545 608 epistula
565 557 763 608 scriptum
791 563 872 605 est,
901 557 1066 607 epluria'
1089 556 1177 597 siue
1194 559 1345 607 ‘plura’
1364 558 1485 598 abso-

94 615 223 652 lutum
246 625 340 653 esse
360 619 400 653 et
418 614 610 664 simplex,
631 626 735 666 non,
754 619 798 653 ut
813 614 883 653 tibi
899 614 1080 662 uidetur,
1106 614 1463 664 comparatiuum’.

39 677 83 711 14
178 669 300 709 Cuius
326 670 531 720 opinionis
550 670 637 710 Sin
648 682 672 709 n
686 670 832 710 ianae
854 670 894 709 id
916 681 1083 720 quoque
1101 670 1381 710 adiumentum
1405 676 1481 718 est,

96 727 229 774 quod,
257 729 269 747 ³
282 728 516 776 complures
529 729 541 747 '
563 738 655 766 cum
673 726 844 767 dicimus
861 759 870 775 ,
898 739 979 767 non
999 726 1278 777 comparatiue
1295 726 1483 767 dicimus.

38 782 155 822 15Ab
181 794 230 821 eo
257 786 412 830 autem,
447 784 559 832 quod
586 788 649 822 est
673 783 948 833 ‘compluria'
976 782 1217 822 aduerbiurn
1240 787 1303 822 est
1334 785 1485 823 factum

39 838 441 887 16‘compluricns'.
500 840 544 878 Id
582 838 777 888 quoniam
809 839 941 879 minus
977 839 1171 879 usitatum
1200 843 1284 886 est,
1317 851 1486 880 uersum

93 894 262 933 Plauti
285 895 513 945 subscripsi
532 907 583 934 ex
600 895 835 943 comoedia,
856 907 961 945 quae
976 895 1133 934 Persa
1151 895 1405 935 inscribitur:

152 976 227 1022 [T.]
248 972 376 1023 Quid
401 976 625 1015 metuis?
655 977 734 1023 [D.]
763 977 929 1015 Metuo
959 974 1141 1014 he'rcle
1165 987 1313 1022 uer0;
1341 975 1487 1016 se'nsi

747 1043 838 1081 ego
868 1032 1007 1079 [iam]
1031 1030 1402 1081 compluriens.

37 1123 191 1164 17ltem
207 1122 260 1160 M.
283 1122 310 1161 C
324 1125 404 1160 ato
423 1121 470 1160 in
489 1122 591 1160 llII.
613 1122 873 1171 originum
890 1123 1037 1162 eodem
1055 1123 1093 1162 in
1113 1124 1206 1162 loco
1223 1127 1286 1162 ter
1302 1123 1381 1162 hoc
1397 1134 1483 1162 uer-

93 1178 190 1216 bum
223 1176 378 1227 posuit:
420 1178 790 1226 Compluriens
823 1190 998 1218 eorum
1031 1179 1227 1218 milites
1259 1178 1510 1218 mercen-‘

93 1233 224 1272 narii
249 1233 383 1272 inter
406 1244 459 1272 se
485 1234 802 1273 multialteri
826 1237 1021 1275 alteros
1056 1234 1327 1283 occidere,
1350 1246 1485 1274 eom-

94 1289 330 1338 pluricns
358 1289 502 1328 multi
528 1290 678 1329 simul
702 1291 761 1329 ad
784 1291 952 1330 hostis
974 1292 1327 1339 transfugere,
1353 1302 1485 1330 com-

93 1346 330 1394 pluriens
356 1345 402 1384 in
430 1345 794 1395 imperatorem
815 1346 897 1394 (in)
916 1346 1164 1396 impetum
1184 1347 1369 1385 facere.
