1635 2492
689 54 811 93 XIIII.
832 66 858 92 1.
1398 56 1478 97 111

73 171 156 211 mul
188 174 230 209 et
248 167 524 209 Antisthenae
553 171 594 206 et
616 167 811 207 Platones
833 167 946 207 multi
977 179 1152 217 genere,
1187 170 1338 217 forma,
1368 169 1481 219 inge-

72 227 165 280 nio,
196 225 403 273 moribus,
431 223 517 263 uita
539 223 650 264 omni
673 230 714 263 et
740 229 874 263 morte
897 224 1015 274 pari?
1049 225 1163 274 quod
1189 229 1478 276 nequaquam’

70 282 217 333 inquit,
248 286 443 333 ‘prorsus
465 279 556 319 fieri
571 285 725 330 potest.
763 282 854 320 Non
871 281 994 330 igitur
1021 281 1096 320 hac
1119 292 1246 321 causa
1267 283 1399 332 probe
1423 282 1538 322 uti30

74 344 231 390 queunt
252 339 477 378 aduersum
498 336 710 377 hominum
733 337 915 387 impares
948 343 1078 385 ortus,
1108 338 1298 378 interitus
1320 342 1479 389 pares'.

72 396 175 436 Illud
195 400 333 435 autem
364 394 606 434 condonare
628 405 674 433 se
697 394 760 433 his
787 394 971 441 dicebat,
1006 396 1119 444 quod
1140 407 1224 435 non
1248 395 1291 434 id
1311 407 1480 446 quoque
1491 401 1536 436 31

73 451 321 502 requireret,
356 451 392 491 si
414 450 524 490 uitae
544 450 774 500 mortisque
795 451 1006 491 hominum
1033 463 1257 501 rerumque
1283 452 1479 491 humana·

71 521 162 549 rum
179 508 362 549 omniurn
377 512 543 556 tempus
563 511 604 546 et
617 507 720 547 ratio
745 513 786 546 et
806 519 933 547 causa
957 508 995 546 in
1015 510 1130 547 caelo
1151 513 1190 547 et
1207 509 1318 558 apud
1335 510 1479 548 stellas

73 566 192 613 foret,
225 564 400 615 quidde
418 563 572 603 muscis
589 569 659 603 aut
676 564 912 604 tiermiculis
935 570 1004 604 aut
1021 564 1198 612 echinis,
1228 565 1366 604 multis
1390 565 1480 604 aliis

74 621 358 661 minutissimis
382 627 493 660 terra
514 620 700 670 marique
726 620 1002 661 animantibus
1022 621 1234 661 dicerent?
1265 633 1316 660 an
1349 622 1481 661 istaec

74 689 244 728 quoque
259 678 406 725 isdem,
440 677 590 727 quibus
610 677 822 725 homines,
854 679 1015 727 legibus
1035 684 1308 717 nascerentur
1328 678 1481 718 isdem-

74 747 154 785 que
171 735 313 775 itidem
331 734 697 783 extinguerentur?
729 740 774 774 ut
796 740 866 774 aut
887 734 1127 774 ranunculis
1151 745 1321 785 quoque
1347 740 1388 774 et
1411 746 1481 773 cu-

73 792 220 832 licibus
242 790 443 831 nascendi
468 791 550 830 fata
571 790 652 829 sint
669 791 720 829 de
739 792 979 831 caelestium
1001 792 1184 831 siderum
1206 791 1388 831 motibus
1410 791 1481 829 ad-

72 848 225 888 tributa
245 853 328 896 aut,
361 848 395 887 si
416 847 457 886 id
477 859 560 887 non
579 852 792 896 putarent,
822 850 932 888 nulla
949 849 1052 888 ratio
1073 848 1300 896 uideretur,
1336 860 1410 887 cur
1433 858 1482 886 ea

74 905 257 945 siderum
281 905 343 944 uis
368 904 409 943 in
431 904 668 944 hominibus
686 906 863 952 ualeret,
896 906 1096 944 deficeret
1116 905 1155 943 in
1176 905 1340 944 ceteris.

153 973 268 1011 Haec
294 982 373 1010 nos
402 970 514 1010 sicca
536 975 575 1009 et
599 970 811 1010 incondita
834 977 873 1010 et
895 971 1200 1022 propemodum
1224 971 1361 1010 ieiuna
1392 980 1539 1015 ora-32

71 1028 186 1068 tione
221 1026 486 1077 adtingimus.
549 1027 621 1066 Set
648 1028 954 1075 Fauorinus,
987 1034 1031 1067 ut
1054 1027 1232 1067 hominis
1271 1028 1482 1077 ingenium

73 1083 148 1124 fuit
166 1089 295 1134 utque
323 1088 388 1123 est
409 1084 592 1123 Graecae
608 1084 824 1123 facundiae
843 1085 963 1135 copia
979 1085 1099 1124 simul
1122 1090 1164 1122 et
1185 1090 1399 1131 uenustas,
1429 1087 1482 1123 la-

72 1140 154 1180 tius
180 1151 229 1179 ea
251 1145 292 1179 et
307 1139 522 1180 amoenius
540 1144 581 1179 et
598 1140 856 1190 splendidius
885 1146 924 1180 et
948 1140 1228 1190 profluentius
1247 1142 1483 1190 exequeba-

73 1202 140 1236 tur
165 1201 290 1246 atque
323 1196 549 1236 identidem
586 1198 902 1244 commonebat,
936 1202 981 1236 ut
1012 1207 1280 1244 caueremus‚
1314 1208 1366 1236 ne
1401 1208 1483 1247 qua

73 1253 194 1293 nobis
210 1252 278 1292 isti
294 1253 582 1303 sycophantae
600 1254 653 1292 ad
675 1254 905 1292 faciendam
926 1254 1051 1292 fidem
1074 1254 1334 1303 inreperent,
1369 1254 1483 1303 quod

73 1309 315 1349 uiderentur
346 1310 550 1359 quaedam
584 1309 790 1349 interdum
820 1321 922 1349 uera
957 1310 1121 1349 effutire
1151 1315 1221 1348 aut
1264 1321 1480 1360 spargere.

74 1367 180 1406 ‘Non
198 1365 306 1405 enim
323 1365 658 1415 comprehensa'‚
687 1366 840 1416 inquit,
873 1369 1027 1415 ‘neque
1045 1365 1215 1405 definita
1236 1377 1375 1414 neque
1393 1377 1484 1416 per-
1494 1375 1539 1410 33

76 1427 198 1473 cepta
214 1422 367 1469 dicunt,
399 1423 475 1462 sed
492 1422 649 1461 lubrica
666 1428 793 1472 atque
811 1423 1053 1472 ambagiosa
1085 1422 1392 1462 coniectatione
1427 1422 1484 1461 ni-

72 1478 339 1526 tentes‚inter
354 1479 459 1518 falsa
475 1483 600 1527 atque
617 1490 718 1519 uera
734 1479 1032 1530 pedetemptim
1056 1479 1175 1528 quasi
1191 1490 1267 1528 per
1286 1480 1483 1518 tenebras

73 1534 375 1585 ingredientes,
409 1539 510 1574 eunt
530 1540 571 1575 et
591 1541 661 1575 aut
683 1538 811 1576 multa
835 1536 1077 1586 temptando
1104 1535 1291 1575 incidunt
1308 1540 1484 1585 repente

73 1592 347 1642 inprudentes
378 1591 418 1629 in
449 1592 667 1630 ueritatem
699 1598 769 1632 aut
802 1593 1010 1642 ipsorum,
1045 1592 1114 1640 qui
1141 1603 1215 1632 eos
1244 1593 1481 1637 consulunt,

75 1650 201 1688 multa
218 1647 460 1688 credulitate
476 1648 654 1688 ducente
673 1649 920 1698 perueniunt
940 1650 1084 1687 callide
1102 1648 1155 1687 ad
1180 1659 1239 1694 ea,
1262 1659 1367 1695 quae
1381 1658 1483 1686 uera

77 1710 191 1753 sunt,
225 1704 439 1745 etidcirco
458 1704 626 1744 uidetur
647 1704 686 1743 in
710 1705 943 1755 praeteritis
968 1706 1092 1744 rebus
1120 1715 1243 1753 quam
1267 1704 1306 1743 in
1333 1703 1483 1743 futuris

78 1761 293 1801 ueritatem
323 1760 482 1801 facilius
507 1761 668 1800 imitari.
730 1762 814 1800 Ista
844 1767 979 1800 tamen
1011 1761 1159 1807 onmia,
1195 1771 1301 1808 quae
1328 1764 1399 1799 aut
1426 1765 1484 1799 te-

77 1828 191 1858 mere
227 1822 297 1858 aut
331 1822 468 1857 astute
498 1829 600 1857 uera
636 1817 797 1864 dicunt,
829 1830 932 1867 prae
969 1817 1148 1863 ceteris’‚
1179 1816 1322 1865 inquit,
1357 1819 1484 1864 ‘quae

77 1874 341 1922 mentiuntur,
358 1885 457 1924 pars
476 1885 526 1913 ea
541 1885 625 1914 non
644 1873 696 1914 sit
711 1874 958 1913 millesima’.

164 1940 333 1979 Praeter
349 1939 452 1979 haec
468 1944 618 1987 autem,
652 1949 759 1988 quae
776 1939 982 1979 dicentem
999 1941 1029 1979 F
1041 1951 1100 1979 au
1114 1952 1136 1979 o
1149 1940 1225 1978 rin
1239 1951 1313 1978 um
1331 1938 1487 1978 audiui·
1497 1943 1541 1977 3⁴

79 2007 191 2044 mus,
220 1997 349 2036 multa
371 1995 493 2035 etiam
515 1995 681 2035 memini
710 2001 929 2044 poetarum
958 2001 1146 2036 ueterum
1168 1994 1424 2042 testimonia,
1462 2006 1484 2033 a

82 2051 232 2102 quibus
262 2051 552 2092 huiuscemodi
588 2052 787 2101 ambages
822 2052 1060 2092 fallaciosae
1097 2053 1377 2092 confutantur.
1422 2052 1485 2090 Ex

82 2107 230 2157 quibus
255 2113 319 2148 est
340 2108 693 2148 Pacuuianum
715 2108 835 2148 illud:

138 2197 251 2238 Nam
277 2198 341 2246 si,
364 2209 494 2248 quae
518 2196 774 2238 euentura
799 2204 937 2246 sunt,
955 2195 1291 2248 prouideant‚
1309 2195 1485 2247 aequi·

910 2267 934 2304 p
949 2253 1094 2293 ere'nt
1117 2252 1249 2301 Ioui,
