1619 2476
145 27 228 69 202
729 27 873 79 XVIII.
904 37 947 63 11.

815 137 863 175 Π.

147 219 362 257 Cuiusmodi
381 220 641 266 quaestionum
659 218 923 254 certationibus
945 217 1194 256 Saturnalicia
1210 217 1354 254 ludicra
1373 217 1531 255 Athenis

202 277 342 323 agitare
364 276 460 311 soliti
482 276 598 310 simus
611 285 620 318 3
646 278 754 320 atque
776 274 864 310 inibi
886 284 1067 321 expressa
1087 273 1271 320 quaedam
1288 274 1532 321 sophismatia

202 337 237 368 et
258 332 471 378 aenigmata
487 331 739 367 oblectatoria.

106 427 126 460 1
228 417 458 458 Saturnalia
482 416 656 457 Athenis
674 416 926 467 agitabamus
951 416 1077 456 hilare
1101 427 1296 467 prorsum
1320 427 1367 455 ac
1392 418 1531 457 mode-

146 480 227 523 ste,
260 486 364 522 non,
392 480 436 514 ut
457 475 622 521 dicitur,
657 473 927 512 <remittentes
960 473 1154 512 animum'
1179 495 1234 501 —
1267 483 1361 512 nam
1381 474 1531 512 <remit-

144 534 266 578 tere'‚
297 531 428 579 inquit
443 529 730 576 Musonius,
764 532 775 551 ³
789 529 979 575 animum,
1014 528 1132 578 quasi
1153 527 1338 568 amittere
1357 531 1441 568 est’
1462 552 1530 577 —,

146 588 221 627 sed
242 588 522 625 demulcentes
540 597 632 625 eum
657 586 822 634 paulum
840 590 963 634 atque
984 586 1170 624 laxantes
1193 584 1382 624 iucundis
1406 585 1531 624 hone-

107 652 129 685 2
146 643 305 692 stisque
338 653 576 682 sermonum
597 641 940 680 inlectationibus.
1017 640 1373 680 Conueniebamus
1397 646 1530 680 autem

146 700 199 738 ad
221 699 394 738 eandem
417 708 559 737 cenam
579 698 852 747 conplusculi,
885 696 953 746 qui
973 696 1148 736 Romani
1168 697 1206 735 in
1226 696 1438 736 Graeciam
1461 708 1530 736 ue-

82 778 84 781 ·
144 766 337 795 neramus
358 754 509 804 quique
526 754 694 793 easdem
716 753 947 792 auditiones
970 753 1226 802 eosdemque
1243 753 1437 792 doctores
1465 764 1533 791 co-

109 819 132 854 3
148 812 345 851 lebamus.
383 812 484 849 Tum
502 809 570 858 qui
593 814 633 848 et
649 811 834 848 cenulam
852 808 995 848 ordine
1013 820 1090 848 suo
1107 810 1286 856 curabat,
1304 808 1531 858 praemium

146 867 373 907 soluendae
393 865 647 916 quaestionis
671 866 864 915 ponebat,
896 864 1042 904 librum
1059 864 1210 904 ueteris
1234 864 1446 914 scriptoris
1465 866 1532 903 uel

148 926 348 962 Graecum
370 924 437 961 uel
454 921 640 961 Latinum
664 927 703 960 et
730 932 926 961 coronam
949 932 970 959 e
992 922 1106 961 lauro
1130 922 1313 971 plexam,
1345 920 1531 961 totidem-

148 990 226 1029 que
256 990 321 1018 res
342 978 577 1028 quaerebat,
611 983 711 1026 quot
728 978 914 1017 homines
931 976 1021 1016 istic
1047 987 1232 1024 eramus;
1265 987 1442 1026 cumque
1459 987 1529 1015 eas

107 1045 130 1079 4
148 1035 278 1075 omnis
301 1039 566 1084 exposuerat,
598 1045 684 1073 rem
701 1035 921 1083 locumque
939 1033 1102 1072 dicendi
1119 1044 1212 1072 sors
1235 1032 1370 1071 dabat.
1403 1033 1531 1081 Quae-

147 1092 225 1131 stio
243 1091 365 1140 igitur
390 1091 524 1129 soluta
552 1101 706 1129 corona
727 1094 767 1128 et
793 1089 974 1139 praemio
1000 1089 1252 1140 donabatur,
1281 1100 1363 1128 non
1397 1089 1531 1128 soluta

146 1151 281 1186 autem
297 1146 594 1185 tramittebatur
609 1147 661 1184 ad
683 1157 794 1193 eum,
829 1145 897 1195 qui
922 1145 1066 1185 sortito
1095 1148 1376 1191 successerat,
1406 1143 1531 1193 idque

106 1214 127 1246 5
145 1203 183 1241 in
217 1203 358 1242 orbem
388 1202 479 1241 uice
503 1202 591 1251 par-i
619 1202 873 1241 seruabatur.
936 1201 979 1240 Si
1004 1213 1125 1241 nemo
1151 1200 1428 1248 dissoluebat,
1466 1211 1532 1240 co—

145 1270 248 1298 rona
272 1258 359 1297 eius
384 1257 638 1307 quaestionis
671 1258 769 1305 deo,
803 1257 918 1297 cuius
936 1257 976 1296 id
994 1258 1142 1296 festum
1165 1261 1271 1304 erat,
1305 1256 1530 1295 dicabatur.

107 1324 129 1359 6
147 1315 456 1363 Quaerebantur
479 1318 615 1352 autem
632 1324 699 1352 res
725 1313 1030 1351 huiuscemodi:
1062 1317 1133 1351 aut
1153 1311 1357 1351 sententia
1380 1316 1530 1361 poetae
1588 1316 1590 1329 ¹

145 1370 298 1409 ueteris
317 1369 451 1418 lepide
470 1369 667 1415 obscura,
701 1379 783 1407 non
806 1368 944 1415 anxie,
974 1372 1042 1406 aut
1065 1367 1261 1406 historiae
1285 1366 1528 1416 antiquioris

146 1425 356 1474 requisitio
379 1429 448 1463 aut
464 1424 618 1463 decreti
642 1423 867 1472 cuiuspiam
890 1435 941 1462 ex
957 1422 1218 1472 philosophia
1239 1433 1456 1472 perperam
1475 1423 1531 1461 in-

146 1481 300 1531 uulgati
334 1479 522 1530 purgatio
566 1484 636 1519 aut
665 1479 867 1528 captionis
899 1479 1150 1529 sophisticae
1181 1478 1331 1518 solutio
1371 1484 1441 1518 aut
1474 1479 1532 1517 in-

149 1537 301 1587 opinati
322 1535 574 1585 rariorisque
590 1536 706 1575 uerbi
720 1534 926 1585 indagatio
954 1540 1023 1574 aut
1041 1540 1205 1585 tempus
1225 1534 1322 1574 item
1344 1534 1385 1574 in
1401 1535 1530 1574 uerbo

147 1592 369 1643 perspicuo
398 1591 751 1634 obscurissimum.

115 1689 134 1724 7
233 1684 374 1731 Itaque
397 1693 527 1731 nuper
544 1680 729 1730 quaesita
751 1692 844 1720 esse
861 1680 1024 1718 memini
1047 1690 1218 1719 numero
1235 1684 1413 1729 septem,
1432 1690 1532 1729 quo-

149 1751 238 1777 rum
255 1738 386 1787 prima
404 1738 477 1777 fuit
498 1737 700 1776 enarratio
722 1737 868 1775 horum
894 1747 1107 1782 uersuum,
1133 1735 1202 1784 qui
1219 1739 1315 1774 sunt
1330 1735 1367 1774 in
1393 1739 1532 1774 satu-

147 1795 221 1834 ris
248 1793 423 1843 Quinti
450 1793 578 1832 Enni
607 1804 689 1832 uno
725 1792 979 1831 multifariam
1014 1792 1143 1830 uerbo
1182 1791 1434 1830 concinniter
1461 1790 1530 1829 im—

147 1849 296 1900 plicati.
358 1850 538 1898 Quorum
560 1850 788 1898 exemplum
810 1849 889 1887 hoc
915 1852 996 1886 est:
1276 1866 1279 1867 ⁷

203 1926 320 1966 Nam
353 1926 436 1976 qui
478 1925 652 1975 lepide
689 1926 926 1975 postulat
960 1923 1177 1964 alterum
1208 1923 1473 1972 frustrari,
1606 1950 1617 1978 3

206 1982 357 2031 Quem
401 1983 710 2028 frustratur,
762 1980 959 2020 frustra
1007 1991 1115 2019 eum
1161 1977 1292 2043 ‘Uest
1332 1980 1533 2043 frustra

250 2053 256 2058 ·
974 2047 1114 2082 esse;
1145 2047 1257 2074 nam
1281 2047 1364 2085 qui

206 2093 331 2133 Sese
373 2091 623 2133 frustrari
663 2104 808 2142 quern
847 2094 1045 2131 frustra
1083 2090 1258 2139 sentit,
1307 2091 1393 2141 qui
1432 2092 1534 2131 fru·
1594 2099 1619 2139 ἐς·

205 2198 564 2252 'Isfrustrast,
597 2151 1311 2252 (set)nonillesgs{lil1{1r1'stra;
