<?xml version="1.0" encoding="UTF-8"?>
<!DOCTYPE html PUBLIC "-//W3C//DTD XHTML 1.0 Transitional//EN"
    "http://www.w3.org/TR/xhtml1/DTD/xhtml1-transitional.dtd">
<html xmlns="http://www.w3.org/1999/xhtml" xml:lang="en" lang="en">
 <head>
  <title>
</title>
<meta http-equiv="Content-Type" content="text/html;charset=utf-8" />
  <meta name='ocr-system' content='tesseract 3.04.00' />
  <meta name='ocr-capabilities' content='ocr_page ocr_carea ocr_par ocr_line ocrx_word'/>
</head>
<body>
  <div class='ocr_page' id='page_1' title='image "./agelliinoctivmat00gelluoft_0216.png"; bbox 0 0 1619 2476; ppageno 0'>
   <div class='ocr_carea' id='block_1_1' title="bbox 122 86 1022 133">
    <p class='ocr_par' dir='ltr' id='par_1_1' title="bbox 122 86 1022 133">
     <span class='ocr_line' id='line_1_1' title="bbox 122 86 1022 133; baseline -0.007 -4"><span class='ocrx_word' id='word_1_1' title='bbox 122 87 205 129; x_wconf 84' lang='lat'>194</span> <span class='ocrx_word' id='word_1_2' title='bbox 587 87 655 124; x_wconf 90' lang='lat' dir='ltr'>Vl.</span> <span class='ocrx_word' id='word_1_3' title='bbox 679 86 804 133; x_wconf 86' lang='lat' dir='ltr'>(Vll.)</span> <span class='ocrx_word' id='word_1_4' title='bbox 824 96 946 124; x_wconf 87' lang='lat' dir='ltr'>1111.v.</span> <span class='ocrx_word' id='word_1_5' title='bbox 966 96 1022 124; x_wconf 89' lang='lat' dir='ltr'>v1.</span> 
     </span>
    </p>
   </div>
   <div class='ocr_carea' id='block_1_2' title="bbox 84 196 1519 807">
    <p class='ocr_par' dir='ltr' id='par_1_2' title="bbox 121 196 1518 305">
     <span class='ocr_line' id='line_1_2' title="bbox 121 196 1518 247; baseline -0.003 -6"><span class='ocrx_word' id='word_1_6' title='bbox 121 212 214 240; x_wconf 89' lang='lat' dir='ltr'>uos</span> <span class='ocrx_word' id='word_1_7' title='bbox 236 198 537 245; x_wconf 88' lang='lat' dir='ltr'>uenundari,</span> <span class='ocrx_word' id='word_1_8' title='bbox 567 208 778 247; x_wconf 85' lang='lat' dir='ltr'>quorum</span> <span class='ocrx_word' id='word_1_9' title='bbox 801 196 1006 236; x_wconf 90' lang='lat' dir='ltr'>nomine</span> <span class='ocrx_word' id='word_1_10' title='bbox 1030 197 1249 247; x_wconf 82' lang='lat' dir='ltr'>emptori</span> <span class='ocrx_word' id='word_1_11' title='bbox 1269 197 1518 238; x_wconf 85' lang='lat' dir='ltr'>uenditor</span> 
     </span>
     <span class='ocr_line' id='line_1_3' title="bbox 122 257 578 305; baseline -0.009 -9"><span class='ocrx_word' id='word_1_12' title='bbox 122 257 243 296; x_wconf 89' lang='lat' dir='ltr'>nihil</span> <span class='ocrx_word' id='word_1_13' title='bbox 267 258 578 305; x_wconf 72' lang='lat' dir='ltr'>praestaret.</span> 
     </span>
    </p>

    <p class='ocr_par' dir='ltr' id='par_1_3' title="bbox 84 308 1517 474">
     <span class='ocr_line' id='line_1_4' title="bbox 84 308 1516 360; baseline -0.003 -8"><span class='ocrx_word' id='word_1_14' title='bbox 84 318 108 351; x_wconf 76' lang='lat'><strong>4</strong></span> <span class='ocrx_word' id='word_1_15' title='bbox 207 314 281 351; x_wconf 84' lang='lat' dir='ltr'>Est</span> <span class='ocrx_word' id='word_1_16' title='bbox 300 316 435 350; x_wconf 85' lang='lat' dir='ltr'>autem</span> <span class='ocrx_word' id='word_1_17' title='bbox 458 309 535 348; x_wconf 89' lang='lat' dir='ltr'>alia</span> <span class='ocrx_word' id='word_1_18' title='bbox 555 308 724 348; x_wconf 88' lang='lat' dir='ltr'>rationis</span> <span class='ocrx_word' id='word_1_19' title='bbox 747 308 900 358; x_wconf 89' lang='lat' dir='ltr'>opinio,</span> <span class='ocrx_word' id='word_1_20' title='bbox 926 319 999 348; x_wconf 89' lang='lat' dir='ltr'>cur</span> <span class='ocrx_word' id='word_1_21' title='bbox 1019 308 1097 348; x_wconf 89' lang='lat' dir='ltr'>dici</span> <span class='ocrx_word' id='word_1_22' title='bbox 1117 308 1283 349; x_wconf 90' lang='lat' dir='ltr'>solitum</span> <span class='ocrx_word' id='word_1_23' title='bbox 1305 309 1369 357; x_wconf 89' lang='lat' dir='ltr'>sit,</span> <span class='ocrx_word' id='word_1_24' title='bbox 1392 310 1516 360; x_wconf 83' lang='lat' dir='ltr'>capti-</span> 
     </span>
     <span class='ocr_line' id='line_1_5' title="bbox 123 363 1517 414; baseline -0.002 -6"><span class='ocrx_word' id='word_1_25' title='bbox 123 380 200 408; x_wconf 92' lang='lat' dir='ltr'>uos</span> <span class='ocrx_word' id='word_1_26' title='bbox 231 368 332 407; x_wconf 72' lang='lat' dir='ltr'>esub</span> <span class='ocrx_word' id='word_1_27' title='bbox 357 369 534 407; x_wconf 87' lang='lat' dir='ltr'>corona&#39;</span> <span class='ocrx_word' id='word_1_28' title='bbox 562 365 809 412; x_wconf 87' lang='lat' dir='ltr'>uenundari,</span> <span class='ocrx_word' id='word_1_29' title='bbox 846 365 959 414; x_wconf 89' lang='lat' dir='ltr'>quod</span> <span class='ocrx_word' id='word_1_30' title='bbox 987 363 1132 404; x_wconf 83' lang='lat' dir='ltr'>milites</span> <span class='ocrx_word' id='word_1_31' title='bbox 1155 365 1369 405; x_wconf 81' lang='lat' dir='ltr'>custodiae</span> <span class='ocrx_word' id='word_1_32' title='bbox 1391 376 1517 405; x_wconf 87' lang='lat' dir='ltr'>causa</span> 
     </span>
     <span class='ocr_line' id='line_1_6' title="bbox 125 420 1517 474; baseline -0.001 -11"><span class='ocrx_word' id='word_1_33' title='bbox 125 424 381 474; x_wconf 84' lang='lat' dir='ltr'>captiuorum</span> <span class='ocrx_word' id='word_1_34' title='bbox 415 421 622 461; x_wconf 89' lang='lat' dir='ltr'>uenalium</span> <span class='ocrx_word' id='word_1_35' title='bbox 659 432 808 471; x_wconf 82' lang='lat' dir='ltr'>greges</span> <span class='ocrx_word' id='word_1_36' title='bbox 839 420 1152 460; x_wconf 88' lang='lat' dir='ltr'>circumstarent</span> <span class='ocrx_word' id='word_1_37' title='bbox 1186 432 1319 470; x_wconf 81' lang='lat' dir='ltr'>eaque</span> <span class='ocrx_word' id='word_1_38' title='bbox 1349 421 1517 461; x_wconf 82' lang='lat' dir='ltr'>circum-</span> 
     </span>
    </p>

    <p class='ocr_par' dir='ltr' id='par_1_4' title="bbox 86 476 1519 637">
     <span class='ocr_line' id='line_1_7' title="bbox 86 476 1516 527; baseline -0.003 -7"><span class='ocrx_word' id='word_1_39' title='bbox 86 487 106 520; x_wconf 84' lang='lat'>5</span> <span class='ocrx_word' id='word_1_40' title='bbox 125 480 246 520; x_wconf 85' lang='lat' dir='ltr'>statio</span> <span class='ocrx_word' id='word_1_41' title='bbox 270 479 441 519; x_wconf 85' lang='lat' dir='ltr'>militum</span> <span class='ocrx_word' id='word_1_42' title='bbox 464 482 475 500; x_wconf 72' lang='lat'><strong><em>‘</em></strong></span> <span class='ocrx_word' id='word_1_43' title='bbox 490 481 671 517; x_wconf 86' lang='lat' dir='ltr'>corona&#39;</span> <span class='ocrx_word' id='word_1_44' title='bbox 695 478 901 527; x_wconf 85' lang='lat' dir='ltr'>appellata</span> <span class='ocrx_word' id='word_1_45' title='bbox 923 476 987 516; x_wconf 88' lang='lat' dir='ltr'>sit.</span> <span class='ocrx_word' id='word_1_46' title='bbox 1051 476 1134 516; x_wconf 86' lang='lat' dir='ltr'>Sed</span> <span class='ocrx_word' id='word_1_47' title='bbox 1155 476 1196 516; x_wconf 94' lang='lat' dir='ltr'>id</span> <span class='ocrx_word' id='word_1_48' title='bbox 1218 477 1348 527; x_wconf 87' lang='lat' dir='ltr'>magis</span> <span class='ocrx_word' id='word_1_49' title='bbox 1370 489 1516 517; x_wconf 87' lang='lat' dir='ltr'>uerum</span> 
     </span>
     <span class='ocr_line' id='line_1_8' title="bbox 125 531 1519 585; baseline -0.003 -9"><span class='ocrx_word' id='word_1_50' title='bbox 125 547 239 583; x_wconf 88' lang='lat' dir='ltr'>esse,</span> <span class='ocrx_word' id='word_1_51' title='bbox 271 536 382 585; x_wconf 87' lang='lat' dir='ltr'>quod</span> <span class='ocrx_word' id='word_1_52' title='bbox 405 546 531 584; x_wconf 87' lang='lat' dir='ltr'>supra</span> <span class='ocrx_word' id='word_1_53' title='bbox 552 533 653 581; x_wconf 74' lang='lat' dir='ltr'>dixi,</span> <span class='ocrx_word' id='word_1_54' title='bbox 681 535 734 573; x_wconf 88' lang='lat' dir='ltr'>M.</span> <span class='ocrx_word' id='word_1_55' title='bbox 765 534 883 572; x_wconf 89' lang='lat' dir='ltr'>Cato</span> <span class='ocrx_word' id='word_1_56' title='bbox 914 531 954 572; x_wconf 94' lang='lat' dir='ltr'>in</span> <span class='ocrx_word' id='word_1_57' title='bbox 976 532 1099 580; x_wconf 85' lang='lat' dir='ltr'>libro,</span> <span class='ocrx_word' id='word_1_58' title='bbox 1139 545 1261 582; x_wconf 86' lang='lat' dir='ltr'>quem</span> <span class='ocrx_word' id='word_1_59' title='bbox 1283 532 1519 584; x_wconf 83' lang='lat' dir='ltr'>composuit</span> 
     </span>
     <span class='ocr_line' id='line_1_9' title="bbox 125 590 675 637; baseline -0.005 -6"><span class='ocrx_word' id='word_1_60' title='bbox 125 593 181 631; x_wconf 91' lang='lat' dir='ltr'>de</span> <span class='ocrx_word' id='word_1_61' title='bbox 203 603 255 631; x_wconf 88' lang='lat' dir='ltr'>re</span> <span class='ocrx_word' id='word_1_62' title='bbox 277 590 506 637; x_wconf 89' lang='lat' dir='ltr'>militari,</span> <span class='ocrx_word' id='word_1_63' title='bbox 541 591 675 629; x_wconf 91' lang='lat' dir='ltr'>docet.</span> 
     </span>
    </p>

    <p class='ocr_par' dir='ltr' id='par_1_5' title="bbox 122 645 1519 807">
     <span class='ocr_line' id='line_1_10' title="bbox 208 645 1519 696; baseline -0.003 -9"><span class='ocrx_word' id='word_1_64' title='bbox 208 648 347 687; x_wconf 87' lang='lat' dir='ltr'>Verba</span> <span class='ocrx_word' id='word_1_65' title='bbox 378 652 474 686; x_wconf 86' lang='lat' dir='ltr'>sunt</span> <span class='ocrx_word' id='word_1_66' title='bbox 501 647 602 684; x_wconf 88' lang='lat' dir='ltr'>haec</span> <span class='ocrx_word' id='word_1_67' title='bbox 639 645 870 685; x_wconf 89' lang='lat' dir='ltr'>Catonis:</span> <span class='ocrx_word' id='word_1_68' title='bbox 911 646 977 683; x_wconf 91' lang='lat' dir='ltr'>Vt</span> <span class='ocrx_word' id='word_1_69' title='bbox 998 646 1222 696; x_wconf 83' lang='lat' dir='ltr'>populus</span> <span class='ocrx_word' id='word_1_70' title='bbox 1245 657 1335 685; x_wconf 91' lang='lat' dir='ltr'>sua</span> <span class='ocrx_word' id='word_1_71' title='bbox 1363 656 1519 694; x_wconf 83' lang='lat' dir='ltr'>opera</span> 
     </span>
     <span class='ocr_line' id='line_1_11' title="bbox 124 701 1517 755; baseline -0.004 -11"><span class='ocrx_word' id='word_1_72' title='bbox 124 704 301 755; x_wconf 88' lang='lat' dir='ltr'>potius</span> <span class='ocrx_word' id='word_1_73' title='bbox 337 703 395 743; x_wconf 88' lang='lat' dir='ltr'>ob</span> <span class='ocrx_word' id='word_1_74' title='bbox 428 713 529 741; x_wconf 91' lang='lat' dir='ltr'>rem</span> <span class='ocrx_word' id='word_1_75' title='bbox 559 703 687 740; x_wconf 89' lang='lat' dir='ltr'>bene</span> <span class='ocrx_word' id='word_1_76' title='bbox 711 706 905 750; x_wconf 87' lang='lat' dir='ltr'>gestam</span> <span class='ocrx_word' id='word_1_77' title='bbox 937 705 1226 740; x_wconf 88' lang='lat' dir='ltr'>coronatus</span> <span class='ocrx_word' id='word_1_78' title='bbox 1256 701 1517 752; x_wconf 88' lang='lat' dir='ltr'>supplica-</span> 
     </span>
     <span class='ocr_line' id='line_1_12' title="bbox 122 757 1440 807; baseline -0.003 -7"><span class='ocrx_word' id='word_1_79' title='bbox 122 766 225 800; x_wconf 86' lang='lat' dir='ltr'>tum</span> <span class='ocrx_word' id='word_1_80' title='bbox 247 765 348 807; x_wconf 86' lang='lat' dir='ltr'>eat,</span> <span class='ocrx_word' id='word_1_81' title='bbox 384 770 529 807; x_wconf 69' lang='lat' dir='ltr'>(mam</span> <span class='ocrx_word' id='word_1_82' title='bbox 555 769 606 797; x_wconf 89' lang='lat' dir='ltr'>re</span> <span class='ocrx_word' id='word_1_83' title='bbox 629 759 754 797; x_wconf 85' lang='lat' dir='ltr'>male</span> <span class='ocrx_word' id='word_1_84' title='bbox 779 763 926 807; x_wconf 85' lang='lat' dir='ltr'>gesta</span> <span class='ocrx_word' id='word_1_85' title='bbox 948 762 1230 797; x_wconf 89' lang='lat' dir='ltr'>coronatus</span> <span class='ocrx_word' id='word_1_86' title='bbox 1252 757 1440 797; x_wconf 90' lang='lat' dir='ltr'>ueniat.</span> 
     </span>
    </p>
   </div>
   <div class='ocr_carea' id='block_1_3' title="bbox 799 879 848 916">
    <p class='ocr_par' dir='ltr' id='par_1_6' title="bbox 799 879 848 916">
     <span class='ocr_line' id='line_1_13' title="bbox 799 879 848 916; baseline -0.02 0"><span class='ocrx_word' id='word_1_87' title='bbox 799 879 848 916; x_wconf 93' lang='lat' dir='ltr'>V.</span> 
     </span>
    </p>
   </div>
   <div class='ocr_carea' id='block_1_4' title="bbox 335 959 1295 1007">
    <p class='ocr_par' dir='ltr' id='par_1_7' title="bbox 335 959 1295 1007">
     <span class='ocr_line' id='line_1_14' title="bbox 335 959 1295 1007; baseline -0.004 -9"><span class='ocrx_word' id='word_1_88' title='bbox 335 962 501 998; x_wconf 77' lang='lat' dir='ltr'>Historia</span> <span class='ocrx_word' id='word_1_89' title='bbox 527 961 571 997; x_wconf 78' lang='lat' dir='ltr'>dc</span> <span class='ocrx_word' id='word_1_90' title='bbox 593 962 682 996; x_wconf 88' lang='lat' dir='ltr'>Polo</span> <span class='ocrx_word' id='word_1_91' title='bbox 704 960 906 1005; x_wconf 80' lang='lat' dir='ltr'>histrione,</span> <span class='ocrx_word' id='word_1_92' title='bbox 935 963 1145 995; x_wconf 82' lang='lat' dir='ltr'>memoratu</span> <span class='ocrx_word' id='word_1_93' title='bbox 1165 959 1295 1007; x_wconf 80' lang='lat' dir='ltr'>digna.</span> 
     </span>
    </p>
   </div>
   <div class='ocr_carea' id='block_1_5' title="bbox 89 1046 1518 1096">
    <p class='ocr_par' dir='ltr' id='par_1_8' title="bbox 89 1046 1518 1096">
     <span class='ocr_line' id='line_1_15' title="bbox 89 1046 1518 1096; baseline -0.001 -8"><span class='ocrx_word' id='word_1_94' title='bbox 89 1063 103 1095; x_wconf 87' lang='lat'><em>1</em></span> <span class='ocrx_word' id='word_1_95' title='bbox 207 1048 358 1089; x_wconf 86' lang='lat' dir='ltr'>Histrio</span> <span class='ocrx_word' id='word_1_96' title='bbox 382 1049 421 1088; x_wconf 90' lang='lat' dir='ltr'>in</span> <span class='ocrx_word' id='word_1_97' title='bbox 451 1054 560 1088; x_wconf 88' lang='lat' dir='ltr'>terra</span> <span class='ocrx_word' id='word_1_98' title='bbox 587 1046 757 1086; x_wconf 78' lang='lat' dir='ltr'>Graecia</span> <span class='ocrx_word' id='word_1_99' title='bbox 787 1046 859 1086; x_wconf 85' lang='lat' dir='ltr'>fuit</span> <span class='ocrx_word' id='word_1_100' title='bbox 891 1047 997 1085; x_wconf 87' lang='lat' dir='ltr'>fama</span> <span class='ocrx_word' id='word_1_101' title='bbox 1020 1046 1182 1093; x_wconf 82' lang='lat' dir='ltr'>celebri,</span> <span class='ocrx_word' id='word_1_102' title='bbox 1219 1046 1288 1096; x_wconf 88' lang='lat' dir='ltr'>qui</span> <span class='ocrx_word' id='word_1_103' title='bbox 1309 1051 1454 1096; x_wconf 84' lang='lat' dir='ltr'>gestus</span> <span class='ocrx_word' id='word_1_104' title='bbox 1477 1052 1518 1086; x_wconf 88' lang='lat' dir='ltr'>et</span> 
     </span>
    </p>
   </div>
   <div class='ocr_carea' id='block_1_6' title="bbox 84 1102 1578 1155">
    <p class='ocr_par' dir='ltr' id='par_1_9' title="bbox 84 1102 1578 1155">
     <span class='ocr_line' id='line_1_16' title="bbox 84 1102 1578 1155; baseline -0.002 -11"><span class='ocrx_word' id='word_1_105' title='bbox 84 1104 239 1152; x_wconf 80' lang='lat' dir='ltr'>2uocis</span> <span class='ocrx_word' id='word_1_106' title='bbox 282 1105 524 1144; x_wconf 78' lang='lat' dir='ltr'>claritudine</span> <span class='ocrx_word' id='word_1_107' title='bbox 561 1109 601 1143; x_wconf 91' lang='lat' dir='ltr'>et</span> <span class='ocrx_word' id='word_1_108' title='bbox 639 1108 858 1143; x_wconf 88' lang='lat' dir='ltr'>uenustate</span> <span class='ocrx_word' id='word_1_109' title='bbox 896 1102 1044 1142; x_wconf 87' lang='lat' dir='ltr'>ceteris</span> <span class='ocrx_word' id='word_1_110' title='bbox 1081 1102 1321 1142; x_wconf 81' lang='lat' dir='ltr'>antistabat:</span> <span class='ocrx_word' id='word_1_111' title='bbox 1367 1114 1517 1142; x_wconf 87' lang='lat' dir='ltr'>nomen</span> <span class='ocrx_word' id='word_1_112' title='bbox 1576 1152 1578 1155; x_wconf 17' lang='lat' dir='ltr'>v</span> 
     </span>
    </p>
   </div>
   <div class='ocr_carea' id='block_1_7' title="bbox 83 1158 1560 1768">
    <p class='ocr_par' dir='ltr' id='par_1_10' title="bbox 83 1158 1560 1768">
     <span class='ocr_line' id='line_1_17' title="bbox 125 1158 1518 1209; baseline -0.002 -9"><span class='ocrx_word' id='word_1_113' title='bbox 125 1161 253 1200; x_wconf 84' lang='lat' dir='ltr'>fuisse</span> <span class='ocrx_word' id='word_1_114' title='bbox 284 1161 575 1208; x_wconf 81' lang='lat' dir='ltr'>aiuntP01um3</span> <span class='ocrx_word' id='word_1_115' title='bbox 609 1159 841 1209; x_wconf 80' lang='lat' dir='ltr'>tragoedias</span> <span class='ocrx_word' id='word_1_116' title='bbox 867 1163 1085 1209; x_wconf 85' lang='lat' dir='ltr'>poetarum</span> <span class='ocrx_word' id='word_1_117' title='bbox 1105 1158 1301 1199; x_wconf 84' lang='lat' dir='ltr'>nobilium</span> <span class='ocrx_word' id='word_1_118' title='bbox 1329 1158 1431 1198; x_wconf 92' lang='lat' dir='ltr'>scite</span> <span class='ocrx_word' id='word_1_119' title='bbox 1461 1163 1518 1198; x_wconf 87' lang='lat' dir='ltr'>at-</span> 
     </span>
     <span class='ocr_line' id='line_1_18' title="bbox 84 1214 1517 1266; baseline -0.002 -10"><span class='ocrx_word' id='word_1_120' title='bbox 84 1229 106 1264; x_wconf 86' lang='lat'><strong>3</strong></span> <span class='ocrx_word' id='word_1_121' title='bbox 124 1229 203 1266; x_wconf 85' lang='lat' dir='ltr'>que</span> <span class='ocrx_word' id='word_1_122' title='bbox 223 1222 463 1256; x_wconf 87' lang='lat' dir='ltr'>asseuerate</span> <span class='ocrx_word' id='word_1_123' title='bbox 479 1215 673 1256; x_wconf 88' lang='lat' dir='ltr'>actitauit.</span> <span class='ocrx_word' id='word_1_124' title='bbox 704 1217 741 1254; x_wconf 84' lang='lat' dir='ltr'>Is</span> <span class='ocrx_word' id='word_1_125' title='bbox 760 1217 884 1255; x_wconf 90' lang='lat' dir='ltr'>Polus</span> <span class='ocrx_word' id='word_1_126' title='bbox 904 1214 1025 1254; x_wconf 91' lang='lat' dir='ltr'>unice</span> <span class='ocrx_word' id='word_1_127' title='bbox 1043 1220 1221 1255; x_wconf 88' lang='lat' dir='ltr'>amatum</span> <span class='ocrx_word' id='word_1_128' title='bbox 1241 1214 1367 1254; x_wconf 89' lang='lat' dir='ltr'>filium</span> <span class='ocrx_word' id='word_1_129' title='bbox 1384 1220 1517 1254; x_wconf 88' lang='lat' dir='ltr'>morte</span> 
     </span>
     <span class='ocr_line' id='line_1_19' title="bbox 83 1270 1516 1321; baseline -0.002 -9"><span class='ocrx_word' id='word_1_130' title='bbox 83 1272 268 1318; x_wconf 75' lang='lat' dir='ltr'>4amisit.</span> <span class='ocrx_word' id='word_1_131' title='bbox 329 1274 432 1312; x_wconf 89' lang='lat' dir='ltr'>Eum</span> <span class='ocrx_word' id='word_1_132' title='bbox 462 1274 614 1312; x_wconf 88' lang='lat' dir='ltr'>luctum</span> <span class='ocrx_word' id='word_1_133' title='bbox 644 1271 838 1321; x_wconf 86' lang='lat' dir='ltr'>quoniam</span> <span class='ocrx_word' id='word_1_134' title='bbox 872 1270 971 1310; x_wconf 89' lang='lat' dir='ltr'>satis</span> <span class='ocrx_word' id='word_1_135' title='bbox 996 1271 1112 1311; x_wconf 89' lang='lat' dir='ltr'>uisus</span> <span class='ocrx_word' id='word_1_136' title='bbox 1135 1277 1199 1311; x_wconf 88' lang='lat' dir='ltr'>est</span> <span class='ocrx_word' id='word_1_137' title='bbox 1225 1271 1427 1318; x_wconf 85' lang='lat' dir='ltr'>eluxisse,</span> <span class='ocrx_word' id='word_1_138' title='bbox 1456 1282 1516 1310; x_wconf 87' lang='lat' dir='ltr'>re-</span> 
     </span>
     <span class='ocr_line' id='line_1_20' title="bbox 85 1326 1516 1378; baseline -0.001 -11"><span class='ocrx_word' id='word_1_139' title='bbox 85 1342 105 1374; x_wconf 82' lang='lat'>5</span> <span class='ocrx_word' id='word_1_140' title='bbox 123 1329 194 1367; x_wconf 89' lang='lat' dir='ltr'>diit</span> <span class='ocrx_word' id='word_1_141' title='bbox 222 1329 274 1367; x_wconf 90' lang='lat' dir='ltr'>ad</span> <span class='ocrx_word' id='word_1_142' title='bbox 303 1333 520 1378; x_wconf 85' lang='lat' dir='ltr'>quaestum</span> <span class='ocrx_word' id='word_1_143' title='bbox 549 1328 659 1366; x_wconf 88' lang='lat' dir='ltr'>artis.</span> <span class='ocrx_word' id='word_1_144' title='bbox 729 1329 771 1365; x_wconf 90' lang='lat' dir='ltr'>ln</span> <span class='ocrx_word' id='word_1_145' title='bbox 809 1338 857 1366; x_wconf 91' lang='lat' dir='ltr'>eo</span> <span class='ocrx_word' id='word_1_146' title='bbox 893 1332 1079 1375; x_wconf 87' lang='lat' dir='ltr'>tempore</span> <span class='ocrx_word' id='word_1_147' title='bbox 1106 1326 1280 1366; x_wconf 87' lang='lat' dir='ltr'>Athenis</span> <span class='ocrx_word' id='word_1_148' title='bbox 1311 1328 1516 1366; x_wconf 86' lang='lat' dir='ltr'>Electram</span> 
     </span>
     <span class='ocr_line' id='line_1_21' title="bbox 123 1382 1517 1433; baseline -0.001 -9"><span class='ocrx_word' id='word_1_149' title='bbox 123 1384 400 1433; x_wconf 83' lang='lat' dir='ltr'>Sophoclis</span> <span class='ocrx_word' id='word_1_150' title='bbox 430 1389 595 1423; x_wconf 89' lang='lat' dir='ltr'>acturus</span> <span class='ocrx_word' id='word_1_151' title='bbox 623 1389 785 1431; x_wconf 84' lang='lat' dir='ltr'>gestare</span> <span class='ocrx_word' id='word_1_152' title='bbox 814 1391 958 1421; x_wconf 89' lang='lat' dir='ltr'>urnam</span> <span class='ocrx_word' id='word_1_153' title='bbox 985 1383 1103 1431; x_wconf 87' lang='lat' dir='ltr'>quasi</span> <span class='ocrx_word' id='word_1_154' title='bbox 1134 1393 1226 1421; x_wconf 91' lang='lat' dir='ltr'>cum</span> <span class='ocrx_word' id='word_1_155' title='bbox 1259 1382 1393 1422; x_wconf 86' lang='lat' dir='ltr'>Oresti</span> <span class='ocrx_word' id='word_1_156' title='bbox 1414 1382 1517 1422; x_wconf 86' lang='lat' dir='ltr'>ossi-</span> 
     </span>
     <span class='ocr_line' id='line_1_22' title="bbox 84 1438 1518 1488; baseline -0.001 -10"><span class='ocrx_word' id='word_1_157' title='bbox 84 1441 198 1487; x_wconf 74' lang='lat' dir='ltr'>ssbus</span> <span class='ocrx_word' id='word_1_158' title='bbox 231 1440 419 1479; x_wconf 85' lang='lat' dir='ltr'>debebat.</span> <span class='ocrx_word' id='word_1_159' title='bbox 480 1441 540 1478; x_wconf 86' lang='lat' dir='ltr'>Ita</span> <span class='ocrx_word' id='word_1_160' title='bbox 563 1438 836 1488; x_wconf 85' lang='lat' dir='ltr'>compositum</span> <span class='ocrx_word' id='word_1_161' title='bbox 864 1438 1025 1476; x_wconf 89' lang='lat' dir='ltr'>fabulae</span> <span class='ocrx_word' id='word_1_162' title='bbox 1053 1443 1339 1487; x_wconf 84' lang='lat' dir='ltr'>argumentum</span> <span class='ocrx_word' id='word_1_163' title='bbox 1361 1443 1442 1487; x_wconf 89' lang='lat' dir='ltr'>est,</span> <span class='ocrx_word' id='word_1_164' title='bbox 1472 1443 1518 1478; x_wconf 91' lang='lat' dir='ltr'>ut</span> 
     </span>
     <span class='ocr_line' id='line_1_23' title="bbox 121 1494 1516 1544; baseline -0.001 -8"><span class='ocrx_word' id='word_1_165' title='bbox 121 1495 248 1536; x_wconf 88' lang='lat' dir='ltr'>ueluti</span> <span class='ocrx_word' id='word_1_166' title='bbox 278 1495 413 1534; x_wconf 83' lang='lat' dir='ltr'>fratris</span> <span class='ocrx_word' id='word_1_167' title='bbox 448 1495 641 1544; x_wconf 85' lang='lat' dir='ltr'>reliquias</span> <span class='ocrx_word' id='word_1_168' title='bbox 673 1496 809 1533; x_wconf 72' lang='lat' dir='ltr'>ferens</span> <span class='ocrx_word' id='word_1_169' title='bbox 846 1495 1007 1534; x_wconf 85' lang='lat' dir='ltr'>Electra</span> <span class='ocrx_word' id='word_1_170' title='bbox 1038 1496 1267 1544; x_wconf 85' lang='lat' dir='ltr'>comploret</span> <span class='ocrx_word' id='word_1_171' title='bbox 1303 1494 1516 1535; x_wconf 88' lang='lat' dir='ltr'>commise-</span> 
     </span>
     <span class='ocr_line' id='line_1_24' title="bbox 85 1549 1515 1601; baseline -0.001 -9"><span class='ocrx_word' id='word_1_172' title='bbox 85 1563 105 1598; x_wconf 90' lang='lat'>7</span> <span class='ocrx_word' id='word_1_173' title='bbox 122 1558 341 1601; x_wconf 65' lang='lat' dir='ltr'>reatui-que</span> <span class='ocrx_word' id='word_1_174' title='bbox 362 1551 567 1591; x_wconf 87' lang='lat' dir='ltr'>interitum</span> <span class='ocrx_word' id='word_1_175' title='bbox 593 1550 680 1590; x_wconf 84' lang='lat' dir='ltr'>eius</span> <span class='ocrx_word' id='word_1_176' title='bbox 703 1555 717 1598; x_wconf 96' lang='lat'>[</span> <span class='ocrx_word' id='word_1_177' title='bbox 721 1580 877 1589; x_wconf 89' lang='grc'><strong>......</strong></span> <span class='ocrx_word' id='word_1_178' title='bbox 881 1554 895 1598; x_wconf 94' lang='grc'>]</span> <span class='ocrx_word' id='word_1_179' title='bbox 922 1549 1190 1591; x_wconf 85' lang='lat' dir='ltr'>existimatur.</span> <span class='ocrx_word' id='word_1_180' title='bbox 1232 1550 1358 1600; x_wconf 82' lang='lat' dir='ltr'>Igitur</span> <span class='ocrx_word' id='word_1_181' title='bbox 1375 1551 1515 1598; x_wconf 88' lang='lat' dir='ltr'>Polus,</span> 
     </span>
     <span class='ocr_line' id='line_1_25' title="bbox 122 1606 1517 1658; baseline -0.001 -12"><span class='ocrx_word' id='word_1_182' title='bbox 122 1608 283 1658; x_wconf 87' lang='lat' dir='ltr'>lugubri</span> <span class='ocrx_word' id='word_1_183' title='bbox 305 1607 445 1646; x_wconf 87' lang='lat' dir='ltr'>habitu</span> <span class='ocrx_word' id='word_1_184' title='bbox 467 1608 656 1646; x_wconf 88' lang='lat' dir='ltr'>Electrae</span> <span class='ocrx_word' id='word_1_185' title='bbox 680 1606 868 1653; x_wconf 88' lang='lat' dir='ltr'>indutus,</span> <span class='ocrx_word' id='word_1_186' title='bbox 901 1617 999 1645; x_wconf 87' lang='lat' dir='ltr'>ossa</span> <span class='ocrx_word' id='word_1_187' title='bbox 1021 1611 1146 1656; x_wconf 85' lang='lat' dir='ltr'>atque</span> <span class='ocrx_word' id='word_1_188' title='bbox 1166 1618 1310 1646; x_wconf 89' lang='lat' dir='ltr'>urnam</span> <span class='ocrx_word' id='word_1_189' title='bbox 1335 1618 1358 1646; x_wconf 93' lang='lat' dir='ltr'>e</span> <span class='ocrx_word' id='word_1_190' title='bbox 1381 1607 1517 1657; x_wconf 91' lang='lat' dir='ltr'>sepul-</span> 
     </span>
     <span class='ocr_line' id='line_1_26' title="bbox 123 1662 1560 1713; baseline -0.001 -10"><span class='ocrx_word' id='word_1_191' title='bbox 123 1675 192 1704; x_wconf 88' lang='lat' dir='ltr'>cro</span> <span class='ocrx_word' id='word_1_192' title='bbox 214 1663 304 1703; x_wconf 90' lang='lat' dir='ltr'>tulit</span> <span class='ocrx_word' id='word_1_193' title='bbox 327 1663 396 1702; x_wconf 87' lang='lat' dir='ltr'>filii</span> <span class='ocrx_word' id='word_1_194' title='bbox 417 1668 477 1711; x_wconf 87' lang='lat' dir='ltr'>ct,</span> <span class='ocrx_word' id='word_1_195' title='bbox 508 1663 625 1712; x_wconf 82' lang='lat' dir='ltr'>quasi</span> <span class='ocrx_word' id='word_1_196' title='bbox 647 1663 781 1702; x_wconf 86' lang='lat' dir='ltr'>Oresti</span> <span class='ocrx_word' id='word_1_197' title='bbox 802 1663 1037 1712; x_wconf 86' lang='lat' dir='ltr'>amplexus,</span> <span class='ocrx_word' id='word_1_198' title='bbox 1069 1662 1253 1713; x_wconf 86' lang='lat' dir='ltr'>oppleuit</span> <span class='ocrx_word' id='word_1_199' title='bbox 1275 1663 1412 1702; x_wconf 86' lang='lat' dir='ltr'>omnia</span> <span class='ocrx_word' id='word_1_200' title='bbox 1432 1673 1516 1702; x_wconf 90' lang='lat' dir='ltr'>non</span> <span class='ocrx_word' id='word_1_201' title='bbox 1558 1668 1560 1670; x_wconf 84' lang='grc'><em>“</em></span> 
     </span>
     <span class='ocr_line' id='line_1_27' title="bbox 122 1718 1514 1768; baseline -0.002 -8"><span class='ocrx_word' id='word_1_202' title='bbox 122 1719 350 1760; x_wconf 86' lang='lat' dir='ltr'>simulacris</span> <span class='ocrx_word' id='word_1_203' title='bbox 371 1730 508 1768; x_wconf 85' lang='lat' dir='ltr'>neque</span> <span class='ocrx_word' id='word_1_204' title='bbox 525 1718 798 1767; x_wconf 88' lang='lat' dir='ltr'>imitamentis,</span> <span class='ocrx_word' id='word_1_205' title='bbox 821 1719 897 1758; x_wconf 90' lang='lat' dir='ltr'>sed</span> <span class='ocrx_word' id='word_1_206' title='bbox 917 1719 1027 1757; x_wconf 89' lang='lat' dir='ltr'>luctu</span> <span class='ocrx_word' id='word_1_207' title='bbox 1049 1723 1174 1767; x_wconf 88' lang='lat' dir='ltr'>atque</span> <span class='ocrx_word' id='word_1_208' title='bbox 1194 1718 1381 1758; x_wconf 88' lang='lat' dir='ltr'>lamentis</span> <span class='ocrx_word' id='word_1_209' title='bbox 1403 1718 1514 1758; x_wconf 89' lang='lat' dir='ltr'>ueris</span> 
     </span>
    </p>
   </div>
   <div class='ocr_carea' id='block_1_8' title="bbox 16 1773 1515 1826">
    <p class='ocr_par' dir='ltr' id='par_1_11' title="bbox 16 1773 1515 1826">
     <span class='ocr_line' id='line_1_28' title="bbox 16 1773 1515 1826; baseline -0.001 -10"><span class='ocrx_word' id='word_1_210' title='bbox 16 1776 19 1803; x_wconf 72' lang='grc' dir='ltr'><strong>ἴ</strong></span> <span class='ocrx_word' id='word_1_211' title='bbox 81 1788 104 1822; x_wconf 81' lang='lat'>8</span> <span class='ocrx_word' id='word_1_212' title='bbox 122 1782 162 1816; x_wconf 86' lang='lat' dir='ltr'>et</span> <span class='ocrx_word' id='word_1_213' title='bbox 182 1775 446 1826; x_wconf 85' lang='lat' dir='ltr'>spirantibus.</span> <span class='ocrx_word' id='word_1_214' title='bbox 509 1777 651 1824; x_wconf 86' lang='lat' dir='ltr'>Itaque</span> <span class='ocrx_word' id='word_1_215' title='bbox 669 1786 760 1814; x_wconf 91' lang='lat' dir='ltr'>cum</span> <span class='ocrx_word' id='word_1_216' title='bbox 778 1775 842 1824; x_wconf 84' lang='lat' dir='ltr'>agi</span> <span class='ocrx_word' id='word_1_217' title='bbox 860 1775 994 1813; x_wconf 88' lang='lat' dir='ltr'>sabula</span> <span class='ocrx_word' id='word_1_218' title='bbox 1013 1773 1237 1823; x_wconf 88' lang='lat' dir='ltr'>uideretur,</span> <span class='ocrx_word' id='word_1_219' title='bbox 1263 1775 1383 1815; x_wconf 91' lang='lat' dir='ltr'>dolor</span> <span class='ocrx_word' id='word_1_220' title='bbox 1399 1779 1515 1814; x_wconf 83' lang='lat' dir='ltr'>actus</span> 
     </span>
    </p>
   </div>
   <div class='ocr_carea' id='block_1_9' title="bbox 122 1838 1467 2128">
    <p class='ocr_par' dir='ltr' id='par_1_12' title="bbox 122 1838 1467 2128">
     <span class='ocr_line' id='line_1_29' title="bbox 122 1838 198 1872; baseline -0.013 -1"><span class='ocrx_word' id='word_1_221' title='bbox 122 1838 198 1872; x_wconf 78' lang='lat' dir='ltr'>est.</span> 
     </span>
     <span class='ocr_line' id='line_1_30' title="bbox 785 1943 855 1984; baseline -0.029 0"><span class='ocrx_word' id='word_1_222' title='bbox 785 1943 855 1984; x_wconf 85' lang='lat' dir='ltr'>Vl.</span> 
     </span>
     <span class='ocr_line' id='line_1_31' title="bbox 168 2025 1467 2072; baseline 0.002 -11"><span class='ocrx_word' id='word_1_223' title='bbox 168 2025 265 2069; x_wconf 82' lang='lat' dir='ltr'>Quid</span> <span class='ocrx_word' id='word_1_224' title='bbox 289 2025 335 2061; x_wconf 88' lang='lat' dir='ltr'>de</span> <span class='ocrx_word' id='word_1_225' title='bbox 361 2025 597 2072; x_wconf 85' lang='lat' dir='ltr'>quorundam</span> <span class='ocrx_word' id='word_1_226' title='bbox 621 2037 800 2062; x_wconf 80' lang='lat' dir='ltr'>sensuum</span> <span class='ocrx_word' id='word_1_227' title='bbox 830 2027 989 2062; x_wconf 87' lang='lat' dir='ltr'>naturali</span> <span class='ocrx_word' id='word_1_228' title='bbox 1011 2025 1221 2062; x_wconf 82' lang='lat' dir='ltr'>desectione</span> <span class='ocrx_word' id='word_1_229' title='bbox 1243 2025 1467 2063; x_wconf 79' lang='lat' dir='ltr'>Ar1stoteles</span> 
     </span>
     <span class='ocr_line' id='line_1_32' title="bbox 721 2082 923 2128; baseline 0 -11"><span class='ocrx_word' id='word_1_230' title='bbox 721 2082 923 2128; x_wconf 87' lang='lat' dir='ltr'>scripserit.</span> 
     </span>
    </p>
   </div>
   <div class='ocr_carea' id='block_1_10' title="bbox 85 2165 1565 2330">
    <p class='ocr_par' dir='ltr' id='par_1_13' title="bbox 85 2165 1565 2330">
     <span class='ocr_line' id='line_1_33' title="bbox 85 2165 1512 2217; baseline -0.001 -10"><span class='ocrx_word' id='word_1_231' title='bbox 85 2175 103 2207; x_wconf 91' lang='grc'>1</span> <span class='ocrx_word' id='word_1_232' title='bbox 204 2168 265 2206; x_wconf 88' lang='lat' dir='ltr'>Ex</span> <span class='ocrx_word' id='word_1_233' title='bbox 294 2167 475 2217; x_wconf 83' lang='lat' dir='ltr'>quinque</span> <span class='ocrx_word' id='word_1_234' title='bbox 499 2168 560 2208; x_wconf 91' lang='lat' dir='ltr'>his</span> <span class='ocrx_word' id='word_1_235' title='bbox 584 2168 796 2216; x_wconf 88' lang='lat' dir='ltr'>sensibus,</span> <span class='ocrx_word' id='word_1_236' title='bbox 829 2178 934 2217; x_wconf 91' lang='lat' dir='ltr'>quos</span> <span class='ocrx_word' id='word_1_237' title='bbox 963 2165 1236 2205; x_wconf 88' lang='lat' dir='ltr'>animantibus</span> <span class='ocrx_word' id='word_1_238' title='bbox 1269 2170 1415 2206; x_wconf 87' lang='lat' dir='ltr'>natura</span> <span class='ocrx_word' id='word_1_239' title='bbox 1443 2166 1512 2205; x_wconf 89' lang='lat' dir='ltr'>tri-</span> 
     </span>
     <span class='ocr_line' id='line_1_34' title="bbox 119 2221 1565 2273; baseline -0.001 -12"><span class='ocrx_word' id='word_1_240' title='bbox 119 2222 222 2270; x_wconf 85' lang='lat' dir='ltr'>buit,</span> <span class='ocrx_word' id='word_1_241' title='bbox 248 2223 362 2271; x_wconf 88' lang='lat' dir='ltr'>uisu,</span> <span class='ocrx_word' id='word_1_242' title='bbox 384 2223 536 2271; x_wconf 86' lang='lat' dir='ltr'>auditu,</span> <span class='ocrx_word' id='word_1_243' title='bbox 558 2230 701 2273; x_wconf 88' lang='lat' dir='ltr'>gustu,</span> <span class='ocrx_word' id='word_1_244' title='bbox 722 2228 853 2270; x_wconf 87' lang='lat' dir='ltr'>tactu,</span> <span class='ocrx_word' id='word_1_245' title='bbox 887 2223 1083 2270; x_wconf 85' lang='lat' dir='ltr'>odoratu,</span> <span class='ocrx_word' id='word_1_246' title='bbox 1117 2232 1220 2271; x_wconf 88' lang='lat' dir='ltr'>quas</span> <span class='ocrx_word' id='word_1_247' title='bbox 1251 2221 1395 2261; x_wconf 86' lang='lat' dir='ltr'>Graeci</span> <span class='ocrx_word' id='word_1_248' title='bbox 1427 2221 1511 2261; x_wconf 68' lang='lat' dir='ltr'>‘occ-</span> <span class='ocrx_word' id='word_1_249' title='bbox 1559 2249 1565 2255; x_wconf 87' lang='lat'><strong>.</strong></span> 
     </span>
     <span class='ocr_line' id='line_1_35' title="bbox 120 2275 1517 2330; baseline -0.001 -12"><span class='ocrx_word' id='word_1_250' title='bbox 120 2275 328 2330; x_wconf 81' lang='grc' dir='ltr'><strong><em>σθήσεις’</em></strong></span> <span class='ocrx_word' id='word_1_251' title='bbox 353 2281 578 2328; x_wconf 78' lang='lat' dir='ltr'>appellant,</span> <span class='ocrx_word' id='word_1_252' title='bbox 613 2281 813 2329; x_wconf 81' lang='lat' dir='ltr'>quaedam</span> <span class='ocrx_word' id='word_1_253' title='bbox 835 2277 1067 2318; x_wconf 87' lang='lat' dir='ltr'>animalium</span> <span class='ocrx_word' id='word_1_254' title='bbox 1092 2277 1171 2316; x_wconf 86' lang='lat' dir='ltr'>alia</span> <span class='ocrx_word' id='word_1_255' title='bbox 1200 2276 1280 2318; x_wconf 86' lang='lat' dir='ltr'>alio</span> <span class='ocrx_word' id='word_1_256' title='bbox 1304 2282 1445 2317; x_wconf 81' lang='lat' dir='ltr'>carent</span> <span class='ocrx_word' id='word_1_257' title='bbox 1475 2281 1517 2316; x_wconf 84' lang='lat' dir='ltr'>et</span> 
     </span>
    </p>
   </div>
   <div class='ocr_carea' id='block_1_11' title="bbox 1542 693 1619 2476">
    <p class='ocr_par' dir='ltr' id='par_1_14' title="bbox 1542 693 1619 2476">
     <span class='ocr_line' id='line_1_36' title="bbox 1542 693 1619 2476; baseline 0 0"><span class='ocrx_word' id='word_1_258' title='bbox 1542 693 1619 2476; x_wconf 95' lang='lat' dir='ltr'> </span> 
     </span>
    </p>
   </div>
  </div>
 </body>
</html>
