1619 2476
79 14 136 55 24
603 15 652 53 X.
681 25 785 53 xxm
805 25 928 53 xxm.

20 133 69 169 24
165 129 278 167 Haec
299 128 441 166 Plato
464 126 542 165 sub
563 137 746 176 persona
767 126 954 175 quidem,
976 127 1099 167 sicuti
1115 127 1219 177 dixi,
1242 139 1328 168 non
1344 129 1488 179 proba,

80 191 144 226 set
165 196 257 224 cum
278 194 407 222 sensu
422 187 560 221 tamen
582 182 970 232 intellegentiaeque
987 184 1219 227 communis
1240 184 1324 224 fide
1341 189 1382 224 et
1398 196 1489 225 cum

81 241 260 291 quadam
276 237 607 278 indissimulabili
626 237 800 277 ueritate
827 237 1043 288 disseruit,
1065 251 1150 280 non
1170 240 1225 280 de
1244 239 1314 281 illa
1333 241 1490 282 scilicet

79 294 362 347 philosophia,
399 305 506 344 quae
538 294 736 334 uirtutum
763 295 945 336 omnium
967 295 1187 346 disciplina
1207 302 1271 338 est
1297 308 1490 348 quaeque

78 354 119 393 in
147 351 322 404 publicis
351 350 469 391 simul
501 356 542 390 et
573 350 746 401 priuatis
778 351 928 392 officiis
958 352 1122 393 excellit
1149 353 1421 404 ciuitatesque
1449 358 1491 393 et

78 408 394 460 rempublicam,
425 407 460 448 si
482 407 580 448 nihil
602 407 840 459 prohibeat,
872 413 1133 458 constanter,
1165 409 1325 450 fortiter
1348 415 1389 450 et
1418 420 1490 461 pc-

78 466 155 506 rite
175 464 450 513 administrat,
494 466 570 505 sed
592 466 644 504 de
671 465 751 505 ista
773 464 892 505 futtili
913 471 1038 516 atque
1057 465 1204 516 puerili
1224 465 1490 507 meditatione

79 522 352 572 argutiarum,
392 521 489 561 nihil
517 522 570 560 ad
598 522 724 562 uitam
752 533 889 572 neque
915 523 1114 562 tuendam
1141 533 1279 573 neque
1301 522 1491 564 ordinan-

80 580 175 618 dam
205 583 500 629 promouente‚
539 578 580 617 in
611 590 692 628 qua
721 578 762 617 id
791 589 925 628 genus
955 578 1146 619 homines
1182 583 1493 620 consenescunt

78 637 185 675 male
217 634 367 682 feriati,
414 646 521 684 quos
551 634 826 684 philosophos
862 646 959 675 esse
985 640 1026 674 et
1054 637 1207 686 uulgus
1240 640 1358 686 putat
1387 640 1429 676 et
1454 635 1491 675 is

77 692 266 743 putabat,
292 702 343 730 ex
365 691 482 730 cuius
504 701 686 741 persona
711 692 814 731 haec
837 691 946 731 dicta
968 697 1078 731 sunt.

715 804 860 844 XXIII.

78 887 208 923 Verba
233 897 280 921 ex
303 887 474 922 oratione
492 887 543 922 M.
569 886 719 923 Catonis
742 886 789 922 de
814 887 1014 922 mulierum
1040 891 1208 923 ueterum
1231 887 1332 923 uictu
1355 890 1392 922 et
1414 897 1494 922 mo-

136 944 263 987 ribus;
295 947 405 990 atque
431 944 543 988 inibi,
581 943 683 990 quod
706 943 816 978 suerit
840 942 897 979 ius
920 943 1054 979 marito
1077 944 1115 979 in
1132 943 1314 979 adulterio
1335 953 1493 979 uxorem

139 999 417 1046 deprehensam
438 1011 591 1036 necare.

41 1091 61 1124 1
161 1086 238 1136 Qui
280 1087 340 1126 de
374 1086 517 1126 uictu
555 1093 707 1137 atque
745 1089 885 1127 cultu
925 1086 1104 1138 populi
1141 1084 1352 1127 Romani
1393 1085 1493 1126 scri-

78 1144 272 1190 bserunt,
308 1143 502 1183 mulieres
524 1145 682 1184 Romae
704 1148 829 1194 atque
851 1144 890 1183 in
908 1144 1023 1184 Latio
1047 1148 1242 1184 ‘aetatem
1268 1142 1492 1182 abstemias

80 1199 250 1249 egisse'‚
274 1200 353 1239 hoc
375 1205 439 1239 est
460 1200 557 1240 uino
581 1211 765 1250 semper,
794 1201 908 1250 quod
930 1202 1173 1240 ‘temetum’
1196 1199 1336 1250 prisca
1354 1198 1492 1248 lingua

79 1256 384 1305 appellabatur,
405 1256 658 1296 abstinuisse
681 1255 841 1304 dicunt,
871 1256 1206 1305 institutumque,
1234 1260 1281 1294 ut
1301 1254 1491 1304 cognatis

80 1312 269 1352 osculum
292 1313 447 1351 ferrent
467 1311 807 1362 deprehendendi
832 1323 979 1359 causa,
1014 1317 1061 1351 ut
1085 1312 1192 1351 odor
1218 1309 1415 1350 indicium
1436 1311 1492 1349 fa-

40 1365 216 1419 2ceret,
260 1367 294 1407 si
328 1367 543 1408 bibissent.
603 1367 753 1407 Bibere
788 1372 925 1407 autem
966 1367 1111 1407 solitas
1151 1367 1288 1407 serunt
1321 1368 1491 1414 loream,

79 1434 272 1474 passum,
296 1423 518 1463 murrinam
541 1429 582 1464 et
605 1435 712 1473 quae
732 1423 772 1463 id
795 1434 928 1473 genus
952 1428 1093 1463 extant
1123 1427 1226 1473 potu
1249 1422 1398 1464 dulcia.
1420 1425 1492 1462 At-

82 1491 163 1530 que
191 1480 294 1520 haec
324 1480 491 1530 quidem
520 1480 567 1520 in
594 1480 690 1528 his,
739 1480 889 1530 quibus
920 1479 1022 1528 dixi,
1061 1479 1212 1520 libris
1247 1480 1493 1530 peruulgata

41 1534 65 1569 3
82 1540 196 1583 sunt,
217 1537 292 1576 sed
309 1537 511 1577 Marcus
536 1538 656 1577 Cato
678 1548 761 1577 non
784 1538 919 1577 solum
941 1536 1217 1584 existimatus,
1246 1541 1312 1576 set
1331 1541 1373 1576 et
1392 1536 1492 1575 mul·

79 1598 186 1632 tatas
210 1604 379 1642 quoque
410 1604 433 1632 a
461 1593 597 1633 iudice
626 1593 819 1633 mulieres
849 1594 977 1633 refert
996 1604 1080 1633 non
1103 1592 1259 1641 minus,
1294 1592 1331 1633 si
1349 1592 1491 1632 uinum

78 1649 119 1688 in
142 1660 209 1696 se,
234 1661 357 1698 quam
379 1650 414 1689 si
434 1651 633 1700 probrum
656 1655 697 1689 et
718 1649 963 1689 adulterium
986 1648 1267 1689 admisissent.

41 1704 65 1738 4
164 1707 305 1745 Verba
340 1707 496 1746 Marci
532 1706 739 1747 Catonis
775 1705 979 1745 adscribsi
999 1717 1053 1745 ex
1091 1704 1348 1751 oratione,
1386 1714 1492 1753 quae

81 1761 317 1802 inscribitur
344 1763 404 1802 de
427 1764 568 1814 dote,
598 1763 638 1802 in
662 1774 744 1812 qua
767 1762 809 1801 id
832 1773 1002 1811 quoque
1027 1761 1305 1810 (in)scribtum
1331 1764 1417 1807 est,
1450 1759 1491 1798 in

83 1818 283 1859 adulterio
328 1831 484 1859 uxores
529 1819 813 1869 deprehensas
854 1818 918 1858 ius
955 1818 1085 1858 fuisse
1125 1816 1280 1856 maritis
1317 1826 1490 1855 necare:

81 1874 190 1922 Vir,
237 1875 389 1925 inquit,
428 1887 539 1915 cum
578 1875 861 1915 diuortium
908 1874 1053 1922 fecit,
1092 1872 1296 1913 mulieri
1334 1872 1493 1912 iudex

81 1941 176 1979 pro
206 1942 426 1973 censore
455 1938 552 1979 est,
582 1931 865 1982 imperium,
897 1931 1032 1981 quod
1058 1930 1288 1976 uidetur,
1318 1928 1492 1975 habet;

83 1985 125 2024 si
154 1987 274 2035 quid
304 1999 555 2037 peruerse
581 1993 855 2037 taetreque
879 1989 1068 2026 factum
1096 1990 1174 2026 est
1204 1996 1228 2025 a
1255 1984 1493 2031 muliere,

80 2043 397 2091 multitatur;
442 2044 485 2084 si
529 2044 700 2084 uinum
744 2043 896 2091 bibit,
939 2043 981 2083 si
1019 2054 1127 2082 curn
1163 2041 1341 2081 alieno
1377 2040 1492 2080 uiro

42 2099 263 2146 5probri
300 2100 423 2148 quid
462 2101 608 2148 fecit,
641 2101 1082 2149 condempnatur.
1144 2099 1204 2138 De
1234 2097 1324 2137 iure
1354 2101 1492 2136 autem

84 2155 336 2201 [oc]cidendi
360 2156 416 2195 ita
437 2157 655 2207 scriptum:
716 2157 767 2195 In
798 2155 1064 2195 adulterio
1097 2164 1324 2195 uxorem
1354 2157 1492 2192 tuam

84 2208 127 2248 si
160 2211 488 2259 prehendiss
507 2224 584 2261 es,
627 2212 742 2253 sine
778 2211 980 2252 iudicio
1018 2211 1214 2262 inpune
1244 2219 1491 2256 necares;
