1619 2476
656 491 1068 555 A.GELLn

191 637 482 715 Noctlvtl
525 637 908 712 ATTICARVM
947 638 1142 713 LIBER
1181 636 1525 714 SECVNBVS.

840 894 868 932 Ι.

155 997 236 1040 Quo
263 1008 402 1044 genere
427 998 557 1033 solitus
583 999 629 1033 sit
659 997 907 1047 philosophus
936 997 1113 1034 Socrates
1137 1007 1314 1033 exercere
1337 998 1555 1044 patientiam

417 1055 608 1100 corporis3
633 1054 753 1100 deque
773 1054 943 1091 eiusdem
964 1054 1033 1089 uiri
1050 1054 1310 1100 temperantIa.

116 1187 135 1219 1
274 1155 390 1215 Inter
416 1177 581 1217 labores
606 1177 864 1217 uoluntarios
892 1183 932 1216 et
958 1177 1154 1216 exercitia
1178 1176 1367 1227 corporis
1391 1177 1445 1216 ad
1474 1177 1556 1217 for·
1618 1163 1619 1200 3

151 1233 275 1274 tuitas
309 1233 529 1283 patientiae
560 1233 674 1272 uices
708 1233 895 1271 firmandi
929 1233 969 1271 id
995 1244 1162 1283 quoque
1188 1233 1426 1283 accepimus
1457 1233 1521 1273 So
1541 1257 1582 1273 -A
1613 1258 1619 1275 1

108 1297 131 1330 2
149 1295 325 1330 craten
354 1290 490 1328 faeere
515 1289 772 1328 insueuisse:
806 1289 925 1328 Stare
951 1289 1098 1328 solitus
1131 1289 1378 1329 Socrates
1405 1289 1556 1329 dicitur

151 1345 350 1397 pertinaci
374 1350 483 1384 statu
507 1345 676 1394 perdius
698 1351 822 1394 atque
847 1356 1008 1395 pernox
1033 1357 1057 1384 a
1082 1357 1241 1385 summo
1266 1345 1370 1385 lucis
1389 1351 1483 1385 ortu
1501 1346 1555 1385 ad
1608 1364 1612 1370 ·

153 1404 284 1442 solem
302 1403 473 1442 alterum
494 1401 706 1448 orientem,
737 1401 996 1449 inconiuens,
1022 1401 1256 1450 immobilis,
1276 1401 1410 1442 isdem
1426 1401 1466 1441 in
1484 1413 1554 1441 ue·
1608 1428 1611 1434 J

153 1459 284 1508 stigiis
304 1464 362 1506 et,
392 1469 463 1496 ore
482 1463 605 1507 atque
631 1458 761 1497 oculis
781 1459 958 1497 eundem
973 1458 1012 1497 in
1029 1459 1166 1498 locum
1184 1458 1371 1506 directis,
1399 1458 1554 1508 eogita-

152 1515 336 1562 bundus,
369 1519 578 1563 tamquam
608 1515 788 1563 quodam
806 1526 980 1554 secessu
997 1514 1144 1555 mentis
1162 1520 1287 1565 atque
1301 1514 1425 1554 animi
1442 1515 1552 1554 facto

111 1579 173 1614 3a
208 1581 399 1634 corpore.
462 1571 590 1619 Quam
624 1582 711 1609 iem
745 1582 838 1609 611111
868 1571 1187 1620 Fauorinus,
1226 1572 1278 1611 de
1313 1570 1556 1611 fortitudine

152 1627 240 1666 eius
266 1627 343 1666 uiri
371 1632 415 1666 ut
444 1628 643 1676 pleraque
669 1627 902 1674 disserens,
932 1626 1153 1677 attigisset:
1186 1623 1450 1675 ‘noudum’
1455 1657 1468 1680 ,
1496 1627 1554 1666 in-

153 1683 261 1734 quit,
302 1681 375 1731 εἐξ
414 1677 544 1734 ἡλίου
585 1683 645 1730 εἰς
682 1677 813 1735 ἥλιον
855 1680 1045 1734 ειστήκει
1079 1677 1431 1736 ἀστραβέστερος
1461 1685 1553 1723 τῶν
1610 1682 1619 1743 .’

152 1737 402 1791 ποέμνωυ’.

112 1805 136 1838 4
264 1795 551 1845 Temperantia
575 1808 742 1845 quoque
767 1797 897 1836 fuisse
916 1808 1009 1835 eum
1031 1801 1145 1836 tanta
1170 1796 1365 1836 traditum
1391 1801 1478 1844 est,
1509 1801 1556 1836 ut

152 1852 290 1891 omnia
313 1853 398 1891 sere
422 1852 534 1891 uitae
559 1864 660 1891 suae
684 1858 874 1902 tempora
902 1853 1128 1892 ualitudine
1151 1852 1360 1893 inoffensa
1389 1852 1552 1893 uixerit.
1603 1883 1618 1894 Α.

113 1917 134 1951 5
150 1908 194 1946 In
218 1908 322 1948 illius
350 1908 473 1948 etiam
498 1909 757 1958 pestilentiae
780 1908 993 1956 uastitate,
1023 1921 1130 1959 quae
1159 1909 1200 1949 in
1224 1908 1327 1961 belli
1349 1910 1554 1959 Pelopon·
1608 1932 1617 1957 η

151 1964 335 2004 nensiaci
364 1964 565 2014 principis
603 1964 918 2005 Atheniensium
951 1964 1155 2005 ciuitatem
1189 1965 1446 2006 interneciuo
1485 1976 1555 2015 ge·
1600 1991 1617 2006 1

151 2030 249 2059 nere
267 2021 398 2060 morbi
420 2021 674 2071 depopulata
693 2027 774 2069 est,
809 2021 844 2061 is
861 2021 1060 2071 parcendi
1085 2022 1413 2073 moderandique
1431 2021 1555 2069 ratio·
1599 2023 1601 2025 ’

151 2075 273 2115 nibus
297 2077 444 2116 dicitur
479 2083 519 2116 et
549 2089 573 2116 a
600 2079 857 2127 uoluptatum
887 2078 979 2117 labe
1012 2077 1177 2118 cauisse
1215 2084 1257 2119 et
1288 2077 1553 2118 salubritates
1608 2101 1617 2114 „

153 2132 341 2226 cprgiorils
373 2133 612 2196 retinuisse,
645 2139 689 2173 ut
714 2145 976 2184 nequaquam
1002 2134 1125 2174 suerit
1146 2135 1354 2175 communi
1372 2133 1555 2176 omnium
1613 2131 1616 2138 ¹

153 2197 174 2226 6
193 2198 217 2226 a
284 2199 503 2228 omoxms.
