1619 2476
169 65 249 106 158
634 65 717 102 1111.
747 75 865 103 xv111.
882 75 1016 103 xv1111.
1038 76 1107 103 xx.

171 174 394 225 comparati
419 175 458 213 in
488 186 579 214 eum
603 179 726 222 atque
750 173 928 221 inmissi,
961 175 1250 214 desiderabant
1269 174 1309 213 in
1331 175 1548 214 senatuin-

170 230 437 278 stantissime,
468 234 510 268 ut
531 230 729 279 pecuniae
741 229 1016 271 Antiochinae
1034 231 1351 280 praedae[que],
1378 241 1484 278 quae
1508 231 1547 270 in

131 291 154 325 8
171 298 218 326 eo
250 288 356 325 bello
384 292 504 335 capta
527 290 631 332 erat,
658 285 854 324 rationem
882 286 1095 325 redderet:
1128 287 1259 324 fuerat
1275 284 1381 324 enim
1396 286 1440 324 L.
1463 285 1547 324 Sci-

168 342 280 391 pioni
309 341 512 388 Asiatico‚
544 340 655 380 fratri
673 352 770 392 suo,
797 340 1032 390 imperatori
1057 342 1097 380 in
1114 352 1163 380 ea
1176 341 1410 390 prouincia,
1440 342 1547 390 lega-

130 403 149 436 9
164 402 244 436 tus.
287 396 343 436 Ibi
364 397 501 446 Scipio
521 396 679 444 exurgit
696 401 753 442 et,
783 398 944 445 prolato
967 407 989 435 e
1011 397 1103 436 sinu
1126 401 1248 446 togae
1271 397 1396 445 libro,
1426 396 1545 438 ratio-

167 464 242 492 nes
266 454 306 492 in
334 463 383 492 6ο
410 451 584 501 scriptas
602 463 695 490 esse
713 452 811 490 dixit
831 451 962 491 omnis
983 452 1184 501 pecuniae
1201 451 1415 500 omnisque
1429 462 1545 501 prae-

112 515 156 547 10
168 508 244 547 dae
256 541 265 556 ,
293 509 475 554 allatum,
501 512 545 545 ut
560 508 694 556 palam
711 507 950 546 recitaretur
966 512 1007 546 et
1022 509 1074 546 ad
1091 507 1290 547 aerarium
1304 508 1543 547 deferretur.

113 569 154 602 11
169 563 269 603 ‘Sed
285 563 391 603 enim
410 563 450 601 id
467 562 545 601 iam
566 574 648 601 non
667 562 839 610 faciam',
869 562 1019 611 inquit,
1047 567 1139 602 ‘nec
1167 574 1232 602 me
1253 563 1344 613 ipse
1369 562 1544 601 afficiam

113 625 156 657 12
168 619 441 666 contumelia’,
473 629 645 666 eumque
663 618 806 656 librum
835 618 969 657 statim
995 630 1133 659 coram
1164 618 1325 658 discidit
1349 618 1434 657 suis
1465 629 1545 657 ma-

166 674 284 714 nibus
317 680 356 713 et
388 674 638 723 concerpsit,
671 684 793 723 aegre
821 685 993 723 passus,
1030 676 1161 724 quod,
1191 674 1254 714 cui
1282 675 1394 713 salus
1422 674 1546 722 impe-

166 730 212 769 rii
242 742 289 769 ac
320 729 567 778 reipublicae
597 734 766 779 accepta
795 729 889 767 ferri
914 730 1100 779 deberet,
1130 730 1329 770 rationem
1349 729 1546 779 pecuniae

166 787 387 834 praedatae
427 790 682 834 posceretur.

772 874 931 914 XVIIII.

168 953 264 998 Quid
279 954 327 988 M.
344 953 463 987 Varro
483 953 519 987 in
541 953 754 998 logistorico
771 953 962 999 scripserit
983 953 1028 988 de
1045 952 1276 988 moderando
1297 953 1395 988 uictu
1413 961 1545 997 puero·

701 1019 781 1044 rum
810 1008 1013 1055 inpubium.

135 1102 152 1134 1
251 1094 404 1131 Pueros
424 1090 598 1140 inpubes
617 1095 871 1139 compertum
888 1096 968 1138 est,
990 1090 1026 1129 si
1040 1089 1213 1140 plurimo
1232 1089 1322 1130 cibo
1341 1088 1547 1137 nimioque

170 1159 343 1197 sompno
363 1151 591 1193 uterentur,
610 1146 842 1186 hebetiores
861 1146 949 1185 fieri
965 1146 1016 1185 ad
1033 1145 1192 1185 ueterni
1209 1156 1341 1194 usque
1357 1149 1427 1184 aut
1442 1142 1547 1183 eluci

166 1204 418 1249 tarditatem,
465 1212 723 1250 corporaque
764 1213 906 1241 eorum
942 1202 1160 1250 inprocera
1202 1201 1290 1240 fieri
1330 1200 1548 1248 minusque

125 1268 146 1301 2
164 1260 418 1298 adolescere.
478 1258 590 1295 Idem
612 1257 797 1305 plerique
825 1257 890 1295 alii
914 1257 1166 1297 medicorum
1189 1255 1546 1306 philosophorum-

170 1326 248 1363 que
276 1319 315 1352 et
342 1314 394 1351 Μ.
422 1313 586 1350 Varro
617 1312 655 1349 in
681 1312 996 1360 logistorico
1025 1312 1208 1361 scripsit,
1240 1310 1309 1360 qui
1324 1309 1546 1359 inscriptus

169 1375 231 1408 est
262 1370 413 1408 Catus
445 1372 529 1405 aut
556 1367 615 1404 de
651 1366 828 1405 liberis
861 1367 1160 1406 educandis.

814 1467 901 1506 XX.

169 1538 289 1574 Notati
308 1548 328 1572 a
346 1538 582 1581 censoribus,
615 1537 696 1582 qui,
730 1535 964 1572 audientibus
982 1536 1026 1571 ils
1039 1564 1047 1579 ,
1067 1535 1238 1571 dixerant
1262 1536 1346 1571 ioca
1363 1533 1546 1581 quaedam

227 1593 551 1638 intenipestiuiter3
583 1603 624 1627 ac
643 1591 687 1626 de
705 1593 784 1626 eius
802 1602 947 1638 quoque
964 1596 1053 1626 nota
1072 1590 1330 1635 deliberatum,
1362 1590 1422 1636 qui
1440 1593 1547 1625 stete-

226 1653 283 1684 rat
298 1650 389 1684 sorte
408 1648 507 1694 apud
525 1659 590 1683 eos
609 1647 887 1683 oscitabundus.

132 1728 150 1760 1
253 1722 361 1760 Inter
391 1731 610 1760 censorum
641 1719 883 1759 seueritates
918 1718 991 1757 tria
1014 1718 1114 1756 haec
1144 1718 1333 1766 exempla
1352 1716 1392 1755 in
1417 1716 1546 1755 literis

131 1782 266 1816 2sunt
296 1775 635 1825 castigatissimae
668 1775 918 1824 disciplinae.
976 1775 1113 1812 Vnum
1147 1778 1210 1811 est
1247 1772 1547 1812 huiuscemodi.

128 1838 150 1871 3
171 1832 325 1871 Censor
350 1832 496 1880 agebat
517 1832 567 1870 de
582 1830 780 1870 uxoribus
808 1831 1034 1878 sollempne
1058 1828 1352 1867 iusiurandum.
1408 1825 1550 1866 Verba

174 1893 288 1926 erant
322 1887 377 1925 ita
417 1892 634 1936 concepta:
685 1887 751 1924 Vt
800 1891 858 1924 tu
899 1896 962 1923 ex
994 1883 1142 1923 animi
1178 1884 1249 1921 tui
1290 1883 1550 1922 sententia

172 1953 384 1982 uxorem
431 1943 457 1980 h
469 1943 625 1981 abes?
668 1942 742 1990 Qui
775 1941 953 1986 iurabat,
991 1939 1202 1978 cauillator
1224 1939 1388 1987 quidam
1415 1943 1456 1977 et
1485 1949 1548 1977 ca-

135 2007 158 2037 4
173 1998 379 2045 n[al]icola
402 2003 442 2037 et
469 1997 587 2036 nimis
612 1997 865 2036 ridicularius
890 1995 975 2036 suit.
1034 1995 1073 2034 Is
1098 1995 1234 2033 locum
1252 2005 1346 2033 esse
1371 1993 1447 2034 sibi
1469 1993 1549 2033 ioci

174 2053 339 2092 dicundi
366 2058 501 2100 ratus,
537 2064 628 2091 cum
654 2053 725 2099 ita,
752 2053 810 2092 uti
839 2063 928 2091 mos
952 2056 1055 2098 erat,
1088 2061 1238 2088 censor
1268 2049 1459 2089 dixisset:
1488 2053 1551 2087 ‘ut

136 2116 155 2147 5
169 2112 212 2146 tu
241 2120 290 2147 ex
311 2109 432 2147 animi
461 2109 515 2147 tui
537 2108 739 2147 sententia
753 2118 925 2147 uxorem
946 2106 1123 2145 habes?'
1156 2105 1304 2145 ‘habeo
1326 2104 1548 2154 equidem'‚

173 2163 320 2212 inquit,
354 2167 567 2211 ‘uxorem,
599 2164 673 2202 scd
703 2175 784 2202 non
810 2163 946 2201 hercle
978 2173 1030 2201 ex
1054 2159 1176 2199 animi
1205 2160 1283 2199 mei
1316 2159 1548 2199 sententia’.
1599 2208 1604 2213 .

133 2225 154 2259 6
172 2219 270 2257 Tum
291 2229 440 2258 censor
457 2231 568 2266 cum,
603 2220 715 2267 quod
735 2217 1022 2267 intempestiue
1037 2215 1287 2263 lasciuisset,
1308 2215 1348 2254 in
1366 2214 1549 2254 aerarios
1591 2221 1593 2223 ·
