1635 2492
0 1118 48 2492 r—fflssw.ww
8 1079 11 1095 “’

3 0 357 68 ΕᾝῩΨ’
386 0 397 22 ⁵
605 18 736 59 XVII.
767 28 862 58 xm.
893 28 1001 58 x1111.
1431 16 1516 58 189

90 123 188 174 e'sse
204 132 249 173 in
265 130 331 173 his
346 132 488 173 uerbis
515 130 692 183 negotii:
718 142 814 171 nam
831 131 966 182 ‘quin’
981 131 1207 182 utrubique
1227 130 1414 182 positum
1435 141 1513 181 pro
1531 137 1554 173 8

91 192 187 231 ‘ut’
205 189 580 242 planissimumque
604 199 723 236 esse,
755 188 792 228 si
814 188 870 228 ita
888 188 1028 229 dicas:
1062 190 1262 229 ‘Romam
1282 188 1418 236 uenit;
1444 188 1516 227 uix

90 251 266 298 superat
279 251 326 288 ut
340 246 578 298 triumphus
596 246 897 293 decernatur’;
929 246 1028 286 item
1049 245 1129 286 alio
1148 246 1187 286 in
1207 247 1325 286 loco:
1359 246 1515 285 ‘Paene

89 305 245 344 factum
279 308 367 352 est,
407 309 454 344 ut
486 309 625 344 castra
654 302 940 353 relinquerent
971 308 1099 353 atque
1131 304 1331 343 cederent
1360 302 1515 343 hosti’.

38 394 42 398 .
90 361 177 402 Sed
204 365 376 402 utantur
399 372 524 410 sane,
558 360 629 412 qui
662 366 746 400 tam
776 361 960 411 expediti
992 366 1112 408 sunt,
1144 360 1380 410 perfugii[s]
1405 368 1556 404 com-9

75 418 365 459 mutationum
384 418 425 458 in
448 417 603 467 uerbis,
623 429 731 468 quae
748 429 832 458 non
851 418 1158 467 intelleguntur,
1176 423 1346 457 utantur
1362 422 1514 464 tamen,
1597 424 1604 429 ·

88 475 160 515 ubi
182 475 226 515 id
252 476 393 516 facere
416 481 636 527 poterunt,
667 475 963 515 uerecundius.

176 544 295 583 Hanc
320 543 587 594 particulam,
621 544 674 583 de
702 554 783 593 qua
812 542 1007 589 dicimus,
1040 542 1119 582 nisi
1145 542 1180 583 si
1207 541 1298 592 quis
1325 540 1517 581 didicerit
1531 555 1577 589 10

93 600 373 651 compositam
405 602 730 652 copulatamque
764 611 860 639 esse
885 611 1023 650 neque
1044 600 1128 639 uim
1150 605 1310 639 tantuin
1344 598 1516 638 coniun-

91 657 218 707 gendi
234 657 404 706 habere,
433 658 509 698 sed
535 663 650 698 certa
671 657 852 708 quadam
871 657 1177 707 significatione
1197 658 1368 702 factam,
1401 667 1517 695 num-

92 725 218 764 quam
234 715 426 765 profecto
451 715 636 755 rationes
661 726 709 754 ac
739 713 964 754 uarietates
989 714 1108 754 istius
1130 713 1517 764 comprehensurus

92 775 172 810 est.
205 771 328 821 Quod
351 772 448 822 quia
465 771 668 822 longioris
688 771 995 811 dissertationis
1019 776 1095 819 est,
1116 771 1280 821 poterit.
1305 768 1371 809 cui
1388 768 1564 818 otium11

92 832 175 876 est,
208 828 424 880 repperire
455 827 606 869 hocin
637 829 680 868 P.
714 827 908 878 Nigidii
942 826 1367 873 commentariis,
1408 838 1517 876 quos

92 885 472 934 grammaticos
496 885 722 936 inscripsit.

736 999 859 1040 XIIII.

302 1081 519 1118 Sententiae
538 1093 585 1118 ex
603 1083 721 1118 Publii
750 1083 873 1117 mimis
899 1083 1063 1117 selectae
1086 1080 1308 1128 lepidiores.

178 1168 401 1209 Publius
440 1169 590 1209 mimos
617 1169 882 1220 scriptitauit.
945 1169 1104 1219 Dignus
1138 1168 1303 1208 habitus
1330 1173 1414 1217 est,
1448 1167 1519 1217 qui
1537 1186 1556 1220 1

93 1227 253 1277 subpar
275 1226 499 1266 Laberio
531 1226 800 1267 iudicaretur.
864 1227 905 1266 C.
934 1231 1072 1266 autem
1101 1227 1323 1265 Caesarem
1349 1225 1406 1265 ita
1427 1225 1457 1264 L
1472 1236 1519 1263 a·
1535 1243 1558 1278 2

92 1283 230 1324 berii
254 1283 545 1323 maledicentia
569 1289 610 1323 et
634 1283 880 1334 adrogantia
899 1283 1162 1331 offendebat,
1194 1288 1238 1322 ut
1255 1281 1517 1333 acceptiores

93 1340 172 1380 sibi
187 1351 285 1380 esse
300 1339 407 1380 Pub
421 1340 495 1389 lii,
524 1351 649 1391 quam
666 1341 877 1380 Laberii
899 1340 1048 1381 mimos
1066 1340 1342 1391 praedicaret.

177 1407 313 1448 Huius
330 1408 436 1448 Pub
449 1408 506 1448 lii
523 1407 757 1450 sententiae
775 1410 964 1449 feruntur
980 1410 1209 1460 pleraeque
1227 1407 1391 1457 lepidae
1409 1407 1518 1448 etad
1536 1431 1559 1466 3

94 1476 361 1506 communem
388 1476 631 1506 sermonum
653 1477 776 1506 usum
801 1466 1262 1514 commendatissimae‚
1296 1477 1348 1505 ex
1367 1465 1518 1515 quibus
1535 1488 1558 1523 4

93 1527 193 1563 sunt
223 1522 331 1563 istae
361 1522 537 1574 singulis
570 1523 766 1564 uersibus
805 1523 1172 1575 circumscriptae,
1215 1534 1320 1573 quas
1359 1522 1518 1562 libitum

92 1580 234 1619 hercle
266 1584 332 1619 est
353 1579 615 1620 adscribere.

150 1671 343 1710 Malum
372 1669 454 1710 est
482 1670 780 1719 consilium,
813 1669 951 1721 quod
979 1671 1166 1712 mutari
1191 1670 1291 1712 non
1318 1675 1516 1720 potest.

150 1725 479 1768 Beneficium
510 1727 682 1768 dando
716 1727 943 1779 accepit,
975 1728 1058 1779 qui
1091 1726 1250 1779 digno
1286 1727 1446 1768 dedit.

151 1783 332 1833 Feras,
363 1796 465 1825 non
498 1786 708 1834 culpes,
746 1785 886 1835 quod
928 1786 1088 1825 uitari
1120 1783 1222 1825 non
1259 1790 1454 1836 potest.

153 1841 244 1881 Cui
276 1839 393 1891 plus
425 1841 571 1889 licet,
613 1853 764 1892 quam
794 1841 888 1892 par
918 1849 1016 1890 est,
1056 1844 1178 1893 plus
1210 1844 1342 1890 uult,
1370 1840 1518 1894 quam

941 1900 1078 1938 licet.

117 1952 336 1995 ⁵Comes
371 1955 635 1996 facundus
674 1954 723 1996 in
759 1956 839 1996 uia
871 1968 962 2006 pro
1000 1955 1248 1996 uehiculo
1283 1962 1375 1997 est.

151 2010 446 2061 Frugalitas
480 2011 691 2053 miseria
728 2019 807 2052 est
842 2011 1076 2053 rumoris
1114 2013 1250 2053 boni.

152 2065 376 2109 Heredis
413 2069 575 2109 fletus
609 2069 704 2110 sub
747 2081 980 2135 persona
1018 2068 1162 2110 risus
1197 2076 1292 2110 est.

153 2121 318 2165 Furor
358 2124 422 2165 sit
465 2126 550 2174 (in)
582 2127 727 2167 laesa
772 2126 993 2177 saepius
1032 2126 1310 2178 patientia.

151 2176 398 2233 'Inprobe
433 2182 728 2233 Neptunum
767 2190 1007 2232 accusat,
1045 2185 1132 2234 qui
1170 2182 1361 2224 iterum
1396 2195 1520 2225 nau·

938 2240 1159 2292 fragium
1187 2240 1328 2280 facit.
