1619 2476
613 402 671 465 A.
723 399 1030 462 GELLll

208 537 498 614 NOG'HVM
537 537 1154 715 ΑΤΤῦἚἪξῘΙΙῖῙῙδΙᾸΒΕΒ
1195 538 1440 614 SEXTVS

818 662 829 713 l
955 694 967 713 .

805 889 834 927 1.

121 971 246 1007 Verba
267 971 416 1007 Musoni
437 970 653 1018 philosophi
677 971 833 1014 Graeca,
857 971 972 1017 digna
993 973 1102 1016 atque
1123 970 1226 1006 utilia
1248 968 1369 1006 audiri
1390 971 1518 1006 obser-

180 1029 356 1074 uarique;
389 1027 633 1074 eiusdemque
669 1028 832 1063 utilitatis
864 1027 1048 1063 sententia
1085 1038 1107 1063 a
1136 1026 1187 1063 M.
1218 1024 1356 1063 Catone
1392 1027 1517 1063 multis

177 1088 259 1120 ante
283 1085 390 1120 annis
415 1085 635 1120 Numantiae
656 1084 704 1120 ad
726 1085 870 1131 equites
892 1083 1006 1120 dicta.

82 1198 99 1230 1
198 1162 515 1224 Adulescentuli
538 1196 629 1224 cum
652 1184 861 1224 etiamtum
883 1184 923 1223 in
952 1183 1105 1224 scholis
1135 1194 1346 1232 essemus,
1376 1180 1517 1224 ἐνθυ-

119 1238 340 1291 μημάτιον
362 1242 441 1280 hoc
461 1241 681 1288 Graecum,
715 1242 829 1291 quod
853 1240 1050 1291 adposui,
1083 1239 1236 1279 dictum
1258 1250 1355 1280 esse
1376 1251 1401 1278 a
1415 1240 1517 1279 Mu-

121 1308 139 1335 s
154 1297 271 1335 onio
304 1297 555 1346 philosopho
581 1297 849 1336 audiebamus
872 1302 932 1344 et,
967 1295 1161 1346 quoniam
1184 1306 1284 1335 uere
1307 1300 1432 1344 atque
1455 1297 1516 1334 lu-

121 1354 281 1392 culente
313 1353 465 1392 dictum
487 1353 709 1415 ueibisque
740 1358 803 1392 est
822 1352 1018 1391 breuibus
1042 1357 1082 1391 et
1109 1351 1298 1391 rutundis
1318 1350 1515 1400 uinctum,

79 1419 319 1473 2perquam
350 1408 525 1448 libenter
564 1408 900 1448 memineramus.
955 1411 966 1429 ²
975 1402 1058 1448 ’Ἁν
1084 1421 1126 1447 τι
1168 1401 1336 1474 πράξῃς
1375 1402 1515 1448 καλὸν

117 1460 228 1517 μετὰ
250 1460 418 1529 πόνου,
441 1458 462 1504 ὁ
486 1461 568 1529 μὲν
588 1459 726 1512 πόνος
743 1465 938 1530 οἴχεται,
963 1459 1012 1503 τό
1035 1461 1083 1504 δὲ
1105 1458 1246 1504 καλὸν
1271 1460 1416 1516 μένει·
1456 1458 1514 1503 ἄν

117 1534 159 1560 τι
180 1517 369 1575 ποιήσῃς
389 1495 574 1573 αἰσχρὸν
593 1516 701 1573 μετὰ
731 1515 918 1573 ἡδονῆς,
951 1515 1000 1560 τὸ
1030 1517 1113 1573 μὲν
1133 1514 1221 1573 ἡδὺ
1247 1521 1433 1572 οἴχεται,
1465 1515 1513 1560 τὸ

119 1574 167 1618 δε
189 1576 372 1630 αἰσχρὸν
399 1577 562 1630 μένειᾶ

81 1647 104 1681 3
202 1636 354 1675 Postea
380 1635 500 1674 istam
521 1635 653 1684 ipsam
685 1633 930 1673 sententiam
951 1633 990 1673 in
1014 1632 1221 1674 Catonis
1248 1645 1303 1673 oi
1313 1632 1417 1673 atio
1432 1645 1512 1682 ne,

120 1702 265 1740 quam
296 1691 429 1730 dixit
449 1690 759 1730 Numantiae
784 1691 919 1740 apud
950 1689 1181 1740 equites,
1209 1689 1388 1740 positam
1420 1690 1514 1740 legi—

118 1759 223 1787 mus.
286 1748 399 1796 Quae
437 1747 515 1787 etsi
552 1747 778 1787 laxioribus
824 1748 948 1797 paulo
986 1745 1329 1796 longioribusque
1372 1746 1513 1786 uerbis

120 1805 423 1854 comprehensa
450 1809 515 1844 est
545 1815 772 1854 praequam
801 1803 901 1843 illud
924 1803 1144 1851 Graecum,
1178 1803 1291 1852 quod
1320 1801 1512 1854 diximus,

120 1860 314 1909 quoniam
335 1865 471 1899 tamen
497 1860 636 1910 priore
664 1865 850 1909 tempore
873 1858 1163 1909 antiquiorque
1189 1863 1271 1907 est,
1299 1858 1512 1899 uenerabi-

82 1916 195 1961 4lior
215 1916 347 1956 uideri
372 1917 508 1956 debet.
556 1916 697 1955 Verba
721 1928 772 1956 ex
794 1916 980 1956 oratione
1003 1916 1105 1955 haec
1126 1919 1243 1954 sunt:
1272 1915 1513 1965 Cogitate

120 1984 226 2011 cum
271 1972 456 2012 animis
504 1972 734 2021 uestris,
778 1972 821 2012 si
865 1972 986 2022 quid
1023 1983 1116 2011 uos
1151 1983 1242 2021 per
1281 1972 1513 2011 laborem

117 2034 262 2068 recte
291 2029 558 2077 feceritis,
589 2029 738 2068 labor
772 2029 865 2068 ille
899 2040 924 2067 a
961 2027 1110 2068 uobis
1141 2027 1245 2067 cito
1272 2029 1511 2075 recedet,

116 2084 464 2124 benefactum
488 2097 511 2124 a
534 2085 707 2131 uobis,
734 2086 845 2124 dum
874 2084 1078 2131 uiuitis,
1105 2096 1204 2124 non
1234 2084 1510 2131 abscedet;

117 2141 210 2179 sed
248 2140 290 2180 si
335 2153 431 2190 qua
470 2153 560 2191 per
594 2142 924 2191 uoluptatem
954 2140 1201 2190 nequiter
1239 2140 1511 2188 feceritis,

116 2198 362 2246 uoluptas
392 2198 497 2237 cito
528 2197 712 2244 abibit,
747 2197 1204 2247 nequiterfactum
1226 2196 1358 2237 illud
1380 2197 1574 2250 apud

121 2263 209 2290 uos
233 2263 437 2302 semper
460 2253 698 2292 manebit.
