1619 2476
110 65 191 106 203
536 65 605 103 vl.
633 65 757 113 (Vll.)
787 76 906 104 xv111.
923 75 1058 104 xv1111.

69 186 94 222 6
112 178 258 218 satoris
276 177 315 217 in
334 182 479 218 senatu
497 182 723 227 exponunt.
783 175 1032 216 Permutatio
1051 174 1212 216 senatui
1237 187 1321 216 non
1338 176 1502 227 placita.

78 236 321 281 7Parentes‚
355 234 519 282 cognati
538 234 782 283 adfinesque
802 232 1060 283 captiuorum
1083 231 1262 281 amplexi
1285 244 1360 273 eos
1389 237 1504 284 post-

110 291 259 330 liminio
290 291 328 328 in
353 289 526 340 patiiam
555 289 717 329 ieclisse
747 289 938 329 dicebant
965 293 1202 338 statumque
1228 299 1372 328 eorum
1404 290 1503 330 inte-

110 359 226 397 3111111
257 346 591 395 incolumemque
621 357 717 385 esse
746 357 814 394 ac,
848 356 900 384 ne
923 346 975 384 ad
1000 345 1145 385 hostes
1177 345 1313 384 redire
1336 347 1502 394 uellent,

69 413 94 448 8
111 415 157 443 01
161 404 296 442 ibant.
356 404 458 442 Tum
477 408 570 443 octo
590 414 640 442 ex
657 402 720 442 his
738 401 1033 452 postliminium
1046 401 1199 441 iustum
1214 412 1297 441 non
1315 413 1411 441 esse
1429 379 1506 442 sibi

111 460 432 509 responder‚unt
461 459 655 508 quoniam
684 458 842 498 deiurio
858 458 986 497 uincti
1004 459 1152 505 forent,
1185 457 1419 508 statimque
1447 457 1505 498 uti

75 515 229 562 9iurati
248 520 382 563 erant,
415 516 466 554 ad
484 515 753 554 Hannibalem
776 514 952 565 profecti
974 519 1082 554 sunt.
1142 515 1232 553 Duo
1262 514 1410 564 reliqui
1426 516 1506 554 Ro-

110 583 201 611 mae
223 577 465 611 manserunt
489 574 736 620 solutosque
760 583 855 611 esse
880 582 925 610 se
942 582 990 610 ac
1011 570 1209 609 liberatos
1233 570 1432 620 religione
1451 571 1506 610 di-

112 629 270 675 cebant,
303 628 510 677 quoniam,
543 639 634 668 cum
652 627 811 677 egressi
829 632 963 667 castra
983 626 1164 666 hostium
1181 626 1371 679 fuissent,
1398 638 1507 667 com-

110 684 300 723 menticio
334 684 506 724 consilio
539 684 721 734 regressi
743 685 910 732 eodem,
941 689 1151 733 tamquam
1189 683 1224 723 si
1254 684 1306 723 ob
1328 684 1506 733 aliquam

111 740 317 781 fortuitam
351 752 519 780 causam
549 741 683 780 issent
711 746 834 790 atque
871 740 943 788 ita,
975 739 1240 779 iureiurando
1277 740 1505 788 satisfacto,

55 800 275 836 lorursum
292 796 455 836 iniurati
480 797 676 837 abissent.
736 798 851 836 Haec
869 808 1013 836 eorum
1031 796 1290 836 fraudulenta
1307 796 1506 836 calliditas

111 859 193 892 tam
213 863 309 892 esse
332 854 460 903 turpis
481 853 711 893 existimata
741 858 815 902 est,
846 857 892 892 ut
909 852 1135 902 contempti
1151 853 1276 902 uulgo
1296 852 1507 903 discerpti-

113 921 192 959 que
211 909 292 948 sint
307 920 591 959 censoresque
602 921 676 950 eos
693 914 842 960 postea
861 908 1041 949 omnium
1057 913 1248 948 notarum
1265 914 1306 948 et
1317 909 1506 960 dampnis

112 971 151 1004 et
173 965 406 1014 ignominiis
425 966 672 1014 adiecerint,
707 965 922 1016 quoniam,
951 965 1064 1016 quod
1096 966 1280 1005 facturos
1298 964 1507 1006 deieraue-

110 1027 220 1069 rant,
251 1033 333 1062 non
352 1023 561 1062 fecissent.

56 1086 92 1119 11
198 1079 471 1119 Cornelius
506 1084 643 1119 autem
669 1080 840 1128 Nepos
888 1078 926 1117 in
973 1077 1106 1117 libro
1155 1079 1508 1128 exemplorum

112 1134 292 1183 quinto
320 1135 362 1173 id
387 1147 555 1186 quoque
585 1135 712 1175 literis
745 1135 977 1182 mandauit,
1008 1132 1146 1173 multis
1172 1133 1213 1173 in
1246 1139 1394 1174 senatu
1425 1137 1506 1186 pla-

111 1190 270 1238 cuisse,
302 1197 347 1230 ut
370 1192 430 1239 hi,
465 1193 534 1242 qui
550 1192 685 1231 redire
705 1193 872 1240 nollent,
906 1191 1010 1231 datis
1029 1190 1274 1230 custodibus
1291 1191 1344 1231 ad
1360 1192 1506 1231 Hanni-

110 1247 244 1285 balem
269 1248 592 1296 deducerentur,
623 1249 699 1288 sed
728 1259 818 1287 eam
845 1247 1089 1288 sententiam
1113 1258 1285 1287 numero
1317 1247 1508 1298 plurium,

113 1302 262 1351 quibus
297 1304 338 1342 id
367 1316 450 1344 11011
482 1306 714 1351 uideretur,
761 1308 1020 1353 superatam3
1061 1314 1135 1342 eos
1164 1308 1322 1351 tamen,
1356 1304 1427 1353 qui
1457 1305 1510 1344 ad

110 1359 380 1398 Hannibalem
407 1373 489 1400 non
508 1361 735 1407 redissent,
768 1371 900 1409 usque
918 1359 1023 1398 adeo
1052 1358 1308 1399 intestabiles
1332 1359 1510 1401 inuisos-

112 1425 192 1463 que
214 1415 362 1462 fuisse,
395 1422 439 1456 ut
474 1417 653 1456 taedium
683 1416 792 1455 uitae
824 1414 1009 1465 ceperint
1041 1425 1272 1465 necemque
1304 1416 1381 1456 sibi
1414 1428 1510 1457 con-

111 1470 320 1511 sciuerint.

111 1619 275 1654 Historia
290 1648 298 1663 ‚
324 1631 370 1654 ex
393 1620 590 1655 annalibus
610 1623 777 1666 sumpta,
801 1619 848 1654 de
866 1618 1012 1654 Tiberio
1036 1617 1227 1664 Graccho,
1254 1618 1508 1655 Gracchorum

168 1680 287 1721 patre,
313 1677 461 1712 tribuno
484 1676 626 1723 plebis3
660 1680 769 1722 atque
798 1675 887 1711 inibi
909 1674 1104 1710 tribunicia
1127 1673 1276 1711 decreta
1304 1686 1389 1711 cum
1419 1676 1511 1722 ipsis

169 1732 294 1767 uerbis
321 1733 452 1768 relata.

78 1810 96 1842 1
196 1805 390 1844 Pulcrum
408 1810 532 1855 atque
549 1805 716 1845 liberale
733 1811 857 1854 atque
875 1801 1177 1853 magnanimum
1197 1804 1348 1843 factum
1363 1803 1512 1843 Tiberii

76 1865 98 1899 2
115 1861 348 1910 Sempronii
360 1861 531 1901 Gracchi
547 1861 591 1901 in
612 1873 752 1900 exem
764 1861 862 1911 plis
880 1858 1108 1910 repositum
1119 1863 1196 1899 est.
1221 1860 1265 1898 Id
1277 1861 1512 1910 exemplum

113 1916 401 1957 huiuscemodi
427 1923 509 1958 est:
543 1920 586 1957 L.
606 1917 789 1968 Scipio-ni
805 1915 1010 1964 Asiatico,
1036 1916 1080 1955 P.
1104 1915 1310 1965 Scipionis
1327 1916 1512 1956 Africani

115 1973 343 2022 superioris
371 1974 503 2022 fratri,
537 1976 578 2014 C.
595 1974 798 2014 Minucius
815 1972 1055 2022 Augurinus
1073 1971 1263 2012 tribunus
1283 1972 1396 2022 plebi
1412 1974 1512 2012 mul-

112 2034 196 2067 tam
227 2028 426 2079 irrogauit
460 2042 637 2080 eumque
668 2032 719 2070 ob
753 2041 844 2070 eam
875 2040 1043 2069 causam
1081 2029 1260 2078 praedes
1291 2029 1508 2079 poscebat.

77 2085 255 2134 3Scipio
290 2087 512 2127 Africanus
546 2087 682 2127 fratris
715 2086 880 2127 nomine
909 2086 961 2124 ad
1000 2084 1217 2135 collegium
1249 2084 1511 2125 tribunorum

114 2143 372 2190 prouocabat
402 2145 674 2193 petebatque,
708 2148 751 2182 ut
774 2141 907 2182 uirum
927 2142 1190 2181 consularem
1205 2140 1511 2192 triumphalem-

75 2201 99 2236 4
116 2207 197 2290 31oe
214 2207 237 2234 a
254 2200 439 2249 collegae
454 2200 495 2240 ui
518 2200 800 2240 defenderent.
863 2199 963 2238 Octo
982 2197 1153 2246 tribuni,
1188 2197 1354 2246 cognita
1371 2207 1512 2246 causa,

145 2261 401 2294 ecreuerunt.
