1619 2476
121 36 205 78 240
747 35 834 74 XX.
858 46 885 75 Ι..

123 148 411 198 conprehensa
435 152 509 185 est.
571 146 877 186 Trecentesimo
904 158 1070 196 quoque
1091 158 1200 188 anno
1226 151 1324 199 post
1342 148 1514 189 Romam

123 205 329 245 conditam
355 203 517 241 tabulae
546 202 788 251 conpositae
821 203 1084 253 scriptaeque
1113 208 1229 252 sunt,
1261 216 1286 243 a
1308 215 1390 254 quo
1417 209 1516 243 tem-

123 271 222 310 pore
240 260 421 298 adhunc
454 258 560 296 diem
585 258 680 297 anni
711 270 805 298 esse
836 270 920 298 non
954 260 1077 309 longe
1103 259 1236 300 minus
1267 259 1516 310 septingenti

83 322 102 357 7
124 316 326 355 uidentur.
387 315 498 353 Dure
528 319 684 354 autem·
696 315 893 365 scriptum
929 326 1024 355 esse
1055 315 1096 354 in
1120 315 1209 356 istis
1233 315 1392 366 legibus
1416 316 1515 366 quid

121 371 343 410 existimari
367 371 534 419 potest?
567 371 645 410 nisi
663 371 807 411 duram
832 383 928 411 esse
952 372 1084 421 legem
1111 376 1253 422 putas,
1285 383 1391 422 quae
1416 371 1517 411 iudi-

121 439 209 467 cem
225 427 476 467 arbitrumue
495 425 581 466 iure
600 427 760 473 datum,
795 427 864 476 qui
886 428 938 467 ob
957 438 1043 467 rem
1065 428 1281 468 dicendam
1297 427 1517 478 pecuniam

120 483 333 532 accepisse
353 482 568 522 conuictus
587 489 671 531 est,
703 483 835 532 capite
862 483 1055 533 poenitur
1070 488 1140 524 aut
1163 495 1269 534 quae
1287 485 1417 524 furem
1436 495 1517 522 ma-

119 540 313 579 nifestum
352 538 408 586 ei,
449 539 513 577 cui
549 540 697 579 furtum
735 541 885 579 factum
919 545 1004 587 est,
1033 540 1073 579 in
1109 540 1351 580 seruitutem
1381 540 1516 587 tradit,

81 605 106 640 8
124 600 369 636 nocturnum
405 600 541 634 autem
566 597 696 635 furem
731 596 818 635 iure
848 595 1054 635 incidendi
1083 596 1232 636 tribuit.
1293 596 1366 636 Dic
1397 595 1516 643 enim,

121 663 300 701 quaeso,
334 651 417 698 die,
450 650 512 690 uir
535 651 762 702 sapientiae
786 652 1110 701 studiosissime,
1143 664 1194 692 an
1213 657 1282 693 aut
1306 651 1452 692 iudicis
1476 651 1517 692 il-

121 709 197 747 lius
215 707 430 757 perfidiam
444 712 587 747 contra
605 708 740 752 omnia
752 708 890 747 diuina
907 714 1030 758 atque
1041 709 1219 748 humana
1235 708 1518 748 iusiurandum

120 775 242 805 suum
265 763 441 813 pecunia
459 764 676 803 uendentis
695 769 764 804 aut
788 764 886 804 furis
905 764 1110 805 manifesti
1136 765 1436 805 intolerandam
1450 776 1518 804 au-

122 819 282 860 daciam
314 825 383 858 aut
408 820 598 859 nocturni
628 821 878 870 grassatoris
900 820 1142 862 insidiosam
1172 821 1409 862 uiolentiam
1434 832 1516 860 non

124 877 288 925 dignam
310 886 404 915 esse
428 876 572 926 capitis
591 888 753 926 poenae
776 877 1049 918 existumes?'

81 941 103 976 9
207 932 342 979 (Now,
371 932 502 981 inquit
531 933 838 981 Fauorinus,
869 937 939 972 ‘ex
964 945 1028 974 me
1055 944 1276 984 quaerere,
1310 932 1409 983 quid
1439 943 1516 982 ego

122 988 379 1028 existumem.
404 988 494 1028 Scis
513 989 641 1037 enim,
661 989 825 1029 solitum
843 1001 938 1029 esse
956 1001 1020 1029 me
1035 1001 1111 1041 pro
1130 988 1346 1040 disciplina
1364 994 1517 1037 sectae,

63 1053 108 1088 10
120 1056 242 1094 quam
264 1045 370 1091 colo,
402 1044 609 1095 inquirere
634 1045 786 1096 potius,
817 1057 939 1095 quam
961 1047 1200 1086 decernere.
1262 1045 1347 1086 Sed
1364 1056 1447 1085 non
1465 1046 1518 1084 le-

120 1101 182 1140 uis
217 1100 488 1140 existumator
517 1113 651 1151 neque
683 1102 954 1151 aspernabilis
993 1107 1058 1142 est
1084 1102 1266 1154 populus
1290 1102 1517 1149 Romanus,

122 1157 187 1196 cui
213 1156 361 1196 delicta
388 1157 553 1206 quidem
577 1157 704 1198 istaec
736 1158 1002 1207 uindicanda,
1036 1170 1200 1209 poenae
1220 1163 1358 1198 tamen
1379 1157 1516 1197 huius-

121 1212 283 1252 cemodi
303 1212 422 1253 nimis
457 1214 584 1253 durae
618 1225 711 1254 esse
744 1215 858 1254 uisae
880 1220 994 1255 sunt:
1023 1226 1175 1265 passus
1199 1215 1306 1255 enim
1325 1218 1389 1254 est
1404 1214 1517 1263 leges

63 1269 220 1311 llistas
253 1270 305 1308 de
333 1275 415 1308 tam
451 1269 659 1311 inmodico
693 1271 895 1321 supplicio
937 1271 1018 1311 situ
1048 1276 1173 1321 atque
1219 1270 1336 1311 senio
1375 1268 1516 1309 emori.

121 1325 235 1364 Sicut
251 1324 350 1365 illud
373 1337 540 1375 quoque
557 1326 832 1366 inhumaniter
853 1327 1051 1376 scriptum
1071 1325 1361 1377 improbitauit‚
1389 1325 1516 1374 quod,

121 1380 156 1420 si
171 1381 296 1420 homo
315 1380 354 1419 in
372 1381 436 1421 ius
453 1387 641 1429 uocatus,
674 1383 819 1421 morbo
843 1388 912 1421 aut
928 1387 1061 1422 aetate
1078 1393 1204 1433 aeger
1219 1382 1272 1422 ad
1286 1381 1519 1431 ingredien-

121 1437 219 1476 dum
236 1436 440 1476 inualidus
456 1443 531 1484 est,
562 1448 705 1477 arcera
722 1449 804 1480 non
822 1437 1038 1485 sternitur,
1071 1439 1147 1478 sed
1162 1438 1253 1487 ipse
1270 1438 1456 1478 aufertur
1478 1442 1518 1476 et

118 1491 301 1532 iumento
334 1492 558 1543 imponitur
582 1498 705 1543 atque
729 1506 781 1534 ex
811 1495 933 1535 domo
959 1493 1035 1534 s‘ua
1055 1495 1108 1534 ad
1131 1499 1369 1544 praetorem
1391 1493 1432 1532 in
1451 1504 1518 1533 co-

120 1548 277 1588 mitium
300 1559 412 1588 noua
428 1549 583 1589 funeris
609 1549 711 1589 facie
729 1550 911 1590 effertur.
974 1550 1103 1600 Quam
1128 1549 1236 1590 enim
1268 1551 1321 1592 ob
1348 1560 1518 1590 causam

120 1605 265 1644 morbo
284 1605 472 1645 adfectus
491 1611 530 1646 et
556 1606 609 1645 ad
632 1607 972 1656 respondendum
997 1618 1073 1657 pro
1095 1617 1192 1647 sese
1217 1618 1300 1647 non
1325 1605 1516 1654 idoneus,

64 1664 108 1697 12
119 1661 300 1701 iumento
326 1662 557 1701 adhaerens
575 1662 615 1701 in
636 1662 699 1702 ius
716 1662 956 1704 aduersario
977 1662 1246 1713 deportatur?
1275 1663 1397 1712 Quod
1413 1672 1515 1701 uero

121 1716 215 1764 dixi,
239 1717 371 1756 uideri
389 1718 593 1781 quaedam
611 1730 705 1758 esse
722 1719 916 1768 inpendio
939 1719 1140 1767 molliora,
1171 1729 1310 1760 nonne
1326 1717 1399 1758 tibi
1417 1729 1518 1767 quo-

121 1784 201 1822 que
217 1772 381 1813 uidetur
394 1773 513 1813 nimis
532 1785 627 1814 esse
644 1775 827 1823 dilutum,
846 1776 959 1825 quod
983 1775 1038 1814 ita
1056 1776 1107 1815 de
1123 1774 1268 1814 iniuria
1283 1773 1519 1825 poenienda

121 1828 320 1878 scriptum
353 1835 441 1869 est:
485 1830 537 1870 Si
572 1830 707 1870 iniui
717 1831 857 1879 ia[m]
899 1831 1055 1871 alteri
1097 1831 1279 1894 faxsit,
1329 1829 1518 1879 uiginti

122 1883 347 1935 quinque
371 1886 508 1926 aeris
526 1897 724 1936 poenae
750 1892 918 1928 sun·.to
951 1887 1048 1937 Quis
1072 1887 1178 1926 enim
1191 1886 1267 1927 erit
1281 1891 1364 1926 tam
1380 1885 1515 1934 inops,

122 1951 244 1989 quem
261 1941 343 1981 ab'
334 1941 503 1981 miuriae
521 1943 734 1983 faciendae
758 1943 923 1983 libidine
948 1943 1090 1993 uiginti
1107 1943 1289 1994 quinque
1311 1953 1429 1982 asses
1448 1942 1516 1981 de-

65 2006 109 2041 13
122 1999 324 2036 terreant?
344 1999 485 2047 Itaque
503 2010 595 2038 cum
613 2010 703 2039 eam
719 2001 987 2049 legem†cum
1004 2000 1104 2039 Lab
1117 2011 1171 2040 eo
1191 2010 1360 2049 quoque
1375 2002 1517 2039 uester

120 2051 157 2090 in
182 2052 352 2101 libris,
386 2065 514 2103 quos
549 2056 608 2094 ad
633 2056 910 2095 duodecim
940 2056 1147 2096 tabulas
1174 2053 1514 2104 conseripsit,

120 2117 203 2146 non
221 2109 428 2158 probaret,
461 2115 475 2159 [
480 2140 604 2150 .....
608 2116 636 2175 ],
663 2111 805 2161 inquit,
825 2113 885 2151 <L.
903 2111 1096 2152 Veratius
1115 2111 1190 2151 fuit
1206 2110 1372 2162 egregie
1389 2110 1514 2150 homo
1555 2156 1557 2158 ,

118 2160 320 2212 inpiobus
343 2171 467 2215 atque
483 2166 635 2206 inmani
651 2168 862 2207 uecordia.
908 2169 946 2207 Is
969 2179 1045 2218 pro
1069 2167 1369 2213 delectamento
1391 2165 1516 2206 habe-

120 2217 199 2265 bat,
234 2231 281 2259 os
311 2222 486 2263 hominis
515 2223 631 2263 liberi
658 2235 803 2264 manus
829 2235 929 2263 suae
953 2225 1091 2274 palma
1116 2223 1351 2263 ueiberare.
1411 2223 1542 2262 Eum.
1553 2237 1576 2246 -κ
