1635 2492
0 127 26 314 ξ

0 372 11 421 Ξ

86 0 121 14 ‘F-
143 0 189 5 .r-

611 19 716 59 XIlI.
747 32 823 60 xli.
849 33 938 61 x111.
1450 26 1502 67 Sl

167 128 300 170 Huius
330 140 408 181 ego
436 130 558 181 iuris,
603 135 719 183 quod
746 135 803 175 M.
828 136 994 177 Varro
1027 138 1168 187 tradit,
1208 140 1538 182 Labeonem?

84 185 263 227 arbitror
284 198 395 226 uana
422 192 521 228 tunc
549 189 721 240 fiducia,
751 202 845 232 cum
873 193 1062 243 priuatus
1091 202 1223 245 esset,
1261 204 1452 238 uocatum
1481 210 1506 238 a

82 242 259 283 tribunis
282 255 365 284 non
390 244 490 286 isse.
554 247 688 297 Quae,
725 250 896 297 malum,
935 257 1071 291 autem
1095 252 1199 293 ratio
1223 255 1299 294 fuit
1319 256 1505 296 uocanti·
1521 261 1544 298 8

83 299 162 339 bus
192 301 305 341 nolle
333 301 530 353 obsequi,
572 317 680 355 quos
711 306 940 347 confiteare
970 308 1034 349 ius
1064 310 1219 351 habere
1245 313 1505 362 prendendi?

82 357 183 396 Nam
206 357 277 408 qui
297 356 387 398 iure
411 360 561 410 prendi
581 367 744 413 potest,
780 369 820 404 et
841 364 880 403 in
904 364 1073 407 uincula
1097 367 1191 407 duci
1214 374 1369 419 potest.
1421 370 1540 411 Sede

83 414 383 463 quaerentibus
415 417 560 467 nobis,
594 431 718 469 quam
740 421 793 461 ob
821 432 989 462 causan]
1013 424 1183 472 tribuni,
1215 426 1284 475 qui
1305 427 1507 467 haberent

83 481 288 510 summam
318 475 542 514 coercendi
570 481 845 527 potestatem,
885 479 948 520 ius
973 482 1155 521 uocandi
1179 494 1261 522 non
1287 484 1506 524 habuerint

84 530 118 575 [.
137 557 146 566 .
167 557 177 567 .
200 532 258 578 .]‚
304 531 419 579 quod
449 532 601 573 tribuni
629 535 762 584 plebis
786 536 1012 586 antiquitus
1042 540 1169 578 creati
1197 539 1394 580 uidentur
1421 553 1504 581 non

81 583 162 624 iuri
182 584 364 627 dicundo
396 599 475 628 nec
495 590 634 631 causis
659 593 925 643 querelisque
961 596 1012 635 de
1050 596 1294 637 absentibus
1328 609 1504 638 noscen-

83 641 168 689 dis,
205 643 282 682 sed
311 642 683 689 intercessionibus
712 650 934 699 faciendis,
979 654 1150 703 (quibus
1180 665 1384 704 praesens
1408 656 1505 695 fuis-

83 702 186 746 set,)
207 703 253 738 ut
278 699 437 750 iniuria,
461 715 568 753 quae
591 717 731 746 coram
756 707 894 756 fieret,
933 716 1168 759 arceretur;
1202 723 1249 751 ac
1277 718 1506 763 propterea

81 754 146 795 ius
171 755 425 798 abnoctandi
447 762 710 814 ademptum,
748 765 964 815 quoniam,
1004 773 1050 807 ut
1074 768 1156 807 uim
1182 768 1271 808 fieri
1299 775 1503 818 uetarent,

82 811 334 854 adsiduitate
357 827 502 858 eorum
525 824 565 859 et
588 822 872 870 praesentium
894 824 1026 864 oculis
1047 837 1154 876 opus
1179 832 1279 866 erat.

744 913 850 953 XIII.

81 965 195 1018 Quod
222 975 259 1010 in
281 976 386 1013 libris
409 977 660 1017 humanarum
688 982 738 1018 M.
759 983 944 1021 Varronis
978 987 1156 1023 scribtum
1188 993 1263 1031 est,
1298 988 1442 1026 aediles
1469 994 1504 1025 et

140 1036 362 1077 quaestores
378 1038 508 1083 populi
526 1037 687 1074 Romani
711 1040 748 1075 ln
772 1041 829 1077 lus
852 1052 873 1077 a
894 1045 1042 1089 priuato
1067 1044 1115 1080 ad
1137 1050 1350 1092 praetorem
1373 1049 1502 1083 uocari

137 1099 268 1134 posse.

167 1163 268 1204 Cum
297 1176 349 1205 ex
374 1169 535 1218 angulis
560 1172 820 1224 secretisque
845 1174 1042 1215 librorum
1073 1187 1119 1216 ac
1144 1177 1439 1227 magistrorum
1461 1181 1500 1220 in
1521 1184 1539 1218 l

80 1219 262 1260 medium
287 1221 367 1263 iam
392 1224 606 1268 hominum
636 1234 677 1268 et
710 1231 748 1269 in
773 1232 906 1271 lucem
934 1233 1012 1272 fori
1040 1234 1299 1284 prodissem,
1340 1238 1502 1286 quaesi-

81 1281 166 1316 tum
189 1288 287 1318 esse
310 1281 476 1322 memini
499 1283 538 1324 in
560 1285 773 1336 plerisque
794 1289 951 1328 Romae
974 1290 1223 1332 stationibus
1245 1292 1308 1332 ius
1335 1294 1500 1343 publice

80 1332 319 1376 docentium
342 1343 413 1378 aut
442 1343 806 1392 respondentium,
846 1357 896 1386 an
926 1352 1127 1395 quaestor
1157 1349 1303 1399 populi
1325 1351 1502 1391 Romani

80 1401 104 1429 a
131 1397 326 1441 praetore
355 1394 395 1434 in
426 1395 490 1437 ius
519 1400 663 1440 uocari
693 1408 852 1450 posset.
914 1403 960 1442 Id
997 1410 1134 1444 autem
1166 1417 1248 1446 non
1284 1418 1335 1447 ex
1366 1409 1540 1449 otiosa?-

79 1449 328 1497 quaestione
348 1452 602 1504 agitabatur,
637 1459 714 1497 sed
743 1471 847 1500 usus
875 1461 980 1501 forte
1004 1467 1124 1502 natae
1147 1463 1206 1502 rei
1236 1464 1291 1503 ita
1313 1471 1419 1513 erat,
1458 1474 1501 1506 ut

77 1507 296 1547 uocandus
323 1515 438 1549 esset
458 1511 498 1551 in
527 1512 591 1554 ius
613 1522 826 1565 quaestor.
888 1518 978 1557 Non
1000 1520 1123 1569 pauci
1146 1520 1269 1570 igitur
1293 1522 1501 1562 existima-
1517 1523 1539 1559 3

78 1561 197 1610 bant,
219 1563 283 1604 ius
304 1567 538 1609 uocationis
560 1570 600 1610 in
628 1583 720 1611 eum
742 1575 927 1623 praetori
952 1587 1034 1615 non
1059 1588 1167 1618 esse.
1200 1578 1395 1626 quoniam
1419 1591 1499 1618 ma-

76 1617 276 1668 gistratus
304 1624 449 1674 populi
470 1626 648 1667 Rotnani
679 1632 826 1679 procul
848 1632 973 1672 (lubio
1000 1640 1114 1673 esset
1137 1639 1176 1672 et
1198 1646 1335 1684 neque
1356 1638 1501 1676 uocari

77 1686 228 1726 neque,
250 1678 285 1718 si
303 1681 446 1722 uenire
466 1685 612 1733 nollet,
649 1686 741 1737 capi
761 1693 886 1738 atque
912 1690 1083 1740 prendi,
1122 1692 1238 1730 salua
1263 1691 1395 1742 ipsius
1419 1704 1499 1733 ma-

2 1737 12 1783 Ϊ
35 1756 38 1759 «
76 1731 275 1782 gistratus
306 1737 541 1789 maiestate,
565 1747 727 1792 posset.
791 1744 875 1785 Sed
899 1757 999 1796 ego,
1026 1747 1095 1797 qui
1118 1752 1205 1787 tum
1227 1749 1430 1790 adsiduus
1459 1750 1499 1790 in
1516 1751 1540 1787 4

2 1795 19 1837 Q
77 1788 190 1830 libris
202 1792 528 1837 M.Varronis
550 1799 627 1848 fui,
653 1811 744 1839 cum
766 1801 846 1842 hoc
868 1803 1012 1851 quaeri
1030 1804 1292 1855 dubitarique
1317 1807 1498 1847 animad-

76 1846 320 1907 uertissem,
358 1854 514 1902 protuli
548 1868 697 1897 unum
738 1864 784 1897 et
826 1859 1176 1901 uicensimum
1205 1874 1380 1903 rerum
1410 1865 1496 1904 hu-

77 1913 355 1957 manarum,
398 1909 438 1949 in
478 1923 560 1962 quo
592 1913 649 1954 ita
681 1915 880 1955 scribtum
905 1916 998 1956 fuit:
1052 1919 1142 1968 Qui
1171 1922 1497 1970 potestatem

76 1971 248 2011 neque
287 1966 593 2011 uocationis
633 1973 818 2023 populi
848 1973 1043 2014 uiritim
1075 1976 1284 2025 habent,
1329 1989 1495 2028 neque

8 2032 33 2055 v.
74 2019 401 2072 prensionis,
431 2036 519 2066 eos
553 2028 894 2079 magistratus
920 2042 943 2070 a
966 2032 1167 2081 priuato
1200 2034 1249 2073 in
1271 2034 1348 2073 ius
1372 2046 1494 2084 quo-

76 2085 175 2124 que
201 2080 383 2119 uocari
415 2087 493 2122 est
516 2091 774 2135 potestas.
808 2088 861 2127 M.
884 2089 1164 2138 Laeuinus,
1198 2090 1388 2131 aedilis
1411 2102 1493 2131 cu-

74 2131 227 2183 rulis,
259 2146 283 2175 a
311 2137 520 2186 priuato
549 2144 610 2182 ad
631 2150 926 2193 praetorem
948 2145 994 2185 in
1026 2147 1106 2187 ius
1134 2154 1215 2188 est
1243 2148 1493 2195 eductus;

6 2203 17 2229 :2
74 2199 212 2231 nunc
234 2192 419 2245 stipati
444 2200 613 2241 seruis
634 2202 869 2251 publicis
891 2214 991 2242 non
1016 2205 1164 2245 modo
1189 2204 1373 2255 prendi
1396 2217 1495 2245 non

7 2234 19 2262 J

7 2270 27 2316 εἷ

0 2301 32 2354 ¹11.

74 2257 323 2344 pods-sunt,
356 2256 446 2295 sed
475 2257 628 2298 etiam
659 2261 800 2299 ultro
835 2260 1149 2301 submonent
1181 2262 1440 2313 populum.

163 2321 287 2348 Eimvs
310 2312 359 2351 ΙΙ.
1222 2322 1248 2360 o*
