1635 2492
652 19 761 58 XVI.
787 30 828 58 x.
850 30 907 58 x1.
1412 19 1492 61 161

75 133 146 174 lati
163 138 283 181 sunt,
312 131 383 183 qui
407 143 507 171 uero
531 133 644 171 nullo
669 136 741 170 aut
761 142 964 181 perquam
987 139 1120 182 paruo
1147 143 1244 171 aere
1267 133 1494 173 censeban-

77 196 157 240 tur,
188 194 201 214 ³
215 188 351 240 capite
375 188 514 228 censi'
539 188 817 236 uocabantur,
848 193 1062 228 extremus
1083 193 1221 228 autem
1245 200 1398 230 census
1430 201 1495 230 ca·

77 246 163 298 pite
187 257 413 286 censorum
437 244 545 285 aeris
571 245 646 285 fuit
666 244 863 284 trecentis
890 244 1154 295 septuaginta
1178 245 1376 296 quinque.
1410 247 1550 287 Sedll

80 303 279 354 quoniam
308 314 377 343 res
405 301 668 352 pecuniaque
697 301 908 341 familiaris
936 302 1094 342 obsidis
1126 302 1260 342 uicem
1294 303 1495 353 pigneris-

79 371 161 411 que
198 372 297 400 esse
324 360 436 409 apud
465 370 596 408 remp.
619 358 841 398 uidebatur
865 359 1106 408 amorisque
1127 359 1166 398 in
1190 359 1364 409 patriam
1387 361 1493 400 fides

79 418 288 468 quaedam
302 416 343 456 in
366 428 416 456 ea
433 416 824 465 firmamentumque
845 420 945 463 crat,
967 427 1105 465 neque
1120 416 1334 466 proletarii
1356 428 1493 467 neque

79 473 217 524 capite
240 473 356 513 censi
376 472 547 521 milites,
589 472 667 513 nisi
689 472 728 511 in
754 474 932 512 tumultu
956 472 1157 520 maximo,
1190 474 1491 522 scribebantur,

79 531 176 581 quia
202 529 353 570 familia
368 529 632 580 pecuniaque
655 529 718 569 his
738 535 809 569 aut
827 529 965 569 tenuis
985 534 1055 568 aut
1076 531 1188 569 nulla
1209 536 1336 570 esset.
1397 531 1552 572 Pro-12

77 586 319 628 letariorum
344 592 482 627 tamen
508 587 614 626 ordo
642 586 861 626 honestior
880 586 1091 637 aliquanto
1118 592 1159 626 et
1182 598 1227 626 re
1250 591 1291 626 et
1312 587 1492 636 nomine,

79 656 204 695 quam
226 643 362 695 capite
385 655 608 683 censorum
630 643 724 683 suit:
756 655 851 682 nam
876 648 916 682 ct
934 643 1096 694 asperis
1120 643 1374 694 reipublicae
1394 649 1552 685 tem-13

76 700 273 753 poribus,
307 712 400 740 cum
424 699 652 740 iuuentutis
672 700 814 750 inopia
836 705 969 749 esset,
1001 700 1039 739 in
1064 700 1247 740 militiam
1274 702 1493 741 tumultua-

76 757 180 798 riam
207 758 455 807 legebantur
480 768 679 808 armaque
708 757 742 797 is
777 763 946 808 sumptu
980 757 1146 806 publico
1170 758 1492 808 praebebantur,

77 819 120 855 et
142 826 227 855 non
251 813 397 865 capitis
416 813 628 862 censione,
662 815 737 854 sed
755 814 1027 865 prosperiore
1045 815 1254 855 uocabulo
1275 827 1299 854 a
1321 826 1492 855 munere

79 871 306 922 officioque
328 870 460 922 prolis
477 871 667 911 edendae
690 872 885 922 appellati
904 876 1021 919 sunt,
1043 872 1177 922 quod,
1201 883 1293 911 cum
1315 883 1361 911 re
1381 872 1493 911 sami-

76 928 165 968 liari
187 940 320 980 parua
337 927 471 968 minus
488 933 667 979 possent
686 928 984 979 rempublicam
1001 928 1157 977 iuuare,
1177 928 1336 968 subolis
1355 934 1491 968 tamen

77 985 313 1036 gignendae
355 985 478 1036 copia
514 985 721 1025 ciuitatem
759 988 1084 1035 frequentarent.
1149 985 1290 1036 Capite
1340 997 1492 1026 censos
1508 998 1553 1031 14

78 1047 216 1082 autem
240 1041 398 1092 primus
423 1043 465 1082 C.
493 1042 672 1090 Marius,
704 1047 750 1082 ut
779 1042 946 1092 quidam
972 1044 1128 1091 serunt,
1155 1042 1264 1082 bello
1291 1043 1492 1082 Cimbrico

79 1098 330 1139 difficillimis
366 1099 619 1149 reipublicae
647 1099 907 1148 temporibus
938 1100 1005 1138 uel
1043 1100 1204 1149 potius,
1244 1105 1290 1138 ut
1320 1099 1493 1139 Sallu-

79 1155 216 1196 stius
241 1155 309 1204 ait,
340 1155 452 1195 bello
474 1155 714 1205 Iugurthino
737 1155 885 1196 milites
910 1155 1157 1206 scripsissse
1179 1156 1366 1204 traditur,
1401 1168 1493 1195 cum

77 1212 119 1252 id
142 1213 297 1252 sactum
319 1217 415 1252 ante
447 1211 487 1251 in
515 1214 627 1252 nulla
648 1212 848 1252 memoria
865 1218 1039 1252 extaret.
1087 1213 1337 1253 ‘Adsiduus’
1360 1213 1400 1253 in
1423 1213 1551 1254 XIIl5

77 1269 229 1309 tabulis
244 1281 322 1320 pro
340 1270 550 1320 locuplete
572 1274 613 1308 et
634 1269 751 1309 facile
775 1270 938 1309 facienti
957 1269 1092 1310 dictus
1119 1275 1190 1309 aut
1210 1270 1260 1309 ab
1279 1269 1492 1318 (assiduis,

78 1327 150 1375 ab)
182 1337 280 1366 aere
309 1326 475 1375 dando,
508 1337 601 1365 cum
631 1326 672 1365 id
706 1331 898 1376 tempora
932 1326 1186 1376 reipublicae
1219 1328 1493 1376 postularent,

77 1388 150 1424 aut
175 1394 199 1422 a
221 1383 403 1423 muneris
426 1394 502 1433 pro
529 1382 716 1422 familiari
741 1384 862 1434 copia
884 1383 1061 1423 faciendi
1085 1383 1367 1423 adsiduitate’.

158 1440 301 1480 Verba
332 1445 469 1480 autem
502 1440 729 1480 Sallusti
764 1440 804 1480 in
840 1440 1064 1480 historia
1098 1440 1408 1491 Iugurthina
1444 1441 1553 1480 delfi

78 1497 120 1538 C.
148 1496 281 1537 Mario
314 1498 489 1537 consule
510 1502 551 1536 et
579 1498 632 1536 de
656 1497 791 1548 capite
817 1497 956 1537 censis
982 1498 1085 1537 haec
1114 1503 1231 1537 sunt:
1269 1499 1392 1548 Ipse
1422 1497 1495 1537 in-

74 1558 223 1594 terea
261 1553 461 1594 milites
493 1554 757 1602 scribere,
795 1565 895 1594 non
931 1565 1071 1594 more
1107 1554 1363 1594 maiorum
1402 1565 1495 1593 nec

76 1621 138 1650 ex
177 1609 469 1659 classibus,
513 1611 607 1651 sed
647 1616 701 1650 ut
730 1611 897 1650 libido
935 1611 1202 1661 cuiusque
1233 1616 1370 1658 erat,
1413 1622 1495 1650 ca-

76 1667 184 1718 pite
225 1678 418 1708 censos
465 1668 783 1717 plerosque.
845 1668 900 1706 Id
939 1670 1132 1707 sactum
1177 1667 1263 1707 alii
1312 1667 1496 1718 inopia

75 1724 356 1772 bonorum,
396 1723 486 1763 alii
524 1735 619 1773 per
655 1724 993 1764 ambitionem
1024 1724 1268 1764 consulis
1309 1735 1494 1764 memo·

76 1781 285 1829 rabant,
328 1781 463 1832 quod
500 1781 557 1820 ab
599 1792 656 1821 eo
702 1792 893 1831 genere
934 1781 1243 1821 celebratus
1276 1786 1494 1821 auctus-

77 1848 172 1887 que
210 1842 323 1877 erat
369 1843 419 1877 et
463 1838 658 1878 homini
698 1837 990 1888 potentiam
1027 1837 1306 1888 quaerenti
1340 1849 1495 1889 egen-

75 1893 194 1934 tissi
209 1905 248 1933 m
265 1906 321 1934 us
349 1894 573 1945 quisque
605 1906 664 1944 op
679 1893 1068 1934 ortunissimus.

767 1985 836 2025 XI.

76 2043 244 2081 Historia
269 2055 318 2081 ex
339 2045 524 2082 Herodoti
553 2046 657 2082 libris
680 2049 828 2092 sumpta
848 2044 895 2081 de
917 2046 1131 2093 Psyllorum
1161 2047 1311 2083 interitu
1326 2075 1334 2091 ‚
1368 2048 1431 2094 qui
1454 2048 1491 2083 in

481 2101 656 2149 Syrtibus
682 2102 874 2138 Africanis
900 2103 1088 2138 colebant.

193 2178 304 2219 Gens
340 2177 380 2219 in
417 2178 531 2219 Italia
568 2180 807 2219 Marsorum
847 2184 938 2219 orta
980 2180 1110 2220 fertur
1147 2192 1172 2220 a
1207 2180 1349 2221 Circae
1390 2180 1530 2221 filio.1

78 2233 497 2330 PrgptereaHMarsis
535 2235 791 2285 hominibus,
839 2247 1016 2286 quorum
1056 2237 1269 2334 dumtaxlalt
1315 2237 1533 2278 familiae2

170 2304 291 2329 ELLtvs
354 2321 363 2330 .
