1619 2476
76 61 130 103 26
506 67 654 103 INDEX
692 66 1051 105 CAPITVLORVM.

193 178 285 214 VIII.
339 179 561 223 Quaesitum
601 191 689 215 esse
722 179 1035 228 dissensumque,
1084 193 1131 218 an
1161 182 1379 228 praefectus
1417 183 1488 220 La-

75 235 235 270 tinarum
268 247 386 272 eausa
420 241 568 271 creatus
611 237 670 271 ius
711 241 865 273 senatus
907 238 1146 274 conuocandi
1185 239 1487 286 consulendique

72 289 226 327 habeat.

337 383 599 422 CAPITVLA
638 384 777 423 LIBRI
815 383 990 432 QVINTI
1027 383 1224 423 DECIMI.

184 460 210 494 1.
244 460 353 504 Quod
384 462 422 496 in
456 461 579 506 Quinti
608 461 752 498 Claudii
785 462 983 498 annalibus
1011 463 1191 508 scriptum
1223 467 1298 507 est,
1341 463 1486 511 lignum

72 516 235 552 alumine
253 518 406 553 oblitum
425 529 499 553 non
519 518 667 553 ardere.

183 574 228 608 ΙΙ.
261 573 370 618 Quod
386 575 490 610 Plato
508 577 545 610 in
565 576 687 618 libris,
721 586 815 621 quos
841 575 888 610 dc
907 575 1055 622 legibus
1081 575 1314 620 composuit,
1346 576 1485 623 largio-

69 639 131 664 res
149 629 403 677 laetioresque.
422 632 458 666 in
478 632 666 667 conuiuiis
684 632 991 667 inuitatiunculas
1018 632 1096 666 uini
1120 642 1195 666 non
1219 632 1371 668 inutiles
1397 643 1484 668 esse

71 686 316 722 existimauit.

185 742 244 777 III.
275 743 373 786 Quid
395 744 444 779 M.
473 743 604 779 Cicero
629 744 676 779 de
699 745 885 790 particula
911 745 984 779 ista
1009 745 1172 780 senserit
1198 745 1481 791 scripseritque,

71 807 168 843 quae
199 801 419 846 praeposita
452 806 509 835 est
539 802 666 837 uerbis
702 802 856 847 aufugio
893 805 928 836 et
960 801 1112 845 auscr03
1151 805 1187 836 et
1219 811 1266 836 an
1298 801 1336 836 in
1365 803 1481 837 uerbo

72 858 223 890 autumo
243 856 377 891 eadem
395 858 514 892 istaec
530 858 765 903 praepositio
784 870 871 893 esse
888 857 1009 892 uideri
1029 857 1179 893 debeat.

183 912 260 946 IIII.
304 912 469 949 Historia
501 912 547 948 de
578 913 756 949 Ventidio
793 913 935 957 Basso,
977 913 1133 960 ignobili
1164 912 1337 958 homine,
1371 925 1480 960 quem

69 967 231 1012 primum
252 967 298 1004 (le
319 969 466 1004 Parthis
485 969 759 1015 triumphasse,
780 971 986 1005 memoriae
1008 969 1185 1006 traditum
1203 974 1273 1006 est.

182 1025 230 1059 V.
267 1025 433 1061 Verbum
462 1025 625 1072 prossigo
656 1038 677 1061 a
706 1027 900 1072 plerisque
933 1026 1007 1063 dici
1037 1027 1229 1072 inproprie
1255 1026 1480 1073 insciteque.

182 1081 246 1116 VI.
278 1082 317 1116 In
351 1083 443 1118 libro
480 1082 530 1117 M.
563 1082 755 1118 Ciceronis
788 1083 835 1118 de
872 1083 994 1129 gloria
1031 1082 1200 1119 secundo
1239 1083 1479 1119 manifestum

70 1142 235 1173 erratum
273 1139 309 1172 in
346 1150 391 1174 ea
427 1143 555 1186 parte,
600 1140 637 1174 in
677 1150 750 1185 qua
789 1140 968 1175 scribtum
1009 1144 1066 1175 est
1101 1150 1214 1186 super
1250 1138 1413 1175 Hectore
1446 1144 1482 1176 et

67 1194 203 1229 Aiace.

181 1251 261 1286 VII.
294 1250 544 1287 Obseruatum
570 1263 656 1287 esse
684 1253 722 1287 in
747 1254 922 1295 senibus,
954 1251 1056 1298 quod
1081 1263 1218 1287 annum
1242 1253 1320 1287 sere
1345 1253 1480 1288 aetatis

68 1307 216 1342 tertium
249 1313 284 1342 et
317 1308 626 1354 sexagensimum
659 1313 773 1354 agant
811 1313 874 1344 aut
910 1309 1100 1344 laboribus
1135 1312 1198 1344 aut
1236 1309 1389 1344 interitu
1418 1313 1482 1344 aut

69 1361 180 1398 clade
210 1364 336 1410 aliqua
368 1364 606 1409 insignitum;
647 1369 757 1410 atque
785 1366 875 1400 inibi
905 1376 1018 1410 super
1048 1364 1184 1401 eadem
1212 1366 1480 1401 obseruatione

70 1420 284 1466 exemplum
317 1419 531 1466 adpositum
554 1421 739 1466 epistulae
761 1421 838 1457 diui
863 1421 1026 1467 Augusti
1061 1420 1109 1456 ad
1133 1420 1266 1457 Gaium
1289 1420 1420 1457 filium.

182 1477 279 1511 VIII.
326 1476 449 1512 Locus
487 1488 534 1512 ex
571 1478 741 1513 oratione
778 1478 978 1522 Fauorini,
1023 1478 1173 1520 ueteris„
1207 1478 1387 1522 oratoris,
1431 1477 1479 1513 de

68 1544 248 1570 cenarum
274 1538 385 1580 atque
409 1534 581 1568 luxuriae
607 1535 918 1580 obprobratione,
949 1545 1023 1580 qua
1038 1545 1130 1570 usus
1148 1538 1224 1578 est,
1253 1544 1337 1570 cum
1355 1534 1479 1581 legem

67 1590 252 1627 Liciniam
273 1590 320 1626 de
340 1594 490 1635 sumptu
504 1590 709 1626 minuendo
729 1592 861 1627 suasit.

179 1646 292 1682 VIIII.
326 1645 435 1691 Quod
462 1645 650 1682 Caecilius
674 1653 788 1693 poeta
811 1649 969 1683 frontem
994 1658 1135 1694 genere
1160 1647 1259 1682 uirili
1291 1657 1367 1682 non
1387 1657 1476 1693 poe-

67 1705 159 1747 tice,
190 1703 260 1738 sed
285 1714 369 1739 cum
386 1703 608 1748 probatione
627 1708 662 1739 et
679 1715 763 1739 cum
782 1705 961 1751 analogia
982 1703 1200 1749 appellauit.

180 1759 227 1794 X.
270 1760 324 1795 De
366 1760 575 1795 uoluntario
617 1765 652 1794 et
694 1760 918 1796 admirando
964 1760 1114 1796 interitu
1149 1760 1336 1805 uirginum
1372 1759 1478 1795 Mile-

68 1817 220 1853 siarum.

179 1872 243 1907 XI.
274 1872 401 1907 Verba
425 1873 743 1908 senatusconsulti
774 1873 821 1908 de
850 1872 1049 1920 exigendis
1081 1873 1173 1908 urbe
1207 1871 1329 1907 Roma
1355 1871 1478 1918 philo-

68 1928 223 1975 sophis3
261 1929 350 1964 item
379 1929 496 1963 uerba
528 1927 641 1964 edicti
674 1940 895 1974 censorum,
933 1941 1006 1976 quo
1039 1929 1223 1975 inprobati
1254 1933 1290 1964 et
1321 1929 1480 1964 coerciti

67 1990 171 2028 sunt⁷
201 1985 262 2030 qui
300 1984 539 2030 disciplinam
574 1984 802 2022 rhetoricam
831 1986 1027 2022 instituere
1061 1990 1097 2021 et
1126 1995 1306 2021 exercere
1333 1983 1476 2020 Romae

67 2046 285 2087 coeperant.

177 2096 257 2131 XII.
291 2097 413 2131 Locus
440 2108 486 2132 ex
508 2099 677 2133 oratione
702 2098 863 2134 Gracchi
891 2099 936 2134 de
961 2098 1197 2145 parsimonia
1228 2107 1271 2133 ac
1298 2095 1345 2131 de
1365 2095 1475 2142 pudi-

66 2153 157 2188 citia
174 2164 243 2188 sua
258 2154 610 2189 memoratissimus.

177 2208 274 2244 XIII.
308 2208 361 2243 De
383 2209 508 2244 uerbis
531 2210 754 2255 inopinatis,
788 2221 884 2256 quae
901 2216 1215 2257 utroqueuersum
1239 2208 1414 2244 dicuntur
1438 2211 1477 2242 et

67 2276 89 2300 a
105 2265 361 2311 grammaticis
384 2267 598 2301 communia
614 2271 810 2302 uocantur.
