1619 2476
146 84 229 126 150
742 85 857 123 XVI.·
883 95 945 123 111.

816 196 881 236 111.

145 282 313 325 Quanam
335 280 478 314 ratione
503 277 601 313 effici
622 278 758 314 dixerit
778 279 1027 316 Erasistratus
1048 279 1240 325 medicus,
1263 280 1295 317 si
1317 280 1422 317 cibus
1450 280 1542 315 forte

201 337 331 380 deerit,
353 340 392 371 ut
416 335 564 371 tolerari
585 335 853 382 aliquantisper
874 336 1004 372 inedia
1025 337 1148 383 possit
1169 340 1204 372 et
1228 337 1376 373 tolerari
1398 337 1541 381 sames;

201 395 391 438 uerbaque
410 393 492 438 ipsa
509 392 723 428 Erasistrati
742 403 854 439 super
872 404 917 428 ea
935 404 973 428 re
992 393 1146 439 scripta.

105 490 124 522 1
227 482 325 520 Cum
356 479 615 519 Fauorino
645 480 803 519 Romae
839 479 927 520 dies
958 481 1203 530 plerumque
1233 484 1345 520 totos
1379 491 1542 519 eramus

140 537 391 586 tenebatque
409 536 569 576 animos
589 541 758 576 nostros
777 537 901 576 homo
920 536 987 576 1116
1005 536 1117 576 fandi
1134 536 1398 577 dulcissimus
1416 541 1541 586 atque

141 605 254 641 eum,
289 604 458 643 quoquo
485 593 580 640 iret,
615 593 731 642 quasi
749 604 799 632 ex
816 593 953 643 ling-ua
978 604 1173 643 prorsum
1199 593 1286 633 eius
1317 592 1425 643 capti
1448 604 1543 643 pro-

142 650 442 700 sequebamur:
491 649 545 688 ita
586 650 848 690 sermonibus
884 661 1191 700 usquequaque
1235 648 1541 690 amoenissimis

104 714 127 747 2
144 707 416 747 demulcebat.
478 707 580 745 Tum
617 707 670 744 ad
703 707 908 755 quendam
943 717 1114 757 aegrum
1149 718 1242 746 cum
1274 705 1380 747 isset
1404 705 1542 746 uisere

140 775 304 813 nosque
331 775 423 803 cum
441 774 489 802 eo
515 773 597 801 una
613 762 904 803 introissemus
931 764 1141 813 multaque
1158 763 1212 803 ad
1235 762 1440 810 medicos,
1474 762 1542 811 qui

138 825 225 859 tum
243 821 350 859 forte
367 819 459 860 istic
478 824 606 867 erant,
635 819 870 860 ualitudinis
892 818 980 860 eius
1003 819 1156 870 gratia,
1178 819 1367 860 oratione
1385 819 1543 858 Graeca

141 876 334 916 dixisset:
368 880 433 915 ‘ac
466 887 517 915 ne
542 876 622 916 hoc
649 876 815 926 quidem
836 876 1013 925 mirum’,
1046 876 1194 926 inquit,
1229 875 1377 915 ‘uideri
1404 875 1538 922 debet,

141 934 275 983 quod,
309 944 401 972 cum
433 933 607 972 antehac
640 944 806 983 semper
829 932 983 973 edundi
1016 932 1138 972 suerit
1167 933 1369 983 adpetens
1385 963 1394 979 ‚
1429 942 1539 970 nunc

139 994 237 1039 post
260 990 502 1039 imperatam
526 989 704 1028 inediam
730 990 852 1029 tridui
879 989 1012 1030 omnis
1039 989 1128 1029 eius
1151 988 1349 1039 adpetitio
1368 987 1540 1039 prIstina

100 1053 123 1088 3
140 1046 379 1096 clanguerit.
441 1048 540 1086 Nam
575 1048 687 1096 quod
726 1046 875 1086 Erasi
889 1050 1092 1087 stratus
1125 1045 1363 1096 scriptum’,
1394 1044 1538 1094 inquit,

140 1103 339 1152 (reliquit,
386 1104 691 1153 propemodum
734 1115 880 1143 uerum
935 1108 1021 1143 est:
1071 1102 1338 1143 esuritionem
1388 1101 1542 1141 faciunt

137 1159 281 1199 inanes
311 1164 588 1209 patentesque
612 1160 901 1200 intestinorum
927 1160 1056 1199 fibrae
1074 1164 1115 1198 et
1132 1170 1235 1199 caua
1250 1158 1360 1198 intus
1381 1157 1538 1198 uentris

138 1226 187 1254 ac
208 1216 411 1256 stomachi
427 1227 559 1256 uacua
585 1221 625 1255 et
645 1217 818 1264 hiantia3
851 1227 957 1266 quae
987 1215 1057 1255 ubi
1081 1220 1151 1255 aut
1177 1216 1268 1256 cibo
1295 1215 1537 1264 conplentur

139 1277 209 1311 aut
229 1272 424 1312 inanitate
447 1272 602 1312 diutina
620 1274 917 1313 contrahuntur
933 1278 974 1312 et
992 1272 1206 1320 coniuent,
1238 1277 1337 1311 tunc
1353 1272 1468 1318 loco,
1499 1270 1538 1308 in

140 1340 262 1377 quem
293 1330 408 1368 cibus
440 1328 620 1378 capitur,
651 1331 718 1368 uel
747 1328 900 1379 stipato
924 1330 990 1368 uel
1020 1329 1219 1375 adducto,
1249 1329 1443 1366 uoluntas
1475 1336 1538 1365 ca-

98 1394 122 1428 4
137 1384 277 1435 piendi
305 1385 392 1424 eius
427 1384 776 1433 desiderandique
799 1383 1097 1433 restinguitur’.
1161 1383 1340 1433 Scythas
1371 1393 1538 1432 quoque

138 1440 192 1480 ait
209 1441 387 1480 eundem
408 1440 796 1480 Erasistratum
819 1440 970 1488 dicere,
1000 1450 1092 1479 cum
1111 1439 1164 1479 sit
1179 1450 1295 1487 usus,
1323 1443 1369 1478 ut
1387 1439 1536 1478 famem

137 1497 302 1546 longius
322 1498 520 1544 tolerent,
555 1497 703 1537 fasceis
736 1501 924 1536 uentrem
955 1496 1213 1536 strictissime
1236 1493 1533 1544 circumligare.

137 1554 197 1592 Ea
227 1553 383 1593 uentris
418 1554 719 1602 conpressione
747 1553 1012 1593 esuritionem
1044 1563 1174 1603 posse
1205 1550 1375 1602 depelli,
1408 1551 1524 1590 credi

136 1615 223 1648 tum
245 1615 322 1650 est.

98 1672 118 1704 5
222 1667 334 1706 Haec
356 1672 441 1706 tum
467 1667 568 1706 Fau
584 1667 694 1706 orin
708 1678 765 1706 us
787 1668 996 1716 multaque
1022 1665 1259 1706 istiusmodi
1285 1664 1362 1704 alia
1384 1662 1536 1702 adfabi-

102 1727 124 1763 6
141 1722 296 1763 lissime
322 1723 497 1771 dicebat,
529 1735 606 1763 nos
623 1728 760 1763 autem
776 1730 943 1773 postea,
974 1733 1066 1762 cum
1087 1722 1271 1761 librum
1288 1721 1394 1760 forte
1414 1721 1535 1759 Era-

138 1779 350 1819 sistrati
365 1781 598 1829 legeremus
617 1778 729 1819 διαι
743 1794 767 1831 ρ
781 1778 801 1818 ε’
812 1788 867 1819 σε
880 1793 951 1818 ων
975 1779 1172 1829 primum,
1197 1778 1238 1816 id
1259 1777 1394 1827 ipsum
1420 1776 1458 1814 in
1484 1787 1532 1815 eo

136 1834 254 1883 libro,
290 1836 403 1885 quod
424 1836 456 1875 F
466 1847 592 1876 auo1
602 1837 738 1876 inum
765 1836 1034 1876 audiebamus
1063 1835 1222 1882 dicere,
1255 1829 1455 1883 scriptum
1478 1833 1535 1872 of-

101 1896 121 1931 7
140 1892 357 1932 tendimus.
416 1893 557 1932 Verba
595 1893 908 1933 Erasistrati
946 1892 1001 1931 ad
1039 1902 1128 1931 eam
1163 1901 1250 1930 rem
1288 1888 1535 1952 pertinentia

135 1948 239 1987 haec
271 1953 387 1988 sunt:
428 1942 820 2000 Ἐλογιζόμεθα
863 1947 964 1988 οὐν
999 1941 1139 1996 παρὰ
1169 1940 1272 2010 τὴν
1301 1939 1534 2011 ἰσχυρὰν

137 2000 462 2056 σύμπτωσιν
494 2006 587 2070 τῆς
621 2005 839 2053 κοιλίας
872 1999 1016 2045 εἶναι
1041 2000 1138 2070 τὴν
1167 1997 1387 2055 σφόδρα
1418 1995 1533 2040 ἄσι-

135 2059 280 2099 τίαν·
332 2060 420 2101 καὶ
452 2057 554 2114 γὰρ
598 2067 714 2110 τοῖς
749 2058 1018 2102 ἐπιπλέον
1057 2053 1356 2100 ἀσιτοῦσιν
1395 2052 1533 2097 κατὰ

137 2117 473 2170 προαίρεσιν
515 2115 571 2158 ἐν
608 2123 721 2166 τοῖς
762 2113 1006 2168 πρώτοις
1034 2110 1265 2185 χρόνοις
1303 2108 1330 2167 ἡ
1369 2118 1533 2154 πεῖνα

102 2175 584 2223 8παρακολουθεῖ,
622 2169 864 2226 ὕστερον
896 2169 954 2214 δε
985 2168 1188 2213 οὐκέτι.
1248 2170 1406 2211 Deinde
1434 2181 1535 2220 pau-
1569 2187 1608 2226 „j

138 2228 775 2295 1111111111111111ῑΕἰθισμένοι
810 2227 872 2270 δέ
901 2229 1044 2270 εἰσιν
1078 2226 1170 2268 καὶ
1205 2226 1261 2268 οι
1286 2221 1532 2274 Σκύθαι,

138 2276 271 2322 ὅταν
307 2282 396 2324 διά
432 2300 552 2326 τινα
589 2282 792 2339 καιοόν
830 2280 1252 2338 ἀναγκάζωνται
1290 2277 1529 2330 otonem,
