1619 2476
159 61 240 102 116
753 62 875 101 ΧΙΠΙ.
894 73 955 100 111.

159 186 252 214 nus
280 180 409 220 eset,
449 173 533 222 qui
556 173 839 221 iudicaret,
866 173 1129 212 meliorem
1153 184 1272 213 esse
1305 175 1552 225 Gellium,

160 241 306 280 quam
336 229 560 268 Turium:
602 229 645 268 si
680 241 778 269 non
814 228 997 268 melior
1035 229 1232 269 Gellius
1265 235 1345 270 est
1378 232 1552 281 Turio,

156 285 335 336 po'tius
362 290 568 334 oportet
592 286 753 333 credi,
789 285 919 325 unde
942 284 1155 334 petitur.

818 398 883 437 111.

244 479 304 514 An
322 479 458 514 aemuli
477 478 688 526 offensique
707 479 800 515 inter
818 490 903 516 sese
921 480 1055 515 fuerint
1070 479 1283 527 Xenophon
1305 484 1342 516 et
1358 481 1474 516 Plato.

121 577 138 610 1
254 566 342 614 Qui
371 566 429 604 de
453 566 816 616 Xenophontis
837 567 1161 618 Platonisque
1185 567 1295 607 uita
1326 571 1378 607 et
1405 567 1554 607 mori-

157 623 218 661 bu
230 633 249 661 s
273 623 472 671 pleraque
487 622 623 661 onmia
641 622 962 671 exquisitissime
980 636 999 664 s
1015 635 1035 663 c
1046 624 1086 663 ri
1099 637 1126 674 p
1137 636 1156 664 s
1168 634 1190 662 e
1201 635 1252 662 re
1264 656 1273 671 ,
1301 635 1385 663 non
1401 623 1555 662 afuisse

158 678 208 717 ab
221 679 279 717 eis
292 683 428 717 motus
444 678 648 727 quosdam
669 678 817 718 tacitos
830 684 870 717 et
888 682 1076 720 occultos
1088 679 1305 720 simultatis
1317 679 1555 720 aemulatio-

158 734 305 783 nisque
336 739 501 772 mutuae
528 739 780 783 putauerunt
804 739 844 773 et
871 736 959 776 eius
988 736 1048 775 rei
1078 740 1321 786 argumenta
1352 736 1555 785 quaedam

118 802 139 836 2
159 790 408 830 coniectaria
425 801 475 828 ex
493 801 638 829 eorum
662 790 827 840 scriptis
845 793 1119 840 protulerunt.
1170 793 1230 831 Ea
1249 796 1347 831 sunt
1364 792 1553 841 profecto

157 846 463 886 huiuscemodi:
499 847 612 895 quod
647 858 783 896 neque
808 858 831 885 a
854 848 1071 888 'Platone
1091 848 1131 888 in
1154 853 1217 888 tot
1244 858 1416 887 numero
1441 846 1553 886 libris

158 902 310 942 mentio
322 913 498 951 usquam
511 903 618 941 sacta
635 902 688 942 sit
703 903 771 942 Xe
783 915 808 942 n
821 914 843 942 o
856 915 881 953 p
894 904 920 942 h
932 915 955 944 o
969 916 992 943 n
1004 904 1070 944 tis
1090 915 1226 954 neque
1237 903 1334 943 item
1344 908 1488 943 contra
1505 902 1554 941 ab

158 970 207 998 eo
230 959 269 997 in
292 958 377 998 suis
403 958 515 997 libris
543 959 690 998 Plato
704 959 802 1007 nis,
840 971 1090 1009 quamquam
1112 965 1287 1009 uterque
1309 971 1357 998 ac
1378 959 1555 998 maxime

157 1016 302 1054 Plato
323 1015 670 1064 compluriumSo
684 1015 845 1054 cratis
867 1021 1119 1056 sectatorum
1136 1016 1182 1055 in
1202 1014 1556 1061 sermonibus,

119 1087 142 1121 3
160 1083 266 1121 quos
294 1071 479 1120 scripsit,
523 1071 860 1111 commeminerit.
923 1073 967 1110 Id
994 1072 1115 1111 etiam
1143 1083 1238 1111 esse
1259 1083 1342 1111 non
1367 1070 1553 1110 sincerae

159 1139 294 1176 neque
313 1127 468 1166 amicae
486 1128 709 1167 uoluntatis
731 1127 925 1168 indicium
950 1128 1234 1175 crediderunt,
1254 1128 1368 1177 quod
1388 1127 1494 1166 Xen
1507 1138 1530 1166 o
1544 1149 1557 1154 -

158 1196 182 1233 p
195 1184 293 1222 hon
312 1183 451 1223 inclito
475 1183 530 1222 illi
555 1183 672 1233 operi
692 1184 909 1224 Platono
925 1196 965 1232 s,
991 1184 1104 1233 quod
1123 1185 1181 1223 de
1199 1184 1393 1233 optimo
1416 1187 1556 1222 statu

158 1239 493 1290 reipublicae
514 1239 866 1289 ciuitatisque
893 1240 1337 1280 administrandae
1359 1238 1557 1288 scriptum

159 1301 241 1343 est,
272 1296 389 1335 lectis
415 1307 467 1335 ex
488 1307 537 1336 eo
557 1296 721 1335 duobus
741 1297 826 1335 fere
844 1296 969 1344 libris,
999 1296 1067 1345 qui
1083 1295 1203 1345 primi
1218 1295 1258 1334 in
1279 1295 1431 1343 uolgus
1449 1293 1557 1332 exie-

159 1356 270 1399 rant,
304 1351 503 1401 opposuit
524 1357 669 1390 contra
686 1351 1019 1400 conscripsitque
1037 1351 1248 1390 diuersum
1270 1349 1408 1399 regiae
1433 1348 1560 1387 admi-

159 1406 413 1446 nistrationis
441 1418 586 1456 genus,
607 1407 721 1455 quod
739 1418 806 1445 πα
817 1421 831 1445 ι
843 1406 869 1445 δ
880 1406 929 1445 εί
934 1419 961 1444 α
974 1420 995 1454 ς
1014 1406 1059 1446 Κ
1066 1401 1095 1445 ύ
1106 1419 1131 1457 ρ
1144 1419 1205 1445 ου
1221 1404 1462 1454 inscriptum
1480 1409 1556 1444 est.

121 1475 143 1508 4
159 1464 219 1503 Eo
243 1464 349 1502 sacto
368 1463 612 1526 scriptoque
644 1462 732 1502 eius
757 1473 892 1511 usque
910 1466 1142 1512 permotum
1169 1473 1265 1501 esse
1287 1462 1434 1500 Plato
1447 1472 1557 1499 nem

161 1520 308 1566 seium,
325 1523 370 1558 ut
392 1518 602 1568 quodam
594 1531 634 1557 m
661 1518 778 1566 libro,
805 1518 1012 1558 mentione
1031 1518 1125 1568 Cyri
1140 1517 1251 1567 regis
1267 1517 1416 1564 habita,
1433 1521 1558 1555 retra-

162 1575 298 1615 ctandi
322 1576 390 1614 leu
418 1575 572 1624 ndique
610 1575 698 1614 eius
723 1574 861 1624 operis
891 1574 1042 1624 gratia,
1063 1574 1198 1613 uirum
1219 1573 1385 1640 quidem
1408 1549 1558 1637 Cyrum

161 1643 312 1671 nauum
330 1636 371 1670 et
398 1636 612 1671 strenuum
634 1631 763 1671 fuisse
785 1630 951 1679 dixerit,
983 1634 995 1653 ²
1009 1628 1209 1678 παιδείας
1226 1623 1275 1669 δὲ
1298 1623 1383 1669 οὐκ
1407 1621 1560 1679 ὀρθῶς

161 1678 310 1739 ἧφθαι
341 1681 390 1726 τὸ
418 1683 668 1739 παράπαν’;
702 1687 804 1726 haec
835 1686 942 1726 enim
967 1686 1096 1726 uelba
1127 1690 1223 1726 sunt
1245 1685 1298 1725 de
1318 1686 1425 1735 Cyro
1450 1684 1558 1723 Pla·

162 1749 178 1782 t
187 1756 209 1783 o
221 1743 311 1783 nis.

126 1817 145 1849 5
234 1802 453 1839 Praeterea
475 1804 620 1849 putant
636 1798 678 1838 id
697 1811 864 1849 quoque
881 1800 933 1838 ad
949 1799 1048 1846 ista,
1076 1808 1182 1848 quae
1204 1796 1306 1844 dixi,
1332 1796 1555 1841 accedere:

166 1856 578 1905 quodXenophon
596 1855 635 1894 in
653 1855 779 1903 libris,
803 1867 909 1918 quos
927 1855 1183 1894 dictorum
1207 1858 1364 1901 atque
1389 1852 1529 1890 facto
1545 1873 1558 1878 -

165 1924 268 1951 rum
286 1911 522 1951 Socratis
549 1917 862 1951 commentar
871 1911 947 1951 ios
972 1908 1218 1959 composuit,
1235 1913 1359 1958 negat
1376 1907 1560 1947 Socra-

165 1972 252 2006 ten
278 1968 329 2006 de
355 1967 457 2007 caeli
481 1972 605 2017 atque
637 1972 808 2006 naturae
841 1966 976 2006 causis
1016 1964 1329 2014 rationibusque
1364 1973 1559 2025 umquam

166 2023 459 2073 disputauisse‚
478 2034 526 2062 ac
549 2035 601 2062 ne
623 2023 859 2072 disciplinas
883 2022 1048 2071 quidem
1066 2026 1246 2068 ceteras,
1265 2031 1371 2070 quae
1393 2013 1561 2071 μαθή-

167 2082 297 2130 ματα’
312 2079 457 2119 G1aee1
472 2080 694 2129 appellant,
707 2090 812 2128 quae
829 2079 881 2117 ad
891 2079 996 2117 bene
1012 2077 1217 2126 beateque
1236 2076 1460 2116 uiuendum
1475 2085 1559 2114 non

166 2141 399 2184 pergerent,
423 2141 495 2175 aut
514 2135 699 2184 attIgisse
717 2140 786 2175 aut
804 2133 1115 2183 comprobasse,
1134 2132 1374 2182 idoneoque
1388 2129 1560 2180 turpiter

168 2201 241 2230 eos
253 2189 412 2230 mentiri
431 2190 538 2239 dicit,
558 2190 627 2240 qui
645 2190 959 2231 dissertationes
970 2188 1203 2228 istiusmodi
1214 2189 1241 2228 S
1253 2200 1276 2228 o
1289 2198 1310 2227 c
1322 2187 1419 2228 rati
1439 2185 1561 2225 adtri-

132 2245 352 2286 6buerent.
394 2248 500 2287 ‘Hoc
524 2251 689 2294 autem’,
710 2246 909 2297 inquiunt,
935 2249 946 2268 ‘
960 2245 1243 2295 Xenophon
1269 2255 1361 2283 cum
1382 2240 1563 2292 scripsit,
1603 2293 1606 2298 Ι

1261 2368 1278 2378 Q
