1619 2476
125 47 180 88 28
658 48 708 87 Χ.
739 58 853 86 xxv1.
874 57 1006 86 xxvn.

127 164 226 210 aput
249 159 494 209 scriptorem
513 157 707 199 idoneum
725 163 795 198 aut
815 157 982 198 nauium
1005 160 1356 208 ‘transgressum'
1377 169 1524 209 reppe-

126 215 194 255 riri
214 226 342 264 posse
363 221 432 253 aut
453 225 528 263 pro
556 214 889 255 transfretatione
911 216 1280 263 <transgressum’.

88 293 109 328 6
210 280 293 319 Sed
322 291 476 329 quaero
503 292 603 331 ego,
636 292 710 321 cur
731 292 835 329 non,
868 279 988 319 sicuti
1009 282 1021 301 ⁶
1036 283 1206 320 cursus’
1225 278 1390 320 nauium
1410 285 1522 320 recte

127 335 207 375 dici
224 337 378 384 solent,
399 336 455 375 ita
478 339 816 386 ‘transgressus’
839 336 960 375 etiam
980 335 1155 375 nauibus
1177 337 1309 377 sactus
1331 336 1411 375 dici
1426 348 1522 386 pos-

127 393 204 432 sit?
233 392 478 442 praesertim
501 404 593 433 cum
614 392 796 432 breuitas
820 397 902 431 tam
924 391 1089 442 angusti
1114 393 1263 442 fretus,
1286 391 1356 442 qui
1372 397 1523 432 terram

124 447 306 488 Africam
332 447 656 500 Hispaniamque
684 449 900 496 interfluit,
937 447 1242 498 elegantissime
1270 452 1524 498 ‘transgres-

126 503 281 545 sionis'
303 506 534 554 uocabulo,
571 505 689 556 quasi
716 516 944 555 paucorum
964 505 1165 554 graduum
1188 503 1388 556 spatium,
1426 504 1523 544 defi-

88 563 107 599 7
124 560 209 599 nita
235 560 298 600 sit.
360 561 435 610 Qui
472 561 756 602 auctoritatem
786 566 922 600 autem
950 560 1165 611 requirunt
1191 565 1232 601 et
1258 564 1430 611 negant,
1468 559 1524 599 di·

127 621 235 656 ctum
257 616 464 667 ‘ingredi'
490 617 826 665 ‘transgredi’ue
847 617 887 656 in
908 616 1218 666 nauigantibus,
1255 618 1354 657 uolo
1375 616 1435 656 uti
1463 627 1525 655 re-

127 673 381 722 spondeant,
423 679 619 724 quantum
647 674 881 713 existiment
914 673 1119 713 interesse
1155 672 1361 723 ‘ingredi’
1401 677 1525 722 atque

87 731 110 767 8
127 729 399 768 ‘ambulare'.
458 731 586 780 Atqui
626 731 747 770 Cato
782 730 823 768 in
854 729 956 769 libro
994 730 1052 768 de
1086 741 1139 769 re
1157 728 1379 770 rustica:
1416 730 1525 768 fun-

127 785 244 832 dus,
269 785 418 834 inquit,
452 797 510 825 eo
534 787 582 825 in
611 787 728 826 loco
760 785 1032 825 habendus
1070 791 1170 834 est,
1206 790 1342 826 utet
1380 784 1524 836 oppi-

127 841 239 880 dum
278 852 442 891 prope
479 844 697 892 amplum
736 842 806 882 sit
836 847 883 881 et
912 853 1049 881 mare
1081 847 1167 881 aut
1196 840 1384 889 amnis,
1429 851 1525 890 qua

125 908 285 936 naues
318 898 592 938 ambulant.

89 969 110 1003 9
208 965 425 1014 Appetitas
470 976 597 1015 porro
632 964 919 1005 huiuscemodi
957 965 1247 1006 translationes
1281 963 1526 1014 habitasque

126 1031 222 1060 esse
252 1032 328 1070 pro
365 1021 692 1062 honestamentis
721 1020 939 1068 orationis,
972 1022 1069 1061 Luc
1081 1021 1251 1060 retius
1281 1031 1449 1071 quoque
1470 1026 1526 1059 te-

126 1076 362 1116 stimonium
390 1077 430 1116 in
462 1078 539 1117 hac
570 1079 715 1117 eadem
740 1088 847 1118 uoce
875 1076 984 1116 dicit.
1044 1079 1088 1116 In
1122 1081 1306 1127 quarto
1331 1076 1440 1116 enim
1470 1075 1526 1115 li-

124 1132 214 1173 bro
239 1134 461 1173 clamorem
483 1145 557 1184 per
579 1134 749 1173 arterias
771 1138 812 1172 et
831 1144 907 1183 per
927 1134 1067 1173 fauces
1090 1132 1394 1183 ‘gradientem'
1418 1131 1526 1180 dicit,

127 1189 241 1237 quod
269 1194 334 1229 est
363 1189 486 1229 nimio
520 1190 816 1236 confidentius,
855 1201 978 1238 quam
1008 1190 1108 1229 illud
1136 1190 1188 1228 de
1215 1189 1390 1229 nauibus
1417 1188 1527 1228 Sal-

124 1244 426 1285 lustianum.
487 1248 648 1285 Versus
669 1245 880 1285 Lucreti
906 1245 948 1284 hi
976 1250 1089 1285 sunt:

180 1333 459 1373 Praeterea
490 1333 703 1380 (t)radit
729 1344 829 1372 uox
860 1334 1036 1372 fauces
1066 1342 1240 1382 saepe,
1269 1330 1500 1381 facitque

182 1388 474 1438 Asperiora
503 1390 649 1428 foras
688 1389 940 1437 gradiens
971 1387 1171 1426 arteria
1202 1389 1411 1427 clamor.

70 1477 113 1510 10
208 1479 435 1527 Propterea
465 1477 760 1518 Sallustius
788 1478 827 1517 in
856 1479 1037 1519 eodem
1068 1476 1205 1516 libro
1237 1487 1321 1516 non
1354 1487 1428 1516 eos
1459 1488 1525 1516 so-

124 1535 227 1581 lum,
260 1533 329 1583 qui
360 1534 535 1574 nauibus
557 1535 829 1582 ueherentur‚
862 1535 938 1574 sed
964 1539 1004 1573 et
1032 1533 1210 1582 scaphas
1240 1543 1408 1582 quoque
1429 1543 1525 1572 nan-

122 1596 186 1629 tes
210 1593 508 1640 ‘progressas'
536 1590 644 1629 dicit.
704 1591 845 1629 Verba
865 1590 956 1641 ipsa
981 1591 1033 1628 de
1056 1587 1222 1638 scaphis
1244 1587 1388 1638 posui:
1433 1589 1525 1627 Ea-

123 1657 228 1685 rum
267 1645 398 1684 aliae
436 1648 702 1696 paululum
738 1656 1063 1696 progressae
1099 1643 1255 1684 nimio
1295 1643 1525 1683 simulet

122 1701 326 1741 incerto
369 1713 550 1754 onere,
602 1714 709 1742 cum
753 1714 916 1752 pauor
950 1712 1175 1751 corpora
1211 1699 1524 1749 agitauerat,

123 1758 562 1808 deprimebantur.

733 1870 898 1911 XXVII.

121 1961 284 1997 Historia
314 1960 361 1996 de
400 1961 539 2007 populo
564 1959 732 1996 Romano
766 1960 888 2006 deque
920 1958 1059 2005 populo
1089 1957 1275 2002 Poenico,
1314 1957 1416 2004 quod
1442 1957 1524 2004 pari

444 2016 717 2063 propemodum
739 2018 870 2062 uigore
889 2015 1023 2050 fuerint
1042 2014 1190 2050 aemuli.

88 2117 105 2149 1
205 2113 249 2151 In
278 2111 452 2152 literis
480 2111 753 2152 ueteribus
779 2109 976 2150 memoria
997 2114 1128 2158 extat,
1160 2109 1274 2159 quod
1300 2119 1376 2159 par
1395 2120 1525 2158 quon-

123 2167 217 2205 dam
238 2168 312 2206 suit
335 2168 455 2217 uigor
477 2173 518 2207 et
545 2167 730 2207 acritudo
756 2167 1066 2217 amplitudoque
1094 2165 1238 2217 populi
1265 2164 1441 2205 Romani
1469 2170 1526 2204 at-

85 2227 106 2260 2
125 2234 205 2271 que
225 2223 366 2262 Poeni.
426 2225 569 2272 Neque
592 2223 779 2263 inmerito
797 2222 1068 2262 aestimatum.
1131 2223 1230 2261 Cum
1251 2220 1338 2260 aliis
1361 2220 1526 2270 quidem
