1603 2508
8 0 33 25 τ’
51 26 54 30 ’
114 22 118 24 ’
143 7 231 38 ‘'*>s*

0 0 6 166 ι
130 83 133 86 ’
196 130 205 133 -
680 79 729 119 11.
771 89 867 120 vm.
1428 77 1485 121 83

725 249 830 292 v111.

5 315 54 436 ξ
65 356 178 403 Quod
198 367 334 405 parum
358 367 482 405 aequa
510 357 760 405 reprehensio
786 357 941 405 Epicuri
967 367 989 392 a
1013 356 1214 394 Plutarcho
1249 358 1348 394 saeta
1371 359 1419 395 sit
1447 357 1485 395 in

543 425 758 473 syllogismi
787 424 1003 472 disciplina.

148 537 461 578 Plutarchus
489 538 726 578 secundo
752 537 1025 585 librorum,
1052 547 1160 587 quos
1185 537 1246 577 de
1263 538 1484 580 Homero
1504 546 1522 581 1

63 595 322 646 composuit,
354 594 586 646 inperfecte
609 599 736 645 atque
761 599 1040 646 praepostere
1068 601 1193 645 atque
1217 594 1365 635 inscite
1388 608 1485 647 syn-

59 651 241 719 logismo
258 663 357 693 esse
372 662 496 693 usum
512 652 545 691 E
554 651 787 718 picurum
813 651 911 691 dicit
927 651 1169 716 uerbaque'
1160 663 1253 717 ipsa
1270 652 1485 703 Epicuri

93 709 200 751 onit:
225 703 293 750 ‘0
303 706 548 758 θάνατος
581 703 750 749 οὐδὲν
781 702 915 777 πρὸς
951 702 1109 761 ἡμᾶς·
1142 703 1199 749 τὸ
1232 704 1333 762 γὰρ
1364 708 1487 750 δια-

61 762 236 808 λυθὲν
280 759 633 819 ἀναισθητεῖ
679 761 742 806 τὸ
784 763 849 806 δὲ
888 761 1277 830 ἀναισθητοῦν
1316 761 1487 808 οὐδὲν

61 818 198 876 πρὸς
229 817 382 878 ἡμᾶς
443 825 568 864 ‘Nam
592 823 917 890 praetermisit’,
949 823 1101 874 inquit,
1136 823 1304 874 ‘quod
1294 836 1334 864 ιη
1353 825 1524 876 primae

60 886 183 948 parte
199 892 369 923 sumere
387 881 549 930 debuit,
568 876 650 921 τὸν
665 877 872 922 θάνατον
890 875 1003 921 εἶναι
1022 880 1170 933 ψυχῆς
1187 879 1259 921 καὶ
1277 878 1484 934 σώματος

60 933 296 992 διάλυσιν,
318 943 408 980 tum
426 938 578 979 deinde
596 939 773 979 eodem
765 951 879 989 ipso,
901 939 1015 988 quod
1036 939 1251 986 omiserat,
1273 939 1392 989 quasi
1412 951 1484 990 po·
1501 951 1524 985 3

60 995 141 1037 sito
175 1007 472 1061 concessoque
495 996 549 1036 ad
574 996 908 1036 confirmandum
935 995 1046 1035 aliud
1078 996 1217 1035 utitur.
1280 996 1523 1047 Progledi4

61 1058 200 1094 autem
215 1054 327 1102 hie’‚
353 1053 505 1105 inquit,
533 1054 867 1105 ‘synlogisnius,
897 1053 974 1093 nisi
998 1053 1065 1092 illo
1084 1053 1200 1103 prius
1219 1053 1379 1104 posito,
1399 1066 1482 1094 non

62 1114 241 1162 potest’.

147 1169 261 1209 Vere
285 1169 367 1208 hoc
390 1167 560 1218 quidem
586 1167 894 1207 Plutarchus
928 1167 979 1206 de
1015 1168 1147 1206 forma
1179 1173 1304 1218 atque
1337 1168 1524 1216 ordine5

61 1225 310 1277 synlogismi
327 1224 509 1276 scripslt
556 1225 657 1264 Nam
676 1224 758 1272 [Sl]
777 1224 884 1264 Slcut
902 1236 941 1263 m
961 1223 1190 1274 disciplinis
1211 1224 1405 1273 traditur,
1430 1225 1487 1264 ita

62 1282 259 1334 colligere
284 1287 326 1323 et
351 1280 588 1323 ratiocinari
618 1281 743 1329 uelis,
777 1282 837 1322 sic
870 1281 951 1321 dici
983 1287 1168 1332 oportet:
1204 1275 1253 1322 «ὁ
1286 1279 1487 1330 θάνατος

61 1339 209 1407 ψυχῆς
224 1336 298 1380 καὶ
320 1335 525 1393 σώματος
541 1335 767 1387 διάλυσις·
800 1334 849 1378 τὸ
875 1334 924 1378 δὲ
948 1336 1171 1378 διαλυθὲν
1193 1338 1483 1392 ἀναισθητεῖ·

62 1391 113 1438 τὸ
145 1393 194 1438 δὲ
224 1390 543 1451 ἀναισθητοῦν
569 1390 708 1436 οὑὸεν
732 1390 846 1447 πρὸς
877 1389 1006 1448 ἡμᾶς.
1011 1400 1023 1417 ’
1088 1396 1173 1436 Sed
1204 1397 1482 1447 Epicurus
1501 1409 1523 1445 6

0 1470 3 1491 ι
62 1453 299 1496 cuiusmodi
323 1455 513 1503 homost,
559 1465 643 1494 non
669 1452 832 1494 inscitia
862 1453 1029 1493 uidetur
1053 1459 1214 1504 partem
1239 1454 1360 1494 istam
1387 1466 1439 1506 s}
1443 1466 1484 1494 n

0 1531 3 1545 ·
61 1511 227 1563 logismi
243 1511 593 1564 praetermisisse.
652 1512 797 1560 Neque
814 1511 853 1550 id
873 1511 910 1550 ei
928 1511 1141 1561 negotium
1159 1511 1254 1559 suit,
1301 1511 1485 1562 synlogi-
1503 1522 1522 1558 7

0 1589 4 1602 ·
63 1580 199 1610 smum
215 1574 427 1619 tamquam
443 1568 484 1608 in
501 1567 657 1608 scholis
673 1567 1021 1618 philosophorum
1037 1578 1130 1607 eum
1150 1568 1335 1609 numeris
1355 1568 1483 1608 omni-

61 1625 143 1666 bus
160 1630 312 1666 etcum
331 1625 420 1666 suis
438 1625 591 1666 finibus
610 1625 770 1671 dicere;
806 1629 871 1664 set
899 1625 1110 1675 profecto,
1143 1625 1239 1676 quia
1271 1625 1482 1676 separatio

0 1707 9 1718 ι
38 1682 188 1740 ianimi
203 1687 246 1724 et
262 1683 454 1735 eorporis
471 1683 511 1724 in
530 1686 663 1722 morte
683 1681 857 1722 euidens
877 1687 960 1729 est,
987 1693 1071 1722 non
1091 1688 1155 1721 est
1173 1688 1309 1730 ratus,
1338 1693 1484 1722 neces-

87 1739 218 1780 ariam
234 1751 332 1782 esse
348 1740 438 1781 eius
457 1738 804 1786 admonitionem,
843 1738 956 1788 quod
990 1738 1182 1779 omnibus
1215 1751 1371 1790 prosus
1396 1745 1486 1778 erat

69 1795 71 1797 ’
91 1796 249 1838 buium.
311 1797 441 1839 Sicuti
464 1797 607 1846 etiarn,
631 1796 746 1847 quod
771 1796 1107 1837 coniunctionem
1127 1795 1376 1847 synlogismi
1399 1807 1481 1836 non
1499 1806 1523 1841 8

134 1854 218 1895 fine
242 1855 405 1906 posuit,
438 1860 503 1896 set
525 1854 566 1895 in
583 1853 809 1905 principio:
845 1865 940 1893 nam
957 1853 997 1892 id
1017 1865 1187 1904 quoque
1205 1865 1289 1893 non
1307 1852 1483 1904 inperite

131 1915 239 1961 tum,
267 1912 360 1963 quis
378 1924 463 1953 non
480 1911 621 1952 uidet?

122 1969 266 2019 Aput
288 1969 556 2010 Platonem
582 1979 752 2019 quoque
780 1967 919 2008 multis
945 1967 984 2007 in
1003 1968 1106 2008 loeis
1126 1967 1312 2018 reperias
1340 1968 1481 2017 synlo-
1497 1977 1520 2013 9

39 2027 43 2032 ’
84 2076 87 2079 ,
131 2035 245 2075 mos,
277 2026 498 2078 repudiato
518 2036 814 2075 conuersoque
833 2024 978 2065 ordine
997 2025 1100 2073 isto
1128 2024 1198 2074 qui
1220 2024 1260 2064 in
1287 2023 1480 2063 docendo

125 2058 261 2132 ditur,
294 2094 389 2124 cum
406 2083 584 2135 eleganti
602 2083 782 2133 quadam
801 2081 1144 2133 reprehensionis
1167 2080 1483 2131 contemptione

42 2115 261 2292 {ositos
257 2151 369 2181 esse.

43 2356 47 2364 .
86 2396 89 2397 γ
1141 2365 1199 2406 ὃ,
