1603 2508
733 56 763 95 Ι.
781 67 838 96 v1.
1444 56 1500 99 45

14 174 21 225 j
76 181 278 222 rereque3
309 173 376 210 set
400 174 548 210 contra
571 168 613 209 in
629 169 672 209 id
687 170 828 220 potius
847 170 1080 211 orationem
1099 170 1299 211 debuisse
1317 171 1425 212 sumi
1441 172 1500 211 di-

77 230 247 276 cebant,
271 231 318 268 ut
335 231 376 266 et
393 228 527 267 nullas
548 228 798 277 plerumque
816 239 912 268 esse
930 228 969 267 in
989 228 1261 268 matrimoniis
1280 228 1499 269 molestias

76 287 350 327 adseueraret
373 288 433 332 et,
461 283 497 324 si
524 295 631 334 quae
655 289 793 324 tamen
826 285 1018 325 accidere
1044 297 1360 336 nonnumquam
1386 286 1500 326 uide-

76 347 240 391 rentur,
265 352 421 393 paruas
440 345 482 381 et
499 342 614 381 leues
633 340 863 392 facilesque
882 354 979 382 esse
997 343 1175 383 toleratu
1194 342 1353 382 diceret
1374 343 1501 383 maio-

76 400 280 451 ribusque
297 407 370 439 eas
388 398 681 439 emolumentis
706 403 748 438 et
763 399 1050 450 uoluptatibus
1074 400 1287 440 obliterari
1308 401 1500 440 easdem-

78 469 160 509 que
183 456 298 508 ipsas
322 466 462 506 neque
489 455 681 496 omnibus
714 467 853 506 neque
879 462 1051 496 naturae
1070 456 1190 504 uitio,
1224 462 1290 497 set
1317 469 1498 508 quorun-

12 521 19 543 ’-
78 516 174 556 dam
204 512 447 554 maritorum
473 514 596 563 eulpa
631 518 672 552 et
701 512 900 553 iniustitia
928 513 1113 554 euenire.
1175 513 1324 554 Titus
1359 520 1532 558 aute1n4¹

78 570 369 614 Castricius
387 575 502 610 recte
518 574 644 619 atque
661 571 869 621 condigne
895 572 1161 611 Metellum
1186 582 1282 612 esse
1313 573 1497 612 locutum

77 628 354 670 existimabat.
413 627 609 678 ‘Aliter',
644 627 797 678 inquit,
833 632 1013 668 ‘censor
1044 628 1158 679 loqui
1193 629 1338 677 debet,
1381 630 1499 668 aliter

77 688 234 728 rhetor.
286 684 460 726 Rhetori
478 696 732 725 concessum
757 690 844 733 est,
864 686 1081 726 sententiis
1099 686 1157 726 uti
1178 686 1314 734 salsis,
1334 686 1499 726 audaei-

76 746 177 793 bus,
197 742 402 791 uersutis,
429 742 640 790 subdolis,
661 743 881 793 captiosis,
915 743 949 783 si
974 743 1062 783 ueri
1089 744 1216 783 modo
1239 743 1394 783 similes
1418 744 1499 783 sint

76 800 120 843 et'
135 799 302 853 possint
325 800 562 840 monendos
590 800 803 840 hominum
825 800 986 840 animos
1014 800 1307 851 qualicumque
1329 806 1423 842 astu
1442 801 1499 840 in-

75 861 264 911 repere’.
311 858 534 898 Praeterea
558 862 679 908 turpe
707 869 803 898 esse
828 857 883 897 ait
914 858 1089 905 rhetori,
1125 858 1159 898 si
1189 858 1288 908 quid
1321 858 1359 898 in
1393 860 1502 898 mala

77 927 208 957 causa
225 914 467 956 destitutum
485 919 611 965 atque
628 915 982 966 inpropugnatum
1002 916 1220 965 relinquat.
1258 919 1269 938 ‘
1287 916 1372 956 Sed
1390 915 1497 956 enim
1511 925 1531 958 5

74 973 368 1015 Metellum’
396 971 530 1022 inquit
561 975 572 994 ‘
592 978 783 1012 sanctum
813 972 970 1020 uirum,
1003 972 1071 1012 illa
1103 972 1307 1022 grauitate
1341 978 1381 1012 et
1416 974 1499 1012 fide

76 1029 331 1084 praeditum,
365 1041 459 1070 cum
492 1034 606 1069 tanta
637 1031 843 1069 honorum
871 1035 995 1079 atque
1021 1030 1130 1070 uitae
1163 1029 1363 1079 dignitate
1399 1035 1500 1081 aput

76 1089 280 1140 populum
289 1089 524 1127 Romanum
541 1088 795 1136 loquentem,
813 1086 909 1126 nihil
929 1087 1069 1126 decuit
1087 1087 1186 1126 aliut
1200 1087 1354 1135 dicere,
1375 1099 1499 1138 quani

78 1145 195 1196 quod
219 1155 367 1184 uerum
394 1155 491 1184 esse
516 1143 593 1183 sibi
619 1149 744 1194 atque
765 1144 956 1183 omnibus
975 1144 1216 1191 uidebatur,
1252 1145 1499 1194 praesertim

79 1213 173 1242 cum
191 1212 320 1252 super
337 1212 388 1241 ea
403 1212 448 1240 re
467 1200 644 1249 diceret,
675 1212 782 1251 quae
802 1201 1011 1241 cotidiana
1029 1201 1312 1251 intellegentia
1330 1206 1370 1241 et
1388 1213 1499 1241 com-

78 1258 192 1300 muni
207 1259 542 1310 peruolgatoque
559 1257 669 1298 uitae
695 1270 775 1298 usu
794 1259 1180 1309 comprenderetur.
1228 1259 1287 1298 De
1306 1259 1531 1303 molestiafi

75 1316 202 1367 igitur
225 1315 387 1356 cunetis
413 1314 650 1355 hominibus
677 1315 896 1356 notissima
922 1317 1145 1356 confessus
1173 1326 1308 1366 eaque
1334 1317 1498 1356 conses-

78 1373 197 1414 sione
214 1373 339 1413 fidem
361 1372 592 1413 sedulitatis
611 1372 883 1423 ueritatisque
902 1373 1191 1420 commeritus,
1211 1378 1297 1412 tum
1317 1373 1500 1424 denique

38 1432 41 1433 ⁷
78 1430 199 1471 facile
215 1434 257 1470 et
278 1429 542 1481 procliuiter,
570 1430 684 1481 quod
717 1430 792 1470 fuit
819 1442 956 1470 rerum
983 1430 1166 1470 omnium
1192 1430 1498 1470 ualidissimum

77 1491 204 1539 atque
227 1487 514 1535 uerissimum,
545 1487 777 1538 persuasit,
813 1487 1021 1527 ciuitatem
1049 1493 1187 1528 autem
1214 1489 1375 1527 saluam
1402 1499 1499 1527 esse

78 1544 169 1586 sine
185 1544 546 1586 matrimoniorum
564 1545 798 1595 frequentia
815 1557 899 1585 non
917 1557 1048 1595 posse
1063 1549 1089 1583 '.

164 1603 256 1643 Hoc
289 1613 460 1653 quoque
491 1602 592 1643 aliut
622 1614 682 1642 cx
714 1603 893 1641 eadem
927 1602 1176 1642 oratione
1209 1602 1253 1651 Q.
1292 1601 1531 1641 Metelli7

78 1659 251 1710 dignum
268 1670 366 1700 esse
388 1659 718 1700 existimauimus
744 1659 921 1699 adsidua
946 1659 1123 1699 lectione
1158 1671 1241 1699 non
1263 1659 1403 1698 hercle
1431 1659 1501 1698 mi-

79 1729 158 1758 nus
171 1750 181 1766 ,
209 1728 334 1768 quam
353 1728 461 1768 quae
479 1729 502 1756 a
518 1716 778 1767 grauissimis
797 1716 1060 1767 philosophis
1080 1716 1236 1755 scribta
1253 1721 1363 1755 sunt.
1397 1717 1535 1756 Ver-8

68 1769 131 1815 *ba
146 1773 347 1815 Metelli
370 1775 473 1815 haec
491 1780 607 1815 sunt:
639 1775 694 1814 Di
718 1774 1047 1813 immortales
1073 1773 1355 1823 plurimum
1380 1785 1501 1824 pos-

79 1836 218 1880 sunt3
250 1832 343 1872 sed
371 1843 471 1872 non
501 1834 622 1883 plus
650 1833 791 1872 uelle
815 1831 973 1871 nobis
1003 1831 1217 1878 debent,
1245 1841 1393 1880 quam
1415 1842 1501 1881 pa-

78 1893 273 1930 rentes.
333 1890 400 1929 At
438 1895 714 1940 parentes,
757 1889 798 1928 si
840 1894 1067 1940 pergunt
1108 1887 1266 1928 liberi
1298 1899 1500 1936 errare,

45 1945 234 1987 -.bonis
269 1946 620 1988 exheredant.
670 1946 798 1997 Quid
838 1958 963 1997 ergo
998 1958 1093 1986 nos
1127 1957 1150 1984 a
1181 1944 1261 1985 dis
1293 1944 1501 1986 immor-

55 2003 276 2059 „uitalibus
308 2002 510 2044 diutius
543 2010 910 2055 expectemus,
953 2003 1059 2043 nisi
1091 2002 1239 2043 malis
1274 2003 1502 2043 rationi-

71 2060 176 2102 bus
210 2060 365 2101 finem
397 2061 682 2102 faciamus?
716 2063 885 2102 Isdem
918 2062 1046 2101 deos
1081 2058 1356 2112 propitios
1382 2071 1502 2101 esse

61 2127 261 2169 „aecum
293 2122 399 2167 est,
433 2119 519 2169 qui
545 2119 645 2160 sibi
668 2118 974 2159 aduersarii
1006 2129 1106 2158 non
1133 2121 1269 2158 sunt.
1308 2117 1386 2158 Dii
1410 2117 1501 2157 im-

53 2175 331 2272 sinortales
363 2174 614 2217 uirtutem
645 2176 968 2228 adprobare,
1005 2187 1104 2215 non
1136 2174 1379 2216 athibere
1413 2175 1502 2215 de-

117 2235 214 2272 ent.
