1619 2476
161 43 244 86 160
767 42 875 81 XVI.
907 52 947 79 x.

839 152 887 192 X.

161 236 259 282 Quid
277 238 348 272 sint
367 234 570 282 proletarii,
595 232 685 280 quid
702 233 823 279 capite
848 232 974 277 censi;
993 231 1083 279 quid
1105 233 1193 268 item
1214 234 1261 270 sit
1281 234 1318 270 in
1333 233 1412 269 XII.
1426 234 1558 270 tabulis

420 290 627 333 adsiduus;
657 292 692 325 et
712 299 807 335 quae
832 289 912 325 eius
934 289 1110 325 uocabuli
1129 290 1223 325 ratio
1249 290 1309 326 sit.

122 365 141 397 1
242 354 376 394 Otium
393 358 480 393 erat
502 353 682 403 quodam
704 352 770 392 die
786 353 943 393 Romae
960 351 1000 391 in
1017 352 1107 391 foro
1134 362 1158 390 a
1186 351 1362 402 negotiis
1390 357 1431 392 et
1453 354 1559 392 laeta

161 412 365 461 quaedam
384 410 599 450 celebritas
629 409 821 448 feriarum
848 409 1146 458 legebaturque
1169 406 1210 447 in
1229 419 1435 449 consessu
1451 409 1557 449 sorte

161 466 565 517 conpluriumEnni
589 465 728 505 liber
753 477 811 504 ex
843 464 1135 504 annalibus.
1197 465 1242 504 In
1266 475 1316 505 eo
1342 463 1443 505 libro
1467 476 1557 504 uer-

159 535 231 563 sus
259 523 299 562 hi
321 524 454 563 fuere:

214 587 548 628 Proletarius
580 587 873 637 publicitus
906 586 1185 637 scutisque
1216 587 1438 636 feroque

217 646 439 685 Ornatur
471 645 640 691 serro;
673 655 847 683 muros
879 643 1165 692 urbemque
1199 643 1479 694 forumque

215 700 464 741 Excubiis
494 705 695 738 curant.

100 772 273 812 2.3Tum
291 767 344 806 ibi
364 765 505 815 quaeri
524 770 715 814 coeptum
737 770 812 812 est,
829 765 926 814 quid
945 769 1058 805 esset
1076 764 1456 815 ‘pi-oletarius’.
1488 767 1555 805 At-

158 837 241 876 que
262 834 362 872 ego,
391 821 599 871 aspiciens
622 821 857 871 quempiam
886 821 926 860 in
947 832 997 861 eo
1016 820 1167 861 circulo
1193 821 1257 862 ius
1273 820 1391 861 ciuile
1409 822 1556 861 callen-

160 888 264 928 tem,
288 878 527 918 familiarem
549 889 705 926 meum,
736 878 947 927 rogabam,
981 882 1025 917 ut
1040 877 1081 916 id
1101 878 1275 917 uerbum
1295 876 1417 917 nobis
1441 888 1556 917 enar-

115 942 285 984 41aret,
317 940 375 983 et,
406 946 499 974 cum
521 934 601 973 illic
626 945 672 974 se
697 934 817 982 iuris,
847 946 930 974 non
958 933 1016 973 rei
1037 933 1349 983 grammaticae,
1378 933 1556 983 peritum

159 1005 256 1035 esse
290 991 598 1041 respondisset:
639 994 713 1030 eeo
748 990 963 1038 maxime’,
1010 990 1278 1040 inquani‚‘te
1309 989 1447 1029 dicere
1477 990 1557 1029 hoc

120 1059 141 1092 5
160 1053 345 1101 oportet,
382 1048 569 1097 quando,
596 1052 641 1087 ut
672 1046 910 1097 praedicas,
936 1046 1093 1096 peritus
1114 1046 1221 1086 -iuris
1251 1057 1311 1085 es.
1371 1046 1557 1096 Namque

158 1109 190 1146 E
204 1106 356 1146 nnius
375 1104 548 1143 uerbum
566 1104 646 1143 hoc
671 1115 722 1143 ex
744 1104 770 1142 d
784 1115 844 1143 uo
859 1103 1022 1142 decim
1046 1103 1244 1143 tabulis
1267 1102 1420 1143 uestris
1441 1101 1556 1142 acce'-

158 1163 239 1213 pit,
271 1162 310 1201 in
334 1161 505 1210 quibus,
537 1159 572 1199 si
598 1165 711 1200 reete
734 1159 1015 1207 commemini,
1046 1159 1102 1198 ita
1123 1159 1324 1209 scriptum
1345 1163 1428 1199 est:
1458 1159 1557 1198 Ad·
1618 1200 1619 1203 ,

159 1219 315 1259 siduo
363 1217 558 1256 uindex
607 1216 864 1259 adsiduus
912 1221 1042 1256 esto.
1115 1215 1413 1256 Proletario
1458 1214 1554 1254 iam
1617 1236 1619 1263 j

121 1275 287 1322 ficiui,
335 1274 415 1314 cui
449 1272 562 1322 quis
608 1274 751 1312 uolet
785 1272 981 1311 uindex
1022 1276 1149 1311 esto.
1209 1271 1390 1311 Petimus
1421 1270 1554 1320 igitur,

160 1343 211 1370 ne
240 1331 477 1369 annalem
507 1340 616 1367 nunc
648 1329 693 1376 Q.
722 1328 891 1374 Ennii,
931 1328 1006 1366 sed
1041 1326 1313 1367 duodecim
1344 1326 1554 1366 tabulas

160 1386 240 1435 legi
263 1384 460 1423 arbitrere
481 1388 533 1430 et,
561 1384 659 1432 quid
684 1383 736 1422 sit
755 1383 794 1422 in
814 1394 862 1422 ea
883 1385 975 1432 lege
993 1383 1259 1432 ‘proletarius
1278 1382 1411 1431 ciuis’,
1434 1383 1555 1423 inter-

121 1448 142 1484 7
160 1443 354 1492 pretere'.
418 1441 521 1489 <Ego
548 1441 682 1486 uero',
714 1439 844 1489 inquit
866 1439 945 1486 ille,
973 1439 1128 1478 ‘dicere
1151 1444 1275 1489 atque
1295 1438 1555 1490 interpretari
1614 1467 1615 1470 η

159 1499 240 1537 hoe
263 1497 478 1543 deberem,
512 1495 547 1534 si
577 1496 639 1535 ius
665 1496 901 1535 Faunorum
928 1500 969 1534 et
993 1494 1266 1545 Aboriginum
1300 1494 1552 1535 didicissem.
1614 1493 1616 1505 ²

118 1562 141 1598 8
159 1554 242 1594 Sed
265 1553 372 1592 enim
391 1563 483 1591 cum
507 1552 749 1601 eproletarii'
775 1557 814 1591 et
836 1551 1030 1591 ‘adsidui’
1050 1556 1091 1590 et
1112 1555 1314 1592 ‘sanates’
1333 1557 1372 1591 et
1389 1552 1553 1591 ‘uades’

159 1615 198 1649 et
231 1609 476 1649 esubuades’
502 1613 542 1646 et
570 1608 729 1657 ‘uiginti
753 1608 934 1657 quinque
965 1611 1100 1648 asses’
1125 1614 1165 1647 et
1193 1607 1401 1647 etaliones'
1428 1608 1554 1647 furto-

156 1676 332 1715 rumque
357 1663 544 1714 quaestio
575 1667 685 1703 ecum
720 1666 837 1703 lance
868 1668 909 1703 et
937 1663 1046 1703 licio'
1069 1663 1312 1705 euanuerint
1335 1663 1553 1714 omnisque

157 1722 224 1761 illa
247 1721 468 1761 duodecim
488 1721 719 1761 tabularum
743 1720 984 1770 antiquitas,
1009 1720 1088 1760 nisi
1123 1720 1163 1760 in
1187 1719 1290 1770 legis
1319 1719 1551 1759 actionibus

158 1777 510 1818 centumuiralium
541 1788 778 1825 causarum,
809 1778 900 1826 lege
921 1777 1099 1816 Aebutia
1123 1778 1226 1824 lata,
1259 1775 1479 1838 consopita
1501 1775 1554 1814 sit

157 1834 338 1874 studium
372 1833 669 1883 scientiamque
701 1845 778 1883 ego
806 1836 1021 1883 praestaie
1051 1833 1183 1872 debeo
1215 1831 1314 1871 iuris
1348 1836 1388 1871 et
1410 1833 1550 1882 legum

154 1901 390 1939 uocumque
415 1901 575 1937 earum,
603 1889 752 1939 quibus
768 1890 948 1929 utimur'.

117 1953 138 1988 9
240 1949 341 1986 Tum
365 1947 471 1986 forte
487 1946 665 1995 quadam
686 1946 868 1985 Iulium
889 1945 1118 1992 Paulum,
1136 1947 1304 1994 poetam
1325 1924 1549 1983 memoriae

102 2008 144 2042 10
157 2008 323 2042 nostrae
348 2002 646 2051 doctissimum,
674 2006 1008 2052 praetereuntem
1030 1999 1338 2049 conspeximus.
1371 2000 1410 2039 Is
1434 2010 1458 2038 a
1479 2010 1551 2039 no-

156 2058 218 2098 bis
254 2060 473 2106 salutatur,
510 2063 785 2108 rogatusque,
824 2057 883 2098 uti
913 2058 965 2097 de
989 2056 1191 2097 sententia
1222 2057 1359 2106 deque
1393 2057 1550 2096 ratione

156 2114 274 2154 istius
300 2115 491 2154 uocabuli
515 2126 591 2154 nos
613 2115 800 2155 doceret:
833 2114 922 2163 ‘qui
937 2113 980 2165 in
1009 2113 1159 2162 plebe’,
1184 2112 1327 2162 inquit,
1348 2113 1551 2151 ‘Romana
1599 2110 1602 2111 ⁷

158 2170 386 2210 tenuissimi
418 2170 752 2220 pauperrimique
782 2176 897 2210 erant
930 2180 1065 2219 neque
1089 2168 1263 2218 amplius
1295 2179 1419 2218 quam
1441 2167 1550 2206 mille
1597 2193 1603 2196 -

161 2226 426 2275 quingentum
454 2227 559 2266 aeris
582 2227 620 2265 in
640 2238 810 2266 censum
833 2225 1093 2273 deferebant,
1127 2224 1387 2276 ‘proletarii’
1411 2225 1585 2274 appel-³
