1619 2476
142 77 196 120 78
737 78 784 116 11.
812 90 852 116 v.
869 88 925 116 vr.

636 169 638 171 .
807 189 858 230 V.

145 259 263 303 Quam
294 259 417 305 lepide
440 259 710 305 designateque
734 258 868 293 dixerit
896 257 1106 294 Fauorinus
1138 256 1410 303 philosophus,
1442 255 1532 303 quid

388 316 534 349 Intersit
553 316 646 350 inter
667 315 831 350 Platonis
857 317 893 349 et
912 313 1050 359 Lysiae
1073 312 1292 348 orationem.

102 398 119 430 l
225 386 521 426 Fauorinus
547 388 598 426 de
620 387 775 438 Lysia
801 392 841 426 et
861 388 1079 426 Platone
1111 387 1257 428 solitus
1282 385 1419 426 dicere
1445 389 1528 424 est:

145 441 209 480 ‘Si
233 453 284 480 ex
305 443 581 491 Platonis⁷,
607 443 750 492 inquit,
776 443 976 483 ‘oratione
998 443 1170 481 uerbum
1196 442 1366 492 aliquod
1388 442 1529 480 demas

144 502 331 537 inutesue
349 503 472 548 atque
488 499 529 538 id
547 498 921 539 commodatissime
945 498 1083 546 facias,
1110 499 1160 537 de
1178 497 1379 548 elegantia
1394 502 1528 536 tamen

146 554 392 598 detraxeris:
417 555 451 594 si
471 567 522 595 ex
543 556 733 605 Lysiae
753 587 762 600 ,
787 556 837 594 de
863 554 1100 595 sententia'.

796 668 864 707 Vl.

145 735 285 778 Quibus
316 736 442 770 uerbis
473 736 657 781 ignauiter
688 740 724 771 et
752 737 894 772 abiecte
923 737 1116 783 Vergilius
1145 746 1237 770 usus
1268 744 1354 770 esse
1387 733 1532 768 dicatur

280 794 316 825 et
338 791 426 836 quid
449 791 529 836 his,
554 793 615 838 qui
642 793 809 839 improbe
835 793 905 838 [id]
930 793 1078 836 dicunt,
1102 790 1391 838 respondeatur.

103 855 120 888 l
226 861 416 908 Nonnulli
445 863 758 910 grammatici
785 863 929 902 aetatis
952 863 1200 913 superioris,
1231 863 1271 902 in
1296 862 1444 912 quibus
1462 868 1534 903 est

147 918 398 956 Cornutus
423 920 684 966 Annaeus,
716 920 813 958 haut
847 930 946 958 sane
977 919 1132 958 indocti
1154 930 1290 969 neque
1312 918 1529 968 ignobiles,

146 972 215 1020 qui
247 975 608 1013 commentaria
636 975 681 1013 in
709 976 982 1025 Vergilium
1017 980 1361 1025 composuerunt,
1392 985 1531 1024 repre-

143 1029 327 1067 hendunt
366 1030 484 1079 quasi
512 1030 718 1070 incuriose
750 1037 789 1071 ct
822 1032 978 1071 abiecte
1001 1033 1173 1072 uerbum
1196 1031 1377 1082 positum
1404 1031 1444 1069 in
1468 1030 1529 1070 his

143 1084 352 1123 uersibus:

205 1151 424 1190 Candida
455 1153 772 1193 succinctam
801 1155 1114 1194 latrantibus
1151 1153 1362 1203 inguina
1393 1163 1531 1192 mon-

1113 1209 1237 1249 stris

200 1261 460 1302 Dulichias
484 1275 702 1304 uexasse
725 1270 862 1305 rates
890 1272 938 1306 et
961 1266 1156 1315 gurgite
1180 1265 1227 1303 in
1250 1267 1352 1305 alto

200 1318 256 1355 A!
280 1318 494 1358 timidos
520 1325 698 1360 nautas
726 1321 937 1361 canibus
961 1324 1226 1360 lacerasse
1253 1319 1472 1360 marinis.

105 1402 126 1435 2
143 1405 373 1444 Vexasse
412 1406 518 1444 enim
562 1412 707 1456 putant
737 1409 909 1447 uerbum
953 1419 1048 1448 esse
1092 1409 1185 1447 leue
1229 1412 1269 1446 et
1308 1407 1442 1446 tenuis
1483 1418 1531 1446 ae

145 1460 261 1509 parui
289 1461 556 1510 incommodi,
581 1474 658 1502 nec
681 1468 817 1503 tantae
841 1461 1043 1504 atrecitati
1066 1473 1317 1513 congruere,
1345 1474 1437 1502 cum
1459 1464 1531 1503 ho-

143 1515 272 1555 mines
295 1522 464 1567 repente
488 1530 511 1557 a
534 1519 655 1558 belua
676 1519 968 1560 immanissima
990 1520 1095 1570 rapti
1116 1519 1338 1568 laniatique
1361 1519 1454 1558 sint.

107 1591 129 1625 3
229 1594 328 1632 Item
351 1593 459 1633 aliud
484 1595 769 1635 huiuscemodi
791 1597 1118 1646 reprehendunt:

788 1663 905 1711 Quis
929 1667 1013 1701 aut
1036 1662 1329 1711 Eurysthea
1353 1663 1530 1705 durum

197 1717 296 1754 Aut
318 1715 570 1756 inlaudati
596 1718 1033 1757 nescitBusiridis
1056 1719 1195 1757 aras?

142 1794 394 1833 inlaudati
418 1807 562 1844 parum
591 1796 785 1836 idoneum
809 1797 980 1835 uerbum
1012 1807 1108 1835 esse
1133 1795 1290 1842 dicunt,
1328 1806 1464 1845 neque
1488 1797 1530 1836 id

143 1848 241 1888 satis
280 1861 375 1889 esse
412 1852 463 1889 ad
502 1851 728 1891 faciendam
760 1852 948 1891 scelerati
983 1851 1158 1891 hominis
1196 1851 1529 1900 detestationem,

144 1905 231 1953 qui,
263 1907 375 1955 quod
405 1907 589 1957 hospites
624 1909 804 1947 omnium
833 1907 1014 1958 gentium
1035 1907 1246 1946 immolare
1269 1906 1415 1957 solitus
1436 1908 1526 1956 ruit,

142 1972 223 1999 non
247 1963 367 2001 laude
391 1961 596 2012 indignus,
621 1965 696 2003 sed
719 1963 1013 2004 detrectatione
1035 1963 1381 2011 execrationeque
1398 1963 1526 2003 totius

142 2018 304 2064 generis
329 2019 494 2057 humani
517 2020 663 2068 dignus
688 2026 814 2059 esset.

99 2113 122 2143 4
221 2105 320 2142 Item
344 2105 453 2143 aliud
474 2105 646 2143 uerbum
672 2106 960 2154 culpauerunt:

200 2181 291 2218 Per
341 2180 562 2219 tunicam
618 2182 939 2229 squalentem
1001 2191 1121 2219 auro
1173 2181 1306 2218 latus
1359 2178 1532 2218 haurit

1069 2241 1324 2286 apertum,
