1619 2476
148 19 231 60 192
638 17 764 55 XVII.
782 26 900 55 xv111.
921 25 1059 54 xv1111.

777 126 923 167 XVIII.

117 196 120 201 Ι
144 204 258 256 'Quod
276 211 325 246 M.
342 211 464 246 Varro
484 208 522 245 C.
542 208 779 252 Sallustium,
798 207 978 243 historiae
1002 207 1242 253 scriptorem,
1269 207 1550 255 deprehensum

206 270 250 303 ab
267 267 389 302 Annio
408 266 545 301 Milone
567 266 603 300 in
621 264 803 300 adulterio
823 263 949 299 scribit
974 266 1009 298 ct
1030 262 1119 298 loris
1138 273 1288 300 caesum
1310 266 1548 312 pecuniaque

208 323 291 357 data
315 322 525 357 dimissum.

234 410 286 447 M.
311 410 494 455 Varro,
527 406 566 445 in
591 406 716 446 literis
739 411 864 455 atque
889 406 971 445 uita
996 406 1078 444 fide
1095 407 1220 446 homo
1245 408 1372 446 multa
1397 412 1437 446 et
1460 417 1551 456 gra-

149 466 232 511 uis,
265 465 304 502 in
332 464 493 511 libro,
528 474 650 512 quem
676 462 979 511 scripsitPius
1010 467 1097 501 aut
1119 463 1178 501 de
1198 466 1345 511 pace,
1377 463 1418 502 C.
1443 461 1574 501 Sal-⁴

150 521 362 560 lustium
392 519 640 568 scriptorem
670 518 803 558 seriae
832 518 938 557 illius
970 522 1010 556 et
1048 529 1223 557 seuerae
1260 517 1478 564 orationis,
1510 517 1551 557 in

151 577 267 615 cuius
286 575 422 614 histo
436 575 510 613 ria
532 574 723 614 notiones
748 574 960 614 censorias
979 572 1066 612 sieri
1092 578 1216 622 atque
1234 573 1420 612 exerceri
1439 573 1552 613 uide-

150 643 264 679 mus,
297 632 334 670 in
362 631 562 670 adulterio
594 631 900 679 deprehensum
926 631 976 668 ab
999 630 1134 669 Annio
1152 629 1305 668 Milone
1322 629 1421 669 loris
1444 629 1550 668 bene

153 699 319 738 caesum
342 687 439 726 dicit
467 692 523 734 et,
559 698 650 726 cum
670 686 857 725 dedisset
880 685 1119 735 pecuniam,
1153 685 1382 725 dimissum.

771 798 933 839 XVIIII.

154 883 251 927 Quid
277 883 466 928 Epictetus
493 881 744 928 philosophus
769 881 893 916 dicere
920 881 1051 915 solitus
1077 880 1124 915 sit
1152 879 1367 916 hominibus
1391 890 1552 926 nequam

211 944 245 974 et
277 939 441 985 inpuris,
475 937 695 984 disciplinas
730 936 995 984 philosophiae
1024 936 1193 971 studiose
1221 938 1485 981 tractantibus;
1519 939 1555 971 et

212 1006 305 1041 quae
327 995 400 1030 duo
425 996 538 1030 uerba
569 994 808 1030 obseruanda
835 994 1072 1040 praeceperit
1100 993 1264 1028 omnium
1287 1004 1412 1028 rerum
1442 994 1553 1039 longe

211 1052 389 1087 salubria.

119 1143 137 1176 1
240 1137 546 1177 Fauorinum
577 1149 654 1186 ego
689 1136 827 1176 audiui
851 1136 1006 1183 dicere,
1044 1135 1341 1185 Epictetum
1373 1134 1555 1184 philoso-

155 1195 280 1243 phum
303 1193 478 1241 dixisse,
510 1195 737 1243 plerosque
756 1193 881 1241 istos,
914 1192 982 1241 qui
998 1191 1285 1242 philosophari
1300 1191 1553 1238 uiderentur,

155 1251 429 1300 philosophos
461 1261 557 1289 esse
582 1249 837 1289 eiuscemodi
876 1244 1014 1288 (ἄνευ
1045 1248 1127 1287 τοῦ
1156 1245 1391 1298 πράττειν,
1428 1243 1554 1299 μέχρι

117 1311 138 1347 2
155 1307 235 1345 τοῦ
253 1304 430 1356 λέγειν’,
461 1306 502 1344 id
520 1305 725 1355 significat
745 1305 879 1344 esaetis
902 1306 1061 1354 procul,
1094 1304 1234 1346 uerbis
1256 1305 1410 1342 tenus’.
1471 1304 1555 1341 lam

155 1362 254 1400 illud
272 1367 336 1400 est
356 1361 679 1409 ue(he)mentius
692 1392 701 1406 ,
732 1361 844 1408 quod
861 1359 1010 1398 Arria
1023 1371 1113 1398 nus
1144 1359 1311 1398 solitum
1332 1370 1425 1397 eum
1443 1358 1549 1397 dicti-

156 1423 244 1456 tare
272 1417 312 1455 in
345 1417 523 1463 libris,
563 1428 668 1466 quos
700 1416 757 1454 de
787 1414 1266 1454 dissertationibus
1300 1414 1410 1454 eius
1445 1425 1552 1454 com·
1617 1462 1619 1467 Α

119 1473 316 1524 3posuit‚
350 1473 549 1522 scriptum
566 1472 743 1521 reliquit.
805 1473 921 1511 ‘Nam
941 1474 1063 1519 cum',
1094 1471 1244 1520 inquit,
1282 1470 1555 1510 <animaduer-

157 1533 267 1568 terat
289 1528 518 1576 hominem,
550 1529 712 1579 pudore
743 1527 919 1575 amisso,
951 1527 1175 1577 inportuna
1211 1526 1431 1575 industria,
1467 1537 1554 1566 cor·
1618 1558 1619 1564 ,

158 1584 288 1633 ruptis
325 1584 530 1632 moribus,
574 1585 796 1631 audacem,
842 1584 1121 1623 confidentem
1161 1582 1300 1632 lingua
1332 1587 1556 1632 ceteraque
1618 1613 1619 1617 ,

160 1641 296 1680 omnia
320 1646 611 1690 praeterquam
628 1640 803 1679 animam
824 1644 1137 1690 procurantem,
1168 1639 1402 1679 istiusmodi
1428 1638 1570 1679 homi--

159 1708 252 1735 nem
278 1707 369 1735 eum
394 1697 556 1736 uiderat
581 1697 717 1737 studia
742 1708 909 1746 quoque
936 1701 976 1735 et
1005 1695 1243 1745 disciplinas
1267 1695 1556 1745 philosophiae
1618 1692 1619 1695 ’

162 1758 420 1792 contrectare
445 1758 486 1792 et
505 1752 681 1804 physica
704 1754 816 1792 adire
838 1758 878 1792 et
902 1752 1088 1791 meditari
1109 1751 1323 1791 dialectica
1346 1752 1557 1800 multaque

159 1809 200 1847 id
217 1820 348 1858 genus
365 1810 622 1849 theoremata
640 1809 843 1859 suspicari
861 1807 1158 1858 sciscitarique,
1178 1807 1424 1854 inclamabat
1434 1807 1557 1846 deum

161 1870 285 1914 atque
316 1865 527 1905 hominum
556 1865 681 1904 fidem
713 1877 761 1905 ac
789 1867 1034 1915 plerumque
1060 1864 1166 1903 inter
1203 1864 1463 1904 clamandum
1492 1863 1555 1902 his

162 1933 255 1959 eum
271 1921 409 1960 uerbis
434 1922 694 1986 increpabat.
728 1927 739 1945 <
750 1916 1012 1985 Ἄνθρωπε,
1040 1920 1131 1959 ποῦ
1150 1916 1350 1984 βάλλεις;
1380 1917 1555 1967 σκέψαι,

163 1976 202 2015 εἰ
226 1972 502 2042 κεκάθαρται
532 1973 581 2017 τὸ
615 1972 817 2029 ἀγγεῖον
857 1974 914 2017 ἂν
939 1972 1024 2043 γὰρ
1057 1975 1118 2023 εἰς
1142 1972 1235 2040 τὴν
1257 1977 1407 2027 οἴησιν
1442 1970 1557 2014 αὐτὰ

163 2027 347 2098 βάλλης,
378 2028 700 2086 vinculato-32¹1]
731 2034 870 2087 σαπῇ,
911 2024 1054 2084 οὖρον
1075 2025 1103 2083 ἢ
1127 2025 1229 2080 ὅξος
1252 2029 1429 2083 γένοιτο
1460 2024 1488 2082 ἢ
1517 2031 1562 2069 εἴ

126 2095 150 2128 4
166 2101 206 2127 τι
226 2085 401 2128 τούτων
422 2093 634 2143 χεῖρον”.
672 2091 732 2130 Nil
749 2092 937 2153 profecto
960 2088 1023 2128 his
1038 2087 1177 2127 uerbis
1194 2087 1384 2137 grauius,
1415 2087 1469 2127 nil
1487 2098 1557 2127 ue·
1603 2127 1610 2131 ,

163 2144 261 2191 rius,
295 2145 444 2194 quibus
468 2147 704 2186 declarabat
720 2146 922 2186 maximus
945 2143 1315 2195 philosophorum,
1342 2144 1482 2184 literas
1499 2147 1557 2182 at-

166 2211 244 2247 que
272 2201 481 2242 doctrinas
504 2201 812 2252 philosophiae,
846 2214 938 2241 cum
962 2201 1002 2240 in
1029 2199 1237 2239 hominem
1257 2201 1406 2240 falsum
1429 2205 1581 2249 atque
