1603 2508
657 68 686 106 I.
713 78 806 107 x111.
838 78 950 107 x1111.
1423 64 1478 107 57

15 188 18 191 '
63 181 117 222 ad
130 185 159 230 †
173 191 282 232 mag.
303 181 349 221 G.
367 181 479 221 mole
496 181 748 230 attenisium,
768 181 982 222 sociorum
1001 180 1316 230 amicorumque
1334 179 1481 231 populi

61 238 261 286 Romani,
291 242 338 278 ut
358 249 413 278 ex
437 238 556 278 malis
581 239 769 286 duobuS,
803 250 911 290 quos
931 239 1044 289 apud
1062 249 1137 278 eos
1156 237 1355 286 uidisset,
1388 242 1482 278 uter

61 295 195 336 maior
210 299 345 344 esset,
379 307 474 335 eum
491 295 735 336 mittendum
755 301 932 336 curaret.
995 297 1098 336 Tum
1114 300 1139 343 -ξ
1163 306 1271 345 mag.
1300 295 1347 335 G.
1367 306 1477 335 com·
1495 301 1541 337 12

61 357 205 405 perte,
232 353 508 404 quamobrem
525 355 678 393 malum
695 353 975 402 desideraret,
1002 365 1107 401 non,
1142 352 1201 392 uti
1217 352 1359 392 iussus
1378 357 1479 401 erat,

62 409 283 459 maiorem,
317 411 414 459 sed,
450 422 574 460 quem
604 422 701 451 esse
726 411 857 461 magis
883 411 1079 450 idoneum
1105 410 1394 460 aptioremque
1426 411 1482 449 sa-

63 467 213 508 ciendo
232 467 350 508 arieti
366 467 680 518 facilioremque
697 473 865 518 portatu
885 468 1168 515 existimabat,
1188 467 1392 507 minorem
1410 466 1482 506 mi-

62 525 128 565 sit.
163 525 340 566 Crassus
359 536 455 566 eum
470 525 615 566 uocari
633 525 755 565 iussit
773 530 832 573 et,
853 537 946 565 cum
962 525 1282 574 interrogasset,
1303 535 1376 564 cur
1393 535 1477 564 non
1497 530 1542 566 13

63 593 188 633 quem
204 581 388 624 iusserat
403 581 611 631 misisset,
646 582 785 623 causis
803 582 1122 632 rationibusque
1141 592 1246 632 quas
1265 581 1480 622 dictitabat

62 639 237 690 spretis,
268 639 521 681 uestimenta
540 640 702 680 detrahi
729 640 951 690 imperauit
975 640 1191 690 uirgisque
1218 640 1392 679 multum
1419 649 1482 678 ce-

63 696 181 746 cidit,
214 697 427 748 corrumpi
453 702 578 748 atque
605 697 783 737 dissolui
809 698 992 737 officium
1020 708 1143 737 omne
1162 696 1404 747 imperantis
1421 707 1483 735 ra-

60 758 151 804 tus,
182 753 218 794 si
235 754 330 805 quis
348 755 401 795 ad
419 754 482 803 id,
516 755 630 805 quod
651 756 787 794 facere
806 755 947 795 iussus
967 760 1050 801 est,
1084 766 1167 794 non
1188 754 1394 804 obsequio
1413 754 1484 793 de-

61 810 169 861 bito,
203 812 282 868 sed
309 812 484 853 consilio
505 824 588 853 non
608 811 848 852 desiderato
869 812 1140 862 respondeat.

716 968 839 1009 Xllll.

64 1086 164 1132 Quid
178 1085 317 1124 dixerit
333 1087 541 1133 feceritque
560 1085 600 1122 C.
620 1086 816 1122 Fabricius
829 1114 837 1127 ,
871 1096 1013 1131 inagna
1042 1085 1098 1120 uir
1116 1085 1239 1131 gloria
1257 1085 1485 1132 magnisque

120 1145 235 1181 rebus
253 1144 373 1192 gestis
386 1172 395 1188 ‚
424 1143 492 1180 sed
511 1143 678 1179 familiae
695 1143 960 1189 pecuniaeque
980 1143 1089 1189 inops
1102 1171 1111 1185 ‚
1139 1153 1222 1177 cnm
1242 1141 1274 1177 ei
1294 1141 1484 1178 Samnites

119 1205 313 1249 tamquam
337 1200 522 1248 indigenti
539 1212 656 1247 graue
676 1211 807 1235 aurum
827 1200 1026 1236 donarent.

148 1323 314 1364 lulius
359 1323 610 1374 Hyginus
659 1324 712 1363 in
762 1323 898 1362 libro
948 1324 1013 1361 de
1062 1322 1172 1362 uita
1219 1323 1524 1372 rebusquel

61 1379 372 1421 inlustrium
401 1380 637 1421 uirorum
671 1386 829 1421 sexto
863 1382 1024 1429 legatos
1059 1380 1156 1419 dicit
1180 1391 1204 1418 a
1231 1380 1486 1420 Samnitibus

0 1442 2 1446 ’
46 1438 118 1478 ad
135 1438 178 1479 C.
195 1437 444 1486 Fabricium,
462 1437 759 1489 imperatorem
777 1437 1123 1488 populiRomani,
1143 1437 1314 1478 uenisse
1333 1442 1385 1485 et,
1403 1448 1487 1476 me-

48 1495 237 1536 'moratis
254 1494 394 1535 multis
412 1495 662 1546 magnisque
681 1496 832 1542 rebus,
853 1506 961 1545 quae
979 1495 1087 1534 bene
1106 1506 1154 1534 ac
1172 1495 1369 1535 beniuole
1387 1499 1487 1545 post

31 1550 46 1581 2³
62 1551 270 1593 redditam
285 1563 434 1604 pacem
451 1552 705 1593 Samnitibus
725 1552 908 1600 fecisset,
928 1552 1133 1602 optulisse
1153 1553 1266 1592 dono
1284 1551 1486 1599 grandem

30 1609 289 1663 ‚;·.pecuniam
309 1620 565 1660 orasseque,
592 1610 650 1650 uti
678 1609 890 1660 acciperet
906 1613 1192 1659 utereturque,
1220 1615 1346 1659 atque
1364 1609 1404 1648 id
1432 1610 1487 1647 sa-

32 1663 162 1708 {acere
186 1666 395 1708 Samnites
428 1667 610 1716 dixisse,
648 1668 762 1718 quod
786 1667 978 1706 uiderent
1002 1668 1129 1706 multa
1145 1667 1197 1705 ad
1216 1666 1487 1716 splendorem

0 1745 2 1753 =
30 1710 218 1779 &domus
245 1729 372 1775 atque
396 1724 535 1765 uictus
554 1725 700 1764 defieri
725 1735 863 1774 neque
881 1735 957 1774 pro
976 1723 1246 1773 amplitudine
1271 1722 1487 1772 dignitate-

50 1791 149 1832 Jque
166 1782 325 1822 lautum
341 1787 532 1833 paratum
551 1794 662 1822 esse.
730 1783 833 1821 Tum
850 1779 1083 1820 Fabricium
1101 1782 1248 1830 planas
1268 1791 1417 1819 manus
1436 1779 1487 1818 ab
1504 1783 1528 1818 2

50 1834 236 1879 ⁴'auribus
265 1840 318 1879 ad
343 1841 491 1880 oculos
519 1844 560 1878 et
586 1839 695 1879 infra
731 1839 932 1888 deinceps
964 1838 1018 1876 ad
1050 1849 1174 1877 nares
1208 1842 1248 1877 et
1280 1837 1333 1876 ad
1366 1848 1415 1877 os
1448 1841 1490 1876 et

47 1895 120 1936 :ad
147 1897 288 1947 gulam
329 1900 455 1947 atque
486 1896 583 1936 inde
614 1909 743 1948 porro
777 1897 829 1935 ad
859 1900 1051 1935 uentrem
1090 1895 1217 1934 imum
1258 1893 1489 1934 deduxisse

51 1950 108 1997 ,let
129 1952 277 2004 legatis
294 1953 353 1993 ita
367 1953 665 2004 respondisse:
700 1954 798 1994 dum
816 1953 894 1993 illis
915 1952 1109 1993 omnibus
1127 1951 1344 1999 membris,
1381 1962 1488 2001 quae

32 2007 296 2061 {attigissem
355 2011 562 2052 obsistere
609 2017 735 2062 atque
787 2011 994 2061 imperare
1039 2014 1207 2059 posset,
1261 2019 1489 2058 numquam

39 2065 291 2124 gsquicquam
324 2068 585 2116 defuturum3
633 2073 860 2119 propterea
891 2078 937 2107 se
968 2066 1209 2117 pecuniam,
1262 2077 1344 2116 qua
1390 2064 1488 2104 nihil

49 2121 148 2167 -sibi
163 2129 280 2166 esset
309 2137 435 2174 usus,
470 2125 522 2165 ab
548 2125 632 2173 his,
668 2126 818 2176 quibus
853 2136 944 2163 eam
978 2123 1104 2164 sciret
1137 2123 1232 2163 usui
1250 2134 1370 2171 esse,
1403 2134 1486 2163 non

42 2171 274 2232 &accipere

58 2239 74 2251 1

67 2369 138 2413 <0

74 2415 143 2444 '¹;.

39 2249 58 2279 -=‘
39 2225 67 2240 ε

45 2391 60 2407 <-
36 2284 70 2382 *⁶0⁴4*
