1619 2476
172 48 252 90 108
774 50 896 89 XIIII.
931 60 958 88 1.

115 162 485 211 llconspexcris’.
546 162 765 200 Praeterea
796 161 1040 209 mirabatur,
1072 160 1114 200 id
1145 161 1338 211 cuiquam
1368 172 1445 211 pro
1481 172 1573 211 per-

173 224 293 266 cepto
325 217 503 267 liquere,
537 219 677 256 stellas
710 217 832 264 istas,
865 228 968 267 quas
991 229 1015 256 a
1033 217 1247 257 Chaldaeis
1274 223 1316 257 et
1330 216 1573 268 Babyloniis

171 274 259 312 siue
289 273 510 324 Aegyptiis
549 273 794 313 obseruatas
837 275 991 321 serunt,
1035 284 1138 323 quas
1177 273 1293 313 multi
1324 272 1572 321 ‘erraticas’,

169 328 407 378 Nigidius
440 332 662 369 terrones'
685 334 830 377 uocat,
865 341 947 369 non
972 340 1069 370 esse
1099 331 1265 380 plures,
1299 341 1422 380 quam
1445 330 1572 379 uolgo

115 394 155 427 12
169 386 406 424 dicerentur
422 400 431 433 ;
462 397 591 435 posse
617 386 726 425 enim
753 386 840 425 fieri
868 385 1149 433 existimabat,
1180 390 1226 425 ut
1245 391 1286 426 et
1307 385 1375 425 alii
1405 385 1573 435 quidam

169 443 356 491 planetes
379 442 467 491 pari
493 447 700 490 potestate
725 448 888 494 essent,
922 442 1011 482 sine
1029 442 1178 492 quibus
1197 446 1313 482 recta
1335 446 1460 492 atque
1481 452 1574 491 per-

168 504 294 547 petua
312 498 549 538 obseruatio
569 498 713 547 perfici
731 510 811 538 non
833 499 979 548 quiret,
1001 509 1138 548 neque
1155 509 1230 539 eos
1246 503 1384 538 tamen
1402 508 1574 537 cernere

168 554 359 594 homines
392 559 570 604 possent
595 559 769 604 propter
802 555 1116 605 exuperantiam
1139 555 1207 594 uel
1233 553 1471 605 splendoris
1504 554 1573 592 uel

114 608 404 651 13altitudinis.
468 611 592 649 <Nam
615 616 655 649 et
677 611 918 659 quaedam’,
951 611 1102 661 inquit,
1135 610 1299 651 ‘sidera
1324 610 1595 660 quibusdam·

169 666 290 705 terris
336 666 653 716 conspiciuntur
698 678 924 716 earumque
960 672 1164 707 terrarum
1198 666 1434 707 hominibus
1473 671 1574 705 nota

170 727 285 769 suut3
319 723 394 761 sed
425 723 570 761 eadem
602 723 694 772 ipsa
725 735 776 762 ex
806 724 884 762 alia
916 724 1027 764 omni
1057 729 1168 763 terra
1196 735 1279 764 non
1308 723 1501 762 uidentur
1532 726 1573 760 et

113 784 263 819 14sunt
288 778 375 817 aliis
405 779 572 818 omnino
606 779 879 828 ignarissima.
942 782 1082 830 Atque
1113 779 1172 819 uti
1205 780 1351 819 demus
1364 781 1393 826 ³,
1424 778 1571 829 inquit,

170 839 226 872 ‘et
252 835 326 873 has
351 835 639 875 tantummodo
660 837 802 876 stellas
827 841 867 875 et
890 847 941 876 ex
958 847 1041 875 una
1058 841 1177 886 parte
1199 841 1335 875 terrae
1355 833 1573 875 obseruari

169 890 378 939 debuisse,
413 902 519 940 quae
542 892 709 930 tandem
731 892 824 931 finis
844 892 1152 932 obseruationis
1169 891 1288 932 istius
1310 891 1384 931 suit
1399 896 1440 930 ct
1464 900 1573 940 quae

167 953 357 995 tempora
388 947 489 987 satis
521 958 616 987 esse
649 948 737 987 uisa
769 954 865 988 sunt
885 950 937 988 ad
966 948 1291 999 percipiendum,
1323 947 1423 998 quid
1454 957 1572 997 prae·
1618 949 1619 953 ’

167 1008 422 1042 monstraret
445 1009 515 1043 aut
538 1010 683 1044 coctus
703 1006 914 1044 stellarum
941 1010 1012 1044 aut
1034 1005 1230 1045 circuitus
1250 1009 1320 1043 aut
1342 1003 1572 1043 transitus?

113 1060 266 1097 15Nam
287 1059 321 1097 si
343 1058 422 1098 isto
447 1061 572 1099 modo
593 1065 743 1111 coepta
760 1061 847 1100 fieri
867 1061 1104 1102 obseruatio
1131 1066 1213 1108 est,
1245 1066 1292 1100 ut
1313 1060 1570 1100 animaduer-
1617 1101 1619 1114 Ι

167 1120 337 1164 teretur,
369 1127 450 1166 quo
471 1116 611 1156 habitu
630 1128 795 1167 quaque
817 1119 949 1157 forma
967 1129 1132 1168 quaque
1149 1117 1339 1167 positura
1357 1117 1571 1156 stellarum
1618 1120 1619 1158 J

167 1172 315 1222 aliquis
333 1179 588 1221 nasceretur,
610 1178 695 1212 tum
716 1173 913 1224 deinceps
931 1174 982 1213 ab
999 1174 1168 1213 ineunte
1183 1173 1268 1213 uita
1292 1174 1457 1213 fortuna
1479 1171 1571 1210 eius
1589 1208 1602 1223 ,

168 1235 207 1268 et
224 1241 363 1269 mores
383 1236 423 1268 et
445 1230 653 1278 ingenium
672 1235 713 1268 ct
730 1230 1039 1270 circumstantia
1067 1241 1205 1268 rerum
1222 1229 1572 1278 negotiorumque

167 1290 206 1323 et
231 1285 284 1323 ad
302 1292 561 1334 postremum
585 1286 677 1324 finis
702 1286 822 1324 otiam
843 1286 953 1325 uitae
976 1290 1238 1335 spectaretur
1265 1295 1399 1333 eaque
1417 1283 1567 1329 omnia,
1598 1299 1603 1302 ·

167 1347 210 1378 ut
240 1352 321 1379 usu
341 1346 555 1387 uenerant,
588 1340 715 1379 literis
736 1342 1032 1379 mandarentur
1062 1351 1110 1379 ac
1137 1344 1287 1390 postea
1313 1339 1448 1388 longis
1469 1343 1582 1377 tem-¹

166 1395 361 1445 poribus,
395 1407 487 1435 cum
505 1395 622 1444 ipsae
643 1396 735 1434 illac
753 1397 901 1435 eodem
923 1396 962 1435 in
987 1397 1081 1436 loco
1101 1396 1335 1445 eodemque
1351 1394 1493 1434 habitu
1510 1395 1571 1434 fo—

165 1456 268 1498 rent,
301 1452 447 1490 eadem
465 1452 614 1490 ceteris
633 1463 802 1500 quoque
827 1457 1028 1492 euentura
1045 1451 1390 1499 existimarentur,
1413 1449 1482 1500 qui
1499 1461 1570 1489 eo·

111 1515 153 1550 16
165 1507 258 1546 dem
281 1507 351 1546 illo
376 1512 565 1557 tempore
590 1507 674 1546 nati
700 1508 900 1555 fuissent3
930 1508 965 1547 si
990 1508 1109 1555 isto',
1141 1507 1290 1556 inquit,
1323 1507 1476 1547 ‘modo
1497 1505 1569 1546 ob-

165 1563 324 1602 seruari
342 1569 535 1612 coeptum
562 1569 626 1602 est
658 1567 729 1611 [et]
757 1575 809 1603 ex
831 1575 881 1602 ea
895 1563 1191 1605 obseruatione
1208 1562 1428 1613 conposita
1444 1562 1570 1611 quae*

110 1626 153 1661 17
166 1619 259 1658 dam
278 1618 495 1668 disciplina
513 1625 587 1666 est,
619 1621 730 1658 nullo
746 1620 786 1658 id
812 1625 935 1670 pacto
954 1625 1095 1669 potest
1112 1620 1358 1669 procedere.
1418 1618 1568 1658 Dicant

166 1675 291 1722 enim,
326 1680 428 1724 quot
451 1676 619 1714 tandem
643 1675 759 1715 annis
781 1678 848 1715 uel
870 1676 1008 1725 potius
1032 1680 1135 1725 quot
1159 1675 1335 1715 saeculis
1366 1673 1479 1714 orbis
1500 1673 1569 1712 hic

109 1739 152 1774 18
164 1730 470 1770 obseruationis
492 1731 638 1780 perfici
654 1731 862 1780 quiuerit'.
902 1733 1102 1772 Constare
1128 1731 1282 1781 quippe
1302 1731 1410 1769 inter
1425 1734 1568 1769 astro-

164 1787 285 1835 logos
305 1786 487 1834 dicebat,
519 1788 660 1826 stellas
678 1787 801 1835 istas,
832 1799 934 1837 quas
961 1787 1208 1826 ‘erraticas’
1227 1786 1425 1834 dicerent,
1459 1796 1568 1835 quae

165 1852 261 1880 esse
280 1841 461 1881 omnium
480 1854 617 1882 rerum
642 1844 787 1882 fatales
814 1844 1074 1890 uiderentur,
1105 1842 1265 1883 infinito
1295 1852 1430 1892 prope
1451 1847 1492 1881 et
1509 1841 1566 1880 in-

164 1897 409 1936 numerabili
431 1910 604 1938 numero
624 1910 827 1939 annorum
844 1900 897 1938 ad
919 1899 1095 1939 eundem
1113 1900 1270 1946 locum,
1305 1909 1399 1938 cum
1410 1898 1566 1940 eodem

164 1953 304 1993 habitu
326 1954 446 1993 simul
467 1966 612 1994 omnes
630 1956 845 2004 profectae
862 1960 969 2002 sunt,
1002 1954 1212 2003 [regredi]‚
1234 1959 1280 1994 ut
1301 1965 1439 2004 neque
1454 1955 1570 1994 ullus

166 2009 474 2050 obseruationis
504 2015 626 2050 tenor
646 2022 783 2060 neque
811 2010 1034 2051 memoriae
1055 2011 1138 2050 ulla
1171 2011 1332 2060 effigies
1353 2011 1572 2050 literarum

111 2068 277 2106 19tanto
302 2077 406 2106 aeuo
426 2066 639 2116 potuerint
654 2068 843 2106 edurare.
903 2069 1043 2116 Atque
1067 2066 1168 2106 illud
1192 2067 1314 2106 etiam
1333 2065 1565 2106 cuiusmodi

166 2127 279 2160 esset
304 2122 654 2162 considerandum
679 2124 870 2173 putabat,
899 2123 1012 2172 quod
1036 2122 1146 2162 aliud
1176 2124 1388 2163 stellarum
1416 2133 1564 2172 agmen

165 2177 292 2225 soret,
327 2190 410 2227 quo
433 2179 609 2228 primum
628 2184 816 2229 tempore
833 2178 1122 2228 conciperetur
1137 2180 1262 2219 homo
1279 2179 1319 2218 in
1339 2184 1459 2219 utero
1482 2189 1564 2216 ma-

164 2232 259 2279 tris,
291 2234 399 2272 aliud
422 2240 571 2283 postea
589 2246 680 2274 cum
701 2236 740 2273 in
761 2236 904 2274 decem
922 2234 1134 2274 mensibus
1152 2235 1351 2285 proximis
1367 2235 1407 2274 in
1429 2233 1576 2273 lucem?
