1619 2476
147 51 204 90 50
781 48 867 86 XII.
897 58 925 84 1.

149 162 187 201 in
214 166 331 200 utero
353 159 553 209 sanguine
579 169 655 198 suo
681 157 822 196 nescio
849 158 965 207 quid,
1000 158 1113 207 quod
1142 168 1224 196 non
1257 157 1438 204 uideret3
1470 168 1554 197 non

152 220 261 256 alere
288 227 395 254 nunc
425 226 500 254 suo
527 216 650 260 lacte,
687 213 800 262 quod
830 214 988 261 uideat,
1020 214 1099 252 iam
1122 213 1354 260 uiuentem,
1382 211 1463 251 iam
1481 213 1553 252 ho-

111 278 133 314 7
152 273 322 319 minem,
353 271 432 309 iani
450 270 590 309 matris
609 268 745 309 officia
771 269 1072 319 implorantem?
1102 270 1166 308 An
1195 273 1236 307 tu
1263 270 1461 318 quoque’,
1495 268 1553 307 in-

153 328 257 378 quit,
291 331 302 348 ‘
316 332 459 376 putas,
479 332 667 365 naturam
686 325 845 364 feminis
864 336 1131 364 mammarum
1147 325 1277 364 ubera
1294 324 1412 374 quasi
1430 336 1553 374 quos-

154 386 247 423 dam
278 382 542 422 uenustiores
584 382 806 427 naeuulos,
844 394 925 422 non
960 381 1133 420 liberum
1172 381 1434 428 alendorum,
1479 381 1550 420 sed

114 438 328 480 sornandi
358 438 540 488 pectoris
572 449 696 477 causa
733 437 928 477 dedisse?
976 437 1043 476 Sic
1076 436 1203 484 enim,
1238 436 1350 485 quod
1380 448 1404 475 a
1432 436 1554 476 uobis

151 495 307 536 scilicet
336 495 474 542 abest,
505 496 729 543 pleraeque
761 493 865 532 istae
889 492 1156 543 prodigiosae
1182 491 1374 531 mulieres
1399 493 1554 531 fontem

149 553 261 591 illum
296 550 600 590 sanctissimum
630 549 838 598 corporis,
880 549 1042 598 generis
1077 548 1241 588 humani
1275 549 1553 593 educatorem,

151 609 359 647 arefacere
392 613 431 646 et
470 606 710 655 extinguere
750 616 840 644 cum
883 605 1064 654 periculo
1098 615 1265 654 quoque
1295 603 1434 643 auersi
1466 615 1553 644 cor-

150 663 343 713 ruptique
374 662 490 702 lactis
521 663 729 708 laborant,
775 666 985 711 tamquam
1021 660 1305 711 pulcritudinis
1346 659 1422 699 sibi
1458 660 1552 699 insi-

151 720 245 770 gnia
269 720 534 766 deuenustet‚
571 719 683 767 quod
702 717 866 767 quidem
893 718 1046 756 faciunt
1064 718 1209 757 eadem
1224 716 1439 764 uecordia,
1474 727 1556 765 qua

153 776 399 825 quibusdam
433 772 728 814 commenticiis
760 773 972 813 fraudibus
1006 773 1208 821 nituntur,
1239 778 1284 812 ut
1316 774 1421 812 fetus
1455 783 1554 821 quo-

154 844 233 881 que
264 830 362 880 ipsi,
393 830 433 869 in
466 841 642 880 corpore
673 841 750 869 suo
784 830 995 879 concepti,
1029 829 1286 876 aboriantur,
1319 840 1370 867 ne
1397 839 1555 877 aequor

150 888 249 926 illud
282 887 437 926 uentris
461 887 674 935 inrugetur
698 897 745 924 ac
772 886 823 925 de
847 885 1048 935 grauitate
1075 885 1211 925 oneris
1241 890 1280 924 et
1306 885 1448 923 labore
1464 895 1554 932 par—

111 950 216 986 9tus
248 942 421 981 fatiscat.
475 943 593 991 Quod
629 953 720 980 cum
752 942 804 981 sit
834 941 998 991 publica
1031 941 1305 980 detestatione
1333 939 1554 979 communi-

154 1011 234 1049 que
268 998 363 1039 odio
397 997 585 1048 dignum,
620 998 658 1036 in
691 997 792 1047 ipsis
827 997 1033 1037 hominem
1066 996 1321 1045 primordiis,
1354 997 1451 1035 dum
1482 996 1554 1034 fin-

151 1056 276 1105 gitur,
309 1055 406 1094 dum
434 1054 653 1101 animatur,
686 1054 791 1094 inter
814 1053 928 1104 ipsas
955 1053 1122 1093 artificis
1148 1058 1319 1092 naturae
1335 1063 1481 1091 manus
1497 1051 1553 1090 in-

150 1113 367 1150 terfectum
400 1110 480 1158 ire,
514 1111 753 1159 quantulum
786 1109 880 1149 hinc
911 1109 1049 1156 abest,
1081 1109 1161 1148 iam
1194 1109 1443 1159 perfectum,
1474 1107 1554 1146 iarn

152 1167 351 1217 genitum,
382 1166 461 1205 iam
482 1166 607 1205 filiuni
633 1166 789 1216 proprii
811 1171 935 1215 atque
954 1166 1140 1205 consueti
1156 1171 1278 1215 atque
1295 1163 1446 1214 cogniti
1463 1175 1554 1203 san-

152 1222 286 1273 guinis
317 1221 508 1262 alimonia
536 1221 725 1272 priuare?

97 1283 140 1316 10
235 1279 344 1318 ‘Sed
371 1278 468 1317 nihil
497 1277 704 1325 interest’,
750 1279 830 1317 hoc
864 1277 970 1317 enim
1007 1276 1170 1324 dicitur,
1204 1277 1324 1315 ‘dum
1354 1277 1486 1314 alatur
1515 1281 1555 1315 et
1618 1276 1619 1280 ’

98 1338 137 1371 11
153 1334 286 1385 uiuat,
320 1334 435 1373 cuius
467 1334 507 1372 id
538 1335 641 1372 lacte
673 1334 779 1372 fiat'.
843 1335 921 1372 Cur
952 1332 1074 1381 igitur
1103 1331 1199 1378 iste,
1233 1330 1302 1380 qui
1332 1331 1412 1370 hoc
1444 1331 1551 1378 dicit,
1616 1330 1619 1355 ²

154 1390 189 1429 si
213 1390 252 1428 in
288 1388 559 1439 capessendis
590 1394 761 1427 naturae
794 1384 986 1427 sensibus
1016 1392 1100 1426 tam
1130 1386 1365 1434 obsurduit,
1396 1398 1480 1426 non
1510 1387 1552 1426 id

156 1457 323 1495 quoque
353 1444 450 1484 nihil
471 1445 674 1484 interesse
699 1449 834 1494 putat,
869 1443 984 1483 cuius
1007 1443 1046 1482 in
1072 1454 1248 1493 corpore
1275 1442 1476 1492 cuiusque
1501 1454 1552 1482 ex

98 1506 141 1539 12
154 1501 354 1551 sanguine
386 1506 605 1540 concretus
636 1501 759 1540 horno
795 1505 835 1539 et
867 1500 1039 1540 coalitus
1077 1499 1156 1539 sit?
1201 1510 1252 1537 an
1284 1498 1378 1548 quia
1410 1498 1550 1549 spiritu

153 1559 279 1597 multo
313 1563 352 1597 et
384 1558 520 1596 calore
552 1556 749 1605 exalbuit,
781 1567 864 1595 non
881 1555 990 1595 idem
1007 1554 1175 1605 sanguis
1193 1560 1257 1594 est
1272 1566 1381 1595 nunc
1398 1555 1438 1594 in
1454 1555 1552 1595 ube-

97 1618 141 1652 13
155 1613 288 1662 ribus,
328 1613 399 1663 qui
429 1613 468 1652 in
499 1617 617 1652 utero
649 1612 750 1652 suit?
788 1623 927 1652 nonne
957 1613 1034 1651 hac
1066 1622 1234 1661 quoque
1265 1611 1305 1650 in
1335 1623 1381 1651 re
1412 1612 1552 1651 soller-

153 1669 208 1709 tia
236 1674 408 1709 naturae
439 1668 610 1708 euidens
643 1673 724 1716 est,
760 1669 893 1718 quod,
928 1672 1152 1718 postquam
1182 1667 1350 1717 sanguis
1381 1666 1447 1706 ille
1465 1667 1549 1717 opi-

153 1726 221 1765 fex
260 1726 299 1765 in
331 1724 610 1775 penetralibus
644 1724 729 1764 suis
763 1735 884 1764 omne
916 1734 1067 1772 corpus
1099 1722 1275 1763 hominis
1307 1723 1444 1770 finxit,
1484 1723 1551 1762 ad-

152 1786 346 1821 uentante
376 1781 455 1820 iam
483 1786 625 1831 partus
659 1786 867 1831 tempore,
908 1780 946 1819 in
980 1790 1182 1828 supernas
1216 1790 1262 1818 se
1292 1784 1432 1828 partes
1462 1790 1552 1828 per-

155 1839 249 1885 fert,
280 1839 332 1877 ad
363 1838 543 1877 fouenda
570 1836 680 1876 uitae
711 1842 834 1886 atque
860 1835 961 1875 lucis
992 1833 1223 1874 rudimenta
1248 1840 1415 1887 praesto
1435 1840 1498 1874 est
1515 1840 1554 1874 et

99 1899 143 1933 14
157 1904 303 1933 recens
334 1893 440 1933 natis
471 1898 614 1932 notum
645 1897 685 1932 et
715 1892 951 1931 familiarem
980 1890 1132 1930 uictum
1162 1891 1313 1930 offert?
1352 1890 1552 1940 Quamob-

155 1960 241 1988 rem
272 1961 355 1989 non
387 1950 537 1988 frustra
575 1948 773 1988 creditum
813 1953 895 1995 est,
940 1946 1045 1986 sicut
1079 1947 1216 1986 ualeat
1246 1946 1298 1985 ad
1335 1945 1552 1995 fingendas

157 2005 344 2055 corporis
382 2011 505 2054 atque
541 2004 663 2043 animi
702 2003 986 2044 similitudines
1024 2001 1088 2041 uis
1117 2006 1157 2041 et
1186 2007 1332 2042 natura
1371 2001 1552 2049 seminis,

155 2072 237 2100 non
274 2072 397 2101 secus
429 2062 481 2100 ad
511 2061 684 2100 eandem
715 2071 801 2099 rem
833 2058 948 2098 lactis
981 2068 1149 2107 quoque
1187 2057 1352 2108 ingenia
1383 2062 1422 2097 et
1457 2069 1552 2107 pro-

100 2122 144 2155 15
158 2116 353 2164 prietates
384 2119 538 2156 ualere.
569 2117 712 2165 Neque
742 2116 782 2155 in
813 2113 1045 2155 hominibus
1068 2113 1111 2152 id
1141 2115 1288 2162 solum,
1320 2113 1396 2154 sed
1418 2113 1552 2163 in-pe-

159 2172 330 2212 cudibus
351 2183 518 2222 quoque
545 2171 889 2211 animaduersum.
935 2171 1035 2209 Nam
1066 2168 1100 2209 si
1132 2169 1271 2209 ouium
1302 2171 1406 2209 lacte
1430 2168 1551 2208 haedi

157 2232 225 2265 aut
256 2239 470 2277 caprarum
501 2227 596 2278 agni
627 2229 805 2276 alantur,
839 2230 1003 2266 constat
1028 2226 1154 2265 ferme
1176 2225 1216 2264 in
1242 2224 1306 2265 his
1329 2227 1461 2264 lanam
1480 2224 1577 2263 du-·'
