1635 2492
661 33 784 74 XlllI.
825 45 871 74 11.
1394 33 1476 76 115

61 153 187 198 atque
222 147 327 187 alius
362 151 502 187 motus
535 145 659 186 animi
679 145 901 197 patiendus
936 153 1019 197 est,
1055 148 1175 188 aliter
1202 153 1328 199 atque
1357 149 1476 189 aliter

61 204 270 301 eaglemuin
297 215 425 245 causa
457 203 692 253 eodemque
713 203 753 243 in
776 208 967 255 tempore
1005 205 1160 245 sentire
1190 211 1230 245 et
1251 205 1474 257 interloqui

59 273 101 301 u1
133 272 182 301 ea
230 273 263 301 r.

145 328 230 369 Sed
247 329 300 368 de
322 328 425 376 his',
449 327 599 378 inquit,
625 330 683 367 ‘et
701 327 849 367 ceteris
870 328 1160 368 huiuscemodi
1185 329 1388 369 iudicialis
1414 331 1531 370 of-2o

59 384 141 426 ficii
159 385 402 426 tractatibus
424 390 465 424 et
485 395 563 425 nos
584 385 775 435 posthac,
801 396 894 425 cum
920 385 995 424 erit
1013 385 1153 432 otium,
1187 386 1339 428 dicere,
1373 386 1473 437 quid

60 442 301 490 sentiamus,
335 441 580 482 conabimur
600 445 640 481 et
658 447 886 492 praecepta
910 445 946 481 A
963 441 1052 481 elii
1083 442 1373 483 Tuberonis
1406 455 1472 483 su-

58 510 134 549 per
150 499 288 539 officio
306 498 468 547 iudicis,
486 509 593 549 quae
611 498 846 547 nuperrime
869 498 962 548 legi,
984 499 1313 540 recensebimus.
1353 501 1473 549 Quod
1483 508 1524 543 21

59 561 197 596 autem
217 556 270 596 ad
287 554 507 607 pecuniam
529 554 721 606 pertinet,
741 566 864 606 quam
888 556 1001 605 apud
1022 555 1202 595 iudicem
1216 557 1301 606 peti
1319 557 1470 605 dixisti,

60 613 220 653 suadeo
258 613 397 652 hercle
428 611 519 660 tibi,
550 616 669 651 utare
698 613 752 652 M.
781 613 1016 660 Catonis,
1040 613 1356 663 prudentissimi
1380 614 1469 658 uiri,

61 669 258 717 consilio,
283 669 426 720 quiin
459 668 725 716 oratione,
760 680 883 720 quam
907 681 999 720 pro
1027 670 1071 709 L.
1105 670 1259 710 Turio
1284 676 1471 710 contra

58 727 136 766 Cn.
153 726 374 767 Gellium
396 725 517 774 dixit,
530 725 587 765 ita
608 736 704 766 esse
719 737 744 765 a
764 727 990 767 maioribus
1009 727 1249 775 (maiorum)
1274 727 1469 767 traditum

57 783 415 834 obseruatumque
433 783 507 831 ait,
532 787 578 823 ut
594 782 650 831 si,
669 783 784 833 quod
805 783 911 824 inter
936 784 1044 824 duos
1064 790 1202 824 actum
1221 789 1305 832 est,
1328 795 1469 834 neque

56 840 207 881 tabulis
224 852 362 891 neque
377 840 555 881 testibus
576 841 742 890 planum
760 841 848 881 fieri
869 840 1025 891 possit,
1039 846 1127 881 tum
1142 842 1255 891 apud
1275 841 1468 890 iudicem,

56 897 126 948 qui
142 897 194 937 de
212 908 262 938 ea
279 909 324 938 re
344 902 635 948 cognosceret,
666 902 760 937 uter
784 909 834 938 ex
851 898 915 938 his
932 898 997 938 uir
1017 898 1164 938 melior
1189 904 1323 947 esset,
1344 909 1468 948 quae·

55 959 218 994 reretur
233 959 285 1003 et,
317 954 353 994 si
372 966 494 1005 pares
514 959 659 994 essent
675 966 751 994 seu
767 955 867 994 boni
886 955 1042 1005 pariter
1060 967 1136 994 seu
1153 955 1259 1002 mali,
1295 960 1381 994 tum
1398 954 1466 1003 illi,

56 1011 166 1051 unde
185 1011 359 1062 petitur,
391 1012 634 1052 crederetur
656 1022 704 1051 ac
730 1013 961 1052 secundum
980 1023 1073 1051 eum
1096 1012 1363 1051 iudicaretur.
1423 1013 1467 1051 In
1479 1016 1525 1050 22

55 1068 132 1107 hac
155 1072 294 1108 autem
328 1079 474 1116 eausa,
512 1069 564 1107 de
582 1079 664 1117 qua
680 1073 725 1108 tu
749 1069 943 1121 ambigis,
978 1068 1159 1118 optimus
1185 1074 1249 1108 est
1266 1069 1334 1118 qui
1351 1068 1466 1119 petit,

54 1124 166 1164 unde
181 1124 336 1175 petitur
352 1124 621 1172 deterrimus,
649 1130 689 1164 et
705 1136 773 1165 res
798 1131 863 1165 est
882 1125 989 1165 inter
1005 1125 1113 1165 duos
1131 1130 1223 1164 acta
1241 1124 1330 1164 sine
1355 1125 1467 1165 testi-

58 1181 148 1221 bus.
209 1182 293 1221 Eas
329 1181 453 1232 igitur
485 1187 526 1221 et
549 1181 698 1221 credas
739 1181 795 1229 ei,
830 1182 900 1232 qui
933 1181 1060 1232 petit,
1093 1181 1468 1232 condempnesque
1478 1185 1523 1220 23

55 1248 169 1284 eum,
194 1238 246 1277 de
282 1250 365 1290 quo
390 1238 557 1288 petitur,
594 1237 806 1288 quoniam,
833 1239 956 1279 sicuti
973 1237 1097 1286 dieis,
1130 1238 1213 1278 duo
1233 1250 1356 1288 pares
1381 1250 1465 1278 non

54 1301 151 1336 sunt
166 1301 207 1336 et
223 1295 294 1347 qui
316 1294 422 1347 petit
437 1295 584 1335 melior
599 1300 678 1335 est.

147 1378 241 1418 Hoc
273 1376 441 1428 quidem
464 1375 561 1416 mihi
582 1381 670 1417 tum
694 1374 1008 1422 Fauorinus,
1040 1379 1085 1414 ut
1113 1374 1248 1414 uirum
1281 1374 1523 1425 philoso-24

54 1434 183 1485 phum
206 1434 364 1482 decuit,
398 1433 543 1474 suasit.
606 1432 691 1473 Sed
709 1432 842 1472 maius
867 1443 944 1482 ego
968 1431 1175 1482 altiusque
1198 1431 1240 1470 id
1267 1442 1365 1471 esse
1397 1433 1521 1471 (ὲκ-25

53 1490 244 1540 istimaui,
278 1501 402 1541 quam
420 1491 533 1541 quod
555 1500 673 1530 meae
696 1489 819 1529 aetati
836 1494 877 1528 et
906 1487 1181 1528 mediocritati
1207 1487 1463 1535 conueniret,

53 1551 98 1587 ut
114 1547 370 1598 cognouisse
386 1553 426 1587 et
450 1546 787 1596 condempnasse
806 1545 858 1585 de
879 1545 1087 1593 moribus,
1121 1556 1205 1585 non
1233 1545 1284 1584 de
1314 1544 1464 1594 proba-

51 1603 235 1645 tionibus
259 1603 319 1643 rei
342 1608 488 1654 gestae
518 1603 707 1650 uiderer3
730 1608 775 1642 ut
797 1602 1062 1642 absoluerem
1086 1607 1238 1648 tamen,
1263 1601 1464 1640 inducere

51 1660 91 1700 in
113 1661 294 1701 animum
316 1671 400 1701 non
419 1658 533 1710 quiui
550 1664 591 1699 et
610 1665 835 1710 propterea
851 1658 982 1698 iuraui
998 1657 1095 1696 mihi
1112 1669 1196 1697 non
1214 1656 1384 1707 liquere,
1405 1661 1463 1695 at·

54 1728 135 1767 que
156 1718 213 1757 ita
232 1717 415 1758 iudicatu
436 1717 504 1757 illo
530 1717 692 1756 solutus
716 1727 821 1755 sum.

122 1794 264 1834 Verba
298 1805 360 1834 ex
397 1791 643 1834 oratione
679 1793 734 1832 M.
769 1791 1006 1838 Catonis,
1043 1790 1159 1830 cuius
1186 1788 1518 1830 commeminit26

52 1851 366 1899 Fauorinus,
411 1851 516 1890 haec
554 1854 670 1889 sunt:
722 1851 891 1898 Atque
943 1858 1035 1897 ego
1094 1858 1118 1886 a
1162 1845 1460 1886 maioribus

52 1907 298 1949 memoria
337 1907 416 1947 sic
452 1905 658 1956 accepi:
701 1905 742 1945 si
785 1904 902 1955 quis
948 1903 1073 1954 quid
1115 1904 1256 1942 alter
1292 1902 1350 1941 ab
1392 1902 1460 1940 al-

51 1970 170 2006 tero
199 1968 465 2015 peterent,
501 1963 542 2004 si
582 1962 725 2002 ambo
751 1972 908 2012 pares
945 1965 1144 2008 essent,
1188 1959 1303 1999 siue
1338 1957 1462 1998 boni

53 2021 169 2062 siue
198 2020 316 2061 mali
351 2026 552 2069 essent,
586 2018 728 2070 quod
766 2018 864 2058 duo
897 2028 983 2057 res
1018 2017 1345 2066 gessissent,
1385 2013 1461 2054 uti

53 2083 229 2119 testes
256 2089 354 2118 non
378 2075 738 2123 interessent,
769 2074 850 2114 illi
877 2073 1016 2114 unde
1047 2072 1269 2124 petitur,
1301 2071 1344 2111 ei
1372 2082 1459 2121 po-

54 2134 159 2175 tius
194 2133 514 2174 credendum
554 2143 688 2173 esse.
748 2132 889 2171 Nunc
928 2129 969 2170 si
1007 2129 1352 2180 sponsionem
1390 2127 1460 2166 se-

57 2190 484 2232 cissentGellius
519 2201 630 2230 cum
661 2188 843 2229 Turio:
876 2185 954 2227 ‘Ni
984 2186 1065 2227 uir
1100 2185 1280 2226 melior
1315 2188 1461 2225 esset

56 2246 276 2296 Gellius,
314 2258 463 2298 quam
493 2245 724 2294 Turius’,
751 2255 920 2292 nemo,
954 2243 1179 2337 opino&
1201 2247 1300 2282 tam
1326 2241 1459 2281 insa-
