1635 2492
0 0 18 56 ἱ
42 0 243 30 ἐ-,ςῖῑνῡῑν-ἶγ
266 2 286 7 r·

0 41 31 67 ,ζ’
65 43 77 48 ‘

0 75 17 150 ἒ..

113 11 255 44 4,,»
294 28 302 53 z
325 6 335 16 ⁵
378 0 383 2 ’
412 0 416 2 ’
646 17 773 57 xvn.
801 29 858 58 v1.
882 29 958 59 vn.
1423 19 1505 63 179

99 132 141 172 id
162 136 246 172 est:
279 141 372 171 cum
392 130 508 170 aedis
537 130 732 179 uendidit,
762 131 1007 180 particulam
1026 133 1253 182 quandam,
1285 144 1392 183 quae
1407 139 1506 184 post

98 200 170 230 eas
186 187 302 229 aedis
322 192 429 236 erat,
455 199 540 227 non
556 187 754 236 uendidit,
785 189 860 227 sed
877 188 1053 228 retinuit.
1114 191 1209 240 Ipse
1232 190 1353 230 etiam
1379 190 1500 230 Cato
1518 197 1541 232 8

97 243 311 286 mulierem
332 245 622 284 demonstrare
638 245 890 294 locupletem
909 247 1057 286 uolens
1077 259 1084 285 :
1119 246 1304 286 mulier
1321 279 1330 295 ,
1357 246 1503 299 inquit,

97 306 152 342 et
197 312 424 351 magnam
475 301 648 341 dotem
703 301 785 339 dat
841 307 896 341 et
951 313 1184 352 magnam
1232 304 1503 352 pecuniam

96 357 310 408 recipit,
343 358 424 398 hoc
449 362 512 397 est
535 357 730 397 ‘retinet'.
776 358 839 397 Ex
861 370 910 398 ea
932 358 1054 408 igitur
1071 371 1115 399 re
1138 359 1345 408 familiari,
1378 371 1502 410 quam
1518 365 1540 400 9

97 414 175 454 sibi
198 415 296 454 dote
325 415 421 454 data
448 413 633 462 retinuit,
666 415 887 464 pecuniam
920 415 1010 455 uiro
1044 422 1225 455 mutuam
1259 417 1340 456 dat.
1400 418 1503 456 Eam
1515 423 1560 457 10

97 471 317 521 pecuniam
335 482 428 510 cum
452 470 542 511 uiro
571 471 677 510 forte
699 471 803 510 irata
826 478 1017 521 repetere
1046 473 1239 520 instituit,
1273 473 1446 523 adponit
1463 478 1503 513 et

74 522 374 577 'flagitatorem
394 531 581 568 ‘seruum
599 527 896 578 recepticium’,
916 530 996 568 hoc
1020 536 1084 569 est
1101 529 1314 579 proprium
1333 541 1502 569 seruum

97 595 237 632 suum,
271 596 394 634 quem
421 595 514 624 cum
535 584 712 635 pecunia
731 585 891 635 reliqua
913 591 1132 636 receperat
1159 598 1296 636 neque
1329 586 1503 626 dederat

97 641 195 688 doti,
215 641 295 687 sed
308 641 554 682 retinuerat:
575 653 659 681 non
679 641 784 680 enim
804 653 927 682 seruo
947 643 1077 682 mariti
1099 642 1301 692 imperare
1319 643 1399 682 hoc
1416 655 1501 682 mu-

94 697 236 738 lierem
260 699 321 739 fas
339 704 448 748 erat,
483 699 558 748 sed
576 698 745 748 proprio
771 710 862 738 suo.

176 791 298 830 Plura
321 789 479 836 dicere,
521 787 669 838 quibus
698 789 777 828 hoc
811 794 1000 829 nostrum
1037 783 1187 837 tuear,
1217 789 1551 840 supersedeo:11

94 846 185 897 ipsa
202 846 309 886 enim
331 850 428 886 sunt
444 856 521 895 per
543 856 639 885 sese
658 845 865 885 euidentia
891 851 932 885 et
960 847 1072 895 quod
1096 858 1118 884 a
1139 847 1329 886 Verrio
1354 845 1501 885 dicitur

96 907 136 942 et
160 915 184 942 a
206 902 342 943 nobis.
407 902 527 951 Quod
549 907 682 941 utrum
713 914 811 952 ergo
835 903 1043 942 uidebitur
1070 903 1218 952 cuique
1251 902 1415 950 uerius,
1448 913 1498 940 eo

95 964 246 999 utatur.

757 1064 842 1103 Vll.

94 1145 222 1181 Verba
246 1145 343 1180 haec
369 1155 415 1180 ex
441 1146 568 1181 Atinia
595 1147 700 1191 lege:
736 1145 845 1189 Quod
874 1147 1093 1192 subruptum
1126 1148 1213 1189 erit=
1245 1148 1326 1182 eius
1357 1148 1411 1183 rei
1440 1158 1502 1182 ae-

151 1206 257 1236 terna
275 1202 477 1237 auctoritas
500 1206 601 1243 esto,
629 1202 668 1235 P.
688 1201 838 1248 Nigidio
862 1207 896 1236 et
914 1202 957 1246 Q.
978 1202 1186 1238 Scaeuolae
1211 1204 1293 1239 uisa
1318 1215 1403 1240 esse
1425 1215 1500 1239 non

150 1258 274 1293 minus
292 1257 338 1292 de
355 1258 560 1304 praeterito
575 1258 689 1301 furto,
718 1269 827 1304 quam
847 1258 891 1293 de
909 1259 1030 1294 suluro
1054 1261 1219 1296 cauisse.

173 1355 327 1405 Legis
344 1355 498 1394 ueteris
514 1356 721 1395 Atiniae
739 1357 867 1395 uerba
887 1363 1002 1396 sunt:
1030 1358 1171 1407 Quod
1195 1359 1500 1409 subruptum
1521 1371 1535 1403 1

93 1412 217 1460 erit,
253 1411 367 1451 eius
398 1411 475 1450 rei
501 1418 722 1451 aeterna
754 1414 1048 1454 auctoritas
1079 1420 1205 1455 esto.
1269 1416 1366 1464 Quis
1390 1417 1538 1459 aliud2

90 1473 209 1518 putet
228 1468 268 1507 in
287 1468 403 1508 hisce
416 1469 577 1516 uerbis,
611 1481 733 1519 quam
757 1470 807 1508 de
826 1475 1015 1519 tempore
1033 1477 1190 1510 tantum
1208 1473 1345 1512 futuro
1364 1473 1498 1523 legem

91 1524 232 1574 loqui?
264 1524 348 1564 Sed
371 1525 416 1574 Q.
449 1524 712 1565 Scaeuola
747 1532 942 1575 patrem
972 1538 1117 1567 suum
1151 1534 1191 1567 et
1214 1530 1428 1568 Brutum
1461 1536 1537 1571 et3

89 1580 360 1620 Manilium
379 1613 387 1628 ‚
434 1580 549 1621 uiros
589 1583 774 1631 adprime
813 1584 985 1630 doctos,
1031 1584 1248 1633 quaesisse
1288 1585 1343 1624 ait
1384 1586 1498 1626 dubi-

91 1642 312 1688 tasseque,
344 1643 537 1676 utrumne
561 1638 600 1676 in
627 1645 725 1688 post
749 1640 855 1678 facta
880 1640 1005 1679 modo
1033 1641 1139 1679 furta
1168 1642 1236 1680 lex
1262 1642 1419 1681 ualeret
1445 1654 1497 1682 an

92 1694 214 1734 etiarn
249 1694 290 1733 in
322 1698 417 1734 ante
450 1694 584 1733 facta?
616 1695 811 1744 quoniam
849 1696 1167 1746 subruptum
1207 1697 1309 1736 erit
1342 1703 1497 1738 utrum-

92 1761 173 1799 que
201 1755 368 1801 tempus
411 1750 625 1790 uideretur
667 1752 910 1799 ostendere,
956 1757 1039 1791 tam
1071 1753 1339 1802 praeteritum
1373 1766 1496 1804 quam

90 1807 285 1846 futurum.

172 1886 316 1933 Itaque
327 1885 370 1922 P.
395 1884 662 1935 Nigidius,
690 1884 864 1924 ciuitatis
887 1887 1099 1925 Romanae
1117 1885 1398 1934 doctissimus,
1431 1898 1497 1926 su·
1513 1893 1534 1927 -1

92 1952 166 1991 per
187 1940 447 1983 dubitatione,
466 1943 544 1981 hac
573 1951 717 1980 eorum
743 1942 909 1991 scripsit
951 1943 990 1980 in
1035 1942 1191 1981 tertio
1237 1942 1494 1983 uicesimo

91 1997 558 2048 grammaticorum
586 2008 641 2037 co
657 1997 1028 2037 mmentarioru
1043 2011 1095 2037 m.
1118 2001 1257 2048 Atque
1279 1999 1371 2048 ipse
1393 2011 1495 2049 quo-

91 2065 174 2104 que
193 2051 303 2092 idem
328 2058 466 2103 putat,
501 2054 697 2093 incertam
729 2065 824 2092 esse
852 2055 1050 2104 temporis
1084 2054 1493 2104 demonstrationem,

91 2110 168 2150 sed
189 2114 366 2159 anguste
386 2121 588 2160 perquam
607 2116 647 2149 et
666 2111 844 2150 obscure
866 2109 1043 2158 disserit,
1068 2117 1113 2150 ut
1130 2111 1248 2160 signa
1264 2123 1402 2151 rerum
1421 2123 1495 2162 po·
1511 2120 1533 2152 5

89 2177 191 2206 nere
217 2165 365 2206 uideas
390 2168 441 2206 ad
472 2167 701 2207 subsidium
722 2167 852 2221 magis
873 2169 1096 2207 memoriae
1128 2179 1249 2215 suae,
1284 2178 1406 2217 quam
1439 2169 1492 2207 ad

90 2221 315 2272 legentium
344 2222 615 2274 disciplinam.
676 2223 907 2262 Videbatur
927 2228 1061 2262 tamen
1095 2224 1344 2319 hoclgicere
1373 2236 1494 2264 suum
1512 2231 1533 2265 6

1248 2282 1267 2301 »ι
