1635 2492
0 0 350 351 ἔ

700 29 806 69 XIII.
835 40 906 69 xv.
1463 29 1519 72 83

769 141 861 183 XV.

97 221 225 259 Verba
246 231 295 258 ex
310 221 404 258 libro
425 221 631 258 Messallae
653 221 830 269 auguris,
853 221 989 268 quibus
1012 220 1145 266 docet,
1169 221 1232 268 qui
1257 222 1330 258 sint
1351 223 1518 261 minores

153 279 397 327 magistratus
427 282 463 315 et
485 279 682 315 consulem
701 282 994 326 praetoremque
1018 280 1189 326 collegas
1223 289 1309 315 esse
1342 284 1377 315 et
1404 291 1519 328 quae-

155 335 244 372 dam
265 336 342 372 alia
359 335 406 372 de
429 336 628 383 auspiciis.

177 424 224 464 In
249 422 387 464 edicto
415 424 654 472 consulum,
688 436 771 475 quo
794 424 980 473 edicunt,
1006 424 1098 475 quis
1117 424 1207 464 dies
1232 425 1408 466 comitiis
1427 438 1521 466 cen·
1535 435 1556 469 1

93 480 253 522 turiatis
277 482 440 521 futurus
463 480 534 529 sit,
558 480 760 532 scriptum
781 493 834 521 ex
857 487 1001 522 uetere
1027 483 1159 522 forma
1179 488 1405 532 per-petua:
1458 495 1518 523 ne

94 538 212 589 quis
243 538 585 588 magistratus
615 537 782 579 minor
813 539 872 578 de
902 540 1049 579 eaelo
1083 550 1335 579 seruasse
1367 540 1514 580 uelit.

93 595 244 646 Quaeri
277 594 402 645 igitur
432 596 561 644 solet,
602 595 672 646 qui
704 595 786 635 sint
817 595 1083 646 magistratus
1106 594 1304 636 minores.
1367 596 1576 648 Super2.3

90 652 170 692 hac
192 663 237 692 re
257 651 360 692 meis
389 651 530 692 uerbis
559 652 615 692 nil
648 663 755 702 opus
779 652 871 701 fuit,
914 653 1109 703 quoniam
1139 652 1270 692 liber
1298 654 1353 693 M.
1384 655 1513 694 Mes-

92 710 257 750 sallae
286 708 502 759 auguris
534 709 594 749 de
623 710 883 760 auspiciis
912 710 1136 761 primus,
1178 721 1271 750 cum
1301 711 1382 751 hoc
1416 711 1515 751 scri-

90 766 307 815 beremus,
340 767 447 806 forte
481 766 624 806 adsuit.
684 767 913 818 Propterea
942 778 993 807 ex
1026 779 1076 808 eo
1099 766 1203 807 libro
1227 767 1356 807 uerba
1381 768 1513 819 ipsius
1531 778 1554 813 4

90 824 313 864 Messallae
354 822 702 864 subscribsimus:
764 824 1110 866 patriciorum
1167 824 1406 875 auspicia
1466 826 1514 865 in

92 881 222 921 duas
254 886 380 921 sunt
411 880 582 921 diuisa
616 886 934 931 potestates.
996 882 1216 922 Maxima
1247 888 1367 922 sunt
1396 893 1515 923 con-

91 938 277 986 sulum,
308 943 629 988 praetorum,
663 949 961 979 censorum.
1024 940 1201 989 Neque
1232 945 1406 979 tamen
1431 951 1514 980 eo-

90 1006 199 1035 rum
235 993 458 1035 omnium
495 994 633 1035 inter
671 1006 726 1035 se
768 996 946 1036 eadem
982 1003 1069 1036 aut
1103 996 1336 1036 eiusdem
1364 1002 1514 1047 pote-

90 1050 268 1099 statis,
317 1051 435 1091 ideo
473 1052 610 1101 quod
651 1054 907 1102 conlegae
948 1064 1046 1092 non
1091 1059 1209 1093 sunt
1253 1064 1512 1094 censores

91 1109 369 1149 consulum
410 1114 496 1147 aut
536 1114 865 1159 praetorum,
912 1115 1191 1159 praetores
1239 1112 1512 1150 consulum

90 1169 223 1207 sunt.
285 1165 408 1205 Ideo
454 1176 626 1216 neque
670 1167 920 1206 consules
953 1172 1039 1206 aut
1078 1172 1362 1216 praetores
1397 1179 1512 1207 cen-

89 1220 305 1264 soribus
344 1232 512 1272 neque
544 1233 797 1263 censores
842 1224 1152 1264 consulibus
1182 1230 1269 1263 aut
1297 1230 1512 1274 praeto-

88 1279 242 1320 ribus
286 1279 499 1319 turbant
533 1285 619 1319 aut
649 1280 878 1320 retinent
919 1280 1186 1331 auspicia3
1236 1287 1282 1320 at
1328 1293 1512 1322 censo-

89 1347 169 1377 res
198 1335 334 1376 inter
353 1346 428 1384 se,
461 1347 646 1377 rursus
677 1342 957 1387 praetores
990 1340 1345 1388 consulesque
1375 1338 1513 1378 inter

89 1405 145 1434 se
174 1397 223 1433 et
250 1391 446 1433 uitiant
475 1398 524 1433 et
555 1394 815 1444 optinent.
867 1395 1109 1442 Praetor,
1143 1395 1251 1435 etsi
1284 1396 1511 1446 conlega

89 1449 331 1491 consulis
363 1455 467 1499 est,
506 1462 674 1501 neque
705 1456 1003 1502 praetorem
1029 1464 1199 1502 neque
1227 1454 1509 1493 consulem

89 1508 200 1548 iure
225 1517 418 1557 rogare
447 1512 653 1558 potest,
705 1514 758 1548 ut
789 1509 995 1558 quidem
1024 1521 1116 1550 nos
1150 1520 1173 1548 a
1204 1510 1509 1560 superiori-

87 1565 181 1606 bus
217 1563 520 1615 accepimus
552 1569 640 1605 aut
669 1570 790 1605 ante
819 1566 945 1605 haec
975 1572 1212 1616 tempora
1244 1572 1509 1606 seruatum

88 1627 174 1663 est
200 1626 250 1661 et
279 1620 411 1661 utin
443 1621 820 1663 commentario
849 1623 1012 1663 tertio
1046 1623 1247 1663 decimo
1279 1624 1321 1663 C.
1353 1623 1509 1663 Tudi-

86 1679 194 1720 tani
221 1683 390 1730 patet‚
423 1678 545 1729 quia
573 1678 847 1730 imperium
876 1679 1044 1720 minus
1069 1685 1315 1730 praetor,
1345 1680 1508 1721 maius

0 1750 18 1777 ὶ

14 1784 19 1793 ,

84 1737 240 1778 habet
285 1737 496 1785 consul,
556 1741 605 1776 et
645 1747 670 1775 a
712 1735 909 1776 minore
955 1736 1173 1787 imperio
1222 1736 1384 1777 maius
1425 1742 1509 1777 aut

86 1793 286 1834 maiore
316 1794 539 1844 conlega
566 1793 746 1844 rogari
776 1793 888 1833 iure
917 1805 1019 1833 non
1050 1799 1241 1844 potest.
1286 1795 1392 1834 Nos
1424 1794 1506 1835 his

86 1849 418 1901 temporibus
466 1855 718 1901 praetore
763 1857 1046 1901 praetores
1094 1857 1311 1891 creante
1357 1856 1506 1891 uete-

87 1919 198 1949 rum
228 1907 607 1948 auctoritatem
638 1919 815 1948 sumus
849 1908 1022 1947 secuti
1051 1920 1216 1958 neque
1247 1908 1323 1948 his
1354 1908 1506 1948 comi-

86 1965 177 2007 tiis
206 1964 258 2004 in
294 1964 536 2016 auspicio
569 1964 774 2004 fuimus.
808 1965 1072 2005 Censores
1097 1976 1264 2015 aeque
1289 1976 1391 2005 non
1421 1976 1506 2005 eo-

22 2022 27 2030 ‘
88 2022 201 2062 dem
231 2027 490 2072 rogantur
520 2022 762 2072 auspicio
803 2027 961 2071 atque
988 2024 1238 2063 consules
1278 2027 1330 2061 et
1356 2033 1506 2072 prae-

24 2089 30 2091 ·
87 2083 252 2120 tores.
312 2079 654 2129 Reliquorum
693 2079 1102 2129 magistratuum
1142 2079 1349 2118 minora
1387 2084 1506 2118 sunt

87 2135 340 2187 auspicia.
402 2136 527 2176 Ideo
566 2135 641 2175 illi
673 2136 980 2184 eminores'‚
1023 2136 1071 2176 hi
1104 2136 1376 2176 ‘maiores'
1408 2146 1505 2175 ma-

88 2193 350 2243 gistratus
385 2194 753 2243 appellantur.
815 2193 1116 2233 Minoribus
1157 2192 1356 2232 creatis
1402 2203 1506 2232 ma-

87 2249 408 2301 gistratibus
448 2249 670 2290 tributis
718 2249 951 2290 comitiis
1001 2250 1366 2345 magistrgttus,
1427 2253 1505 2289 set
