1603 2508
350 35 574 71 VARIETAS
600 35 825 69 LECTIONIS
853 35 1181 69 GRONOVIANAE.
1407 38 1500 69 VIII]

0 146 7 163 ς
32 129 222 172 sequendo.
249 125 272 196 Η
298 127 353 162 1*
369 128 489 173 fando]
516 130 701 162 insecendo
727 147 774 153 —
800 140 860 164 om.
877 128 977 164 *ῐαα
1006 135 1129 162 notam.
1161 126 1178 172 ΙΙ
1207 131 1228 162 2
1254 129 1441 162 Insecendo
1459 147 1503 155 -

31 186 93 210 om.
124 175 162 209 id
186 180 237 208 est
283 175 368 209 alter
393 176 531 217 docens,
559 177 680 209 doctus
706 176 803 209 alter.
831 194 874 200 —
904 187 965 211 om.
983 174 1083 211 *Iam
1106 181 1174 208 not.
1197 172 1218 220 ΙΙ
1246 175 1266 209 3
1294 177 1504 218 insequendo

32 240 81 246 —
104 222 294 255 insecendo'
313 240 362 246 ——-
384 222 573 266 signifieat:
599 223 615 240 *
650 223 845 264 dictumque
880 228 929 256 est
962 224 1102 264 inseque
1131 220 1148 267 Η
1182 223 1206 254 4
1231 223 1432 255 mendosum
1460 241 1507 247 —-

32 269 193 310 antiquae
226 269 435 310 loquutionis
468 286 516 293 —
547 269 733 314 legendum
766 270 858 311 apud
894 270 1043 302 Ennium
1072 287 1119 293 —
1149 270 1317 302 sectiones
1341 288 1387 293 -—
1417 270 1506 302 Haec

33 315 140 348 nihilo
166 314 251 347 mihi
275 316 436 349 uidentur
458 325 534 348 esse
561 313 576 360 Η
607 317 628 349 5
658 317 842 348 insecendo
873 313 892 360 ΙΙ
919 316 940 349 6
966 316 1020 348 Illi
1046 335 1093 340 —
1118 318 1153 348 in
1180 315 1322 348 alteram
1340 314 1508 359 *partem

0 375 5 378 >
32 361 110 405 plus
139 371 214 405 arg.
250 359 267 406 Η
306 363 326 394 7
358 363 485 404 leuius,
519 362 696 404 lentusque
725 360 744 407 Η
769 362 790 395 9
807 359 890 403 καὶ,
915 358 1044 394 ἕσπετε
1068 380 1115 385 -
1143 373 1163 394 n
1190 379 1237 386 —
1261 361 1283 383 '⁴‘
1301 362 1336 406 σ]
1364 373 1386 406 p
1419 361 1434 406 ΙΙ
1465 362 1508 395 10

32 404 97 439 καὶ
131 403 266 440 εἰπεῖν.
303 405 320 452 Η
357 408 390 440 X
417 408 537 451 pulsus
570 419 735 442 uenarum
771 407 787 453 Η
826 409 842 441 1
871 415 902 441 et
927 408 948 432 *
971 409 1057 441 lucis
1085 414 1116 441 et
1144 407 1160 454 Η
1188 409 1210 442 6
1236 410 1297 442 sed
1325 410 1410 442 alios
1439 407 1454 453 Η
1487 409 1508 442 8

32 455 198 497 temporis
225 454 333 487 habui
359 451 376 500 Η
406 455 447 487 11
478 481 486 489 .
512 466 532 487 a
558 456 700 488 medicis
722 473 769 478 —
796 466 855 488 om.
883 464 921 487 τε
945 453 961 500 Η
988 455 1035 487 XI
1062 457 1082 488 2
1110 457 1187 488 uisa
1211 453 1227 498 Η
1256 457 1278 488 4
1302 456 1385 488 haec
1402 457 1509 488 uerba

48 497 64 545 Η
95 512 130 533 u.
158 502 181 533 4
206 501 346 533 classis:
376 498 392 546 Η
420 512 451 533 u.
482 503 502 534 5
528 503 650 541 undas,
675 498 691 546 Η
719 501 781 533 XII
809 504 828 534 ‘2
852 501 872 521 *
888 503 1008 543 inquit,
1036 502 1110 534 face
1131 507 1166 534 ut
1190 501 1374 545 (disposuit
1390 502 1508 534 Fleck-

31 549 143 586 eisen,
171 550 229 590 qui
259 548 484 581 commendat:
513 549 655 591 psillium
677 548 681 593 Ι
705 548 816 580 Flocci
848 547 931 592 [non
964 547 1068 591 facio]
1105 555 1140 580 ut
1166 548 1365 592 splendeat)
1394 567 1438 572 —
1467 559 1508 581 ne

33 593 246 638 maculetur?
274 591 290 638 Η
318 594 457 627 4*Exi
487 600 523 626 tu
551 595 653 633 Dave,
678 594 682 640 Ι
706 599 798 638 Age,
833 605 977 638 sparge:
1010 595 1174 627 mundum
1199 605 1276 628 esse
1304 596 1368 628 hoc
1397 595 1505 639 (corr.

32 640 109 684 Fc.)
134 636 155 684 ΙΙ
193 639 214 672 8
255 641 290 672 iu
319 641 415 673 libris
442 659 489 664 —
515 647 654 674 mutant.
683 647 824 680 mutant,
853 643 961 683 inquit
990 638 1004 686 Η
1038 642 1080 675 10
1106 641 1214 675 ferme
1245 638 1262 687 ΙΙ
1291 642 1366 674 XIII
1393 644 1413 676 5
1443 652 1508 674 nou

31 693 84 720 est
110 686 176 718 hoc
203 697 309 728 equus
337 684 352 732 Η
381 686 402 720 8
431 693 462 720 et
487 695 603 720 contra
629 706 677 711 —-
701 699 817 720 nerum
849 690 885 720 inl
911 688 984 720 fieri
1017 686 1032 733 Η
1071 689 1167 721 XIIII
1191 696 1324 722 uertere
1354 686 1369 733 Η
1398 688 1460 721 XV
1491 689 1508 720 1

33 734 120 766 duos
144 733 274 775 primos
302 751 349 756 —
375 744 478 777 posse
507 735 662 778 singulos
690 733 705 779 Η

125 780 314 812 xvlnl.
342 781 589 824 1:⁴¹palluerat
619 779 634 826 Η
666 782 682 813 1
709 782 753 814 ad
778 781 996 813 Brundisium
1027 779 1042 827 Η
1071 781 1091 815 3
1120 783 1265 815 saeuitia
1292 783 1512 815 amissum—

33 837 117 868 quas
148 830 165 867 ΙΙ
201 826 223 860 6
244 825 493 870 *impauidum
526 826 541 872 Η
572 829 591 860 7
619 829 782 861 diffluens
817 826 835 872 ΙΙ
871 827 892 860 8
921 835 992 868 est,
1024 831 1152 871 inquit,
1184 827 1199 872 Η
1233 829 1274 863 10
1300 830 1510 872 Aristippius

33 871 332 916 ille*discipulus
351 891 398 896 —
419 875 611 918 Aristippia
639 873 654 919 Η
685 875 724 908 11
755 875 917 907 amolitus
946 873 964 920 ΙΙ
999 878 1039 909 12
1060 875 1080 897 *
1101 875 1292 918 mollitique
1323 882 1436 909 essent
1464 893 1510 898 —

34 929 95 954 om.
126 929 165 952 ac
195 916 211 964 Η
242 920 284 953 15
305 918 502 964 *scriptum
533 922 576 953 ad
604 921 691 953 hanc
714 939 761 944 --
786 922 966 954 arbitraria
991 942 1038 946 —
1063 924 1264 955 noscitanda
1293 921 1308 967 Η
1347 923 1389 955 17
1412 923 1428 939 *
1452 932 1509 954 ne-

34 967 127 998 scius
159 982 208 989 —
241 976 301 1001 om.
339 972 389 999 est
422 972 500 1000 ante
532 969 701 1001 eiusmodi
727 986 774 991 -—
799 975 983 1011 praecepta
1010 968 1025 1015 Η
1058 971 1099 1003 10
1127 980 1187 1002 om.
1218 970 1285 1002 sibi
1310 987 1357 993 —-
1378 967 1398 989 *
1419 975 1506 1001 tam-

34 1022 137 1054 quam
162 1010 210 1054 si]
236 1023 322 1053 quae
349 1015 447 1054 quasi
479 1011 494 1057 Η
525 1015 554 1046 ΙΙ
581 1013 705 1047 2*uel
732 1009 984 1057 ἀκολάστους,
1015 1017 1070 1049 uel
1103 1010 1293 1055 ἀκρατεῖς.
1323 1014 1340 1061 Η
1377 1016 1397 1050 3
1429 1027 1505 1048 cuin

33 1059 155 1091 bestiis
191 1056 208 1103 Η
244 1060 265 1091 5
300 1069 360 1092 om.
396 1059 568 1093 τοιοῦτοι
602 1079 644 1084 -
685 1057 796 1103 ἔχεως.
841 1058 894 1103 οἵ,
917 1057 959 1093 δὲ
996 1058 1092 1095 κατὰ
1124 1059 1195 1105 τὴν
1223 1056 1318 1104 ὄψιν
1342 1059 1405 1094 καὶ
1434 1057 1507 1104 τήν

35 1099 179 1147 ἀκοὴν,
213 1097 284 1136 οὐκ
313 1100 388 1145 ε”τις
422 1099 448 1149 ἦ
482 1101 548 1139 διὰ
571 1124 617 1130 -
653 1099 717 1139 ἅτε
746 1104 817 1140 οὐν
847 1104 958 1140 οὖσαι
994 1107 1136 1149 κοιναὶ,
1165 1129 1211 1134 -
1236 1106 1327 1142 εἰσί·
1355 1102 1417 1141 διὸ
1445 1105 1508 1140 καὶ

35 1146 198 1193 μάλιστα
225 1171 263 1178 —-
291 1144 388 1184 ὥστε
419 1147 487 1184 τὸν
517 1171 559 1176 -
586 1146 663 1186 ἀπὸ
698 1148 770 1187 δύο
794 1148 924 1196 μόνων
949 1153 1026 1187 τῶν
1047 1152 1339 1198 προειρημέμων
1365 1174 1411 1180 -
1437 1151 1510 1187 ποῖ-

37 1205 128 1239 σχει,
156 1204 220 1232 etc.
248 1197 264 1242 Η
293 1199 339 1231 ΙΙΙ
365 1200 386 1231 2
413 1201 564 1232 maxime
592 1221 636 1226 —
665 1203 707 1239 ei,
736 1211 835 1242 quem
865 1199 885 1245 ΙΙ
910 1202 969 1234 ΙΙΙΙ
998 1202 1016 1234 1
1046 1212 1144 1235 omne
1177 1213 1286 1246 genus
1314 1200 1333 1247 ΙΙ
1359 1204 1382 1235 4
1411 1207 1444 1234 at
1468 1202 1510 1234 de

35 1261 82 1267 —
119 1245 171 1276 uis
211 1242 226 1289 Η
262 1243 285 1278 6
309 1243 329 1264 *
350 1247 448 1278 urina
481 1247 600 1279 crebra
637 1245 652 1291 Η
689 1249 720 1280 V
747 1248 767 1281 3
797 1272 804 1280 .
834 1249 1018 1281 adhibebat
1048 1250 1147 1281 nobis
1179 1250 1195 1294 ΙΙ
1232 1252 1254 1282 4
1282 1250 1348 1281 uiri
1374 1249 1510 1291 sapien-

35 1291 159 1322 tissimi
189 1288 205 1336 Η
233 1290 255 1324 6
285 1294 545 1334 uapor-ationem
573 1291 590 1337 Η
618 1293 639 1326 8
666 1294 742 1335 illa,
767 1293 785 1310 ⁸¹
807 1304 892 1336 quae
919 1292 939 1339 ΙΙ
967 1295 989 1328 9
1018 1291 1248 1328 λεπτότατον
1274 1294 1507 1334 diametron,

38 1333 103 1368 καὶ
127 1355 174 1361 -
198 1347 259 1372 om.
293 1331 364 1378 nist,
394 1336 410 1383 Η
445 1341 492 1373 VI
512 1339 532 1360 ²⁸¹
555 1342 598 1372 ad
628 1340 756 1382 extera]
789 1341 931 1373 abextra
960 1339 975 1386 Η
1005 1343 1066 1375 VII
1094 1345 1113 1376 2
1139 1353 1145 1373 :
1178 1349 1208 1375 et
1235 1348 1270 1374 ut
1295 1352 1449 1384 quaeque
1479 1339 1494 1385 Η

37 1382 59 1416 3
90 1383 194 1415 obeso
216 1381 222 1428 Ι
244 1384 294 1416 Ac
317 1392 429 1418 mente
456 1404 503 1410 —-
529 1384 779 1431 *tardigenulo
806 1390 900 1420 senio
928 1387 1048 1431 (anap.
1078 1390 1242 1431 disposuit
1266 1388 1339 1431 Ft.)
1361 1408 1407 1412 —
1433 1389 1509 1431 pin-

37 1430 218 1473 gui‘atque
239 1430 338 1463 uberi
354 1428 370 1476 Η
395 1432 416 1466 6
439 1438 470 1466 et
492 1433 756 1466 Memnonem
783 1435 1114 1471 nocticolorem.
1139 1437 1231 1478 item,
1259 1436 1350 1477 quod
1372 1435 1508 1473 forte,

38 1475 317 1517 dubitanter,
347 1496 395 1501 —
424 1480 590 1512 silenta
629 1480 703 1512 loca
732 1498 778 1503 —
801 1491 861 1515 om.
897 1482 988 1523 quod
1016 1487 1094 1515 ante
1118 1483 1302 1515 carendum
1339 1479 1354 1526 Η
1389 1481 1410 1515 9
1445 1491 1506 1515 om.

38 1522 154 1566 posuit
184 1528 266 1564 post
299 1534 404 1557 auens
433 1523 448 1569 Η
480 1526 523 1559 10
553 1526 688 1560 tenellis
721 1545 768 1549 —
791 1527 885 1571 fiere]
929 1528 1024 1561 fuere
1052 1547 1098 1552 —
1124 1531 1279 1572 impense
1305 1528 1377 1560 fieri
1414 1526 1429 1572 Η
1469 1527 1511 1559 12

39 1569 296 1602 oblectabamus
330 1567 346 1615 Η
389 1571 430 1604 13
465 1572 519 1614 ex]
556 1579 587 1606 et
624 1591 670 1596 —
709 1573 1106 1616 dulcioreloquus:
1157 1576 1258 1617 item,
1300 1575 1391 1616 quod
1420 1572 1435 1618 Η
1468 1573 1511 1606 15

38 1616 190 1659 tegmine
218 1612 234 1660 Η
264 1616 307 1649 16
333 1617 535 1660 multiplicia
565 1617 580 1663 Η
609 1621 683 1653 VIII
714 1619 731 1650 1
761 1620 833 1652 eius
860 1622 1056 1662 purissimis
1076 1640 1122 1644 —
1140 1622 1372 1654 doctrinarum
1398 1621 1510 1663 plenis

54 1658 72 1705 ΙΙ
99 1659 120 1693 3
146 1661 294 1695 illudens
321 1681 369 1686 —
399 1663 524 1697 Caesar
549 1666 620 1705 ille,
648 1670 834 1709 perpetuus
864 1665 879 1711 Η
909 1668 931 1699 4
957 1678 1045 1700 unus
1071 1678 1234 1709 equorum
1262 1673 1406 1708 quatuor
1435 1668 1510 1699 iun-

40 1715 170 1740 ctorum
195 1727 242 1732 —
267 1719 328 1744 om.
359 1711 449 1743 circa
479 1709 495 1755 Η
524 1713 544 1746 5
573 1714 716 1745 moeniis
744 1712 760 1756 Η
789 1713 810 1745 6
835 1723 896 1746 om.
926 1711 946 1733 *
968 1713 1062 1757 [ego]
1090 1732 1137 1736 —
1164 1724 1260 1751 sum;
1291 1714 1477 1746 amicitiam
1500 1713 1504 1757 Ι

40 1755 150 1795 Atque
175 1773 222 1778 —
246 1755 357 1789 fronte
381 1775 428 1780 —
451 1760 511 1790 se‘l
539 1760 630 1791 enim
656 1759 730 1791 har.
760 1757 777 1804 Η
807 1759 828 1792 8
857 1770 959 1801 quum
988 1762 1220 1803 praedixisset
1245 1778 1292 1783 —-
1314 1771 1423 1802 neque
1450 1761 1509 1792 tri-

39 1799 159 1843 ticum]
197 1802 391 1836 tritieumue
431 1822 478 1827 —
511 1804 565 1848 ac]
600 1812 631 1839 et
658 1824 705 1830 —
729 1807 761 1838 in
790 1806 1018 1839 multitudinis
1045 1807 1312 1850 appellationem
1393 1807 1434 1839 12
1464 1807 1509 1839 ibi

39 1847 208 1880 rationem
238 1866 285 1872 —-
309 1860 370 1884 om.
390 1852 404 1864 ⁸
423 1849 601 1895 [harenae]
638 1871 684 1876 —
710 1853 876 1896 singulari
910 1863 1050 1886 numero
1074 1871 1116 1876 —
1143 1863 1203 1888 om.
1241 1854 1313 1886 dixi
1389 1852 1431 1886 13
1459 1854 1510 1885 lac

105 1893 308 1927 14*excuti
333 1897 374 1928 ab
404 1895 420 1942 ΙΙ
451 1897 493 1931 16
520 1899 553 1930 in
579 1899 683 1931 nullis
712 1897 727 1943 Η
762 1901 801 1932 17
828 1900 1087 1932 Exdemetricus
1115 1897 1120 1944 Ι
1159 1901 1249 1933 VIIII
1269 1902 1292 1933 4
1315 1902 1511 1933 accinet-unt

99 1938 122 1972 6
145 1951 178 1974 u.
206 1939 227 1974 3
251 1939 480 1975 Πανοπλίαν
512 1941 530 2000 Η
555 1955 587 1976 u.
615 1946 635 1978 8
660 1957 711 1988 sq.
735 1939 1018 1988 μήθ’ἁμοὶξας,
1043 1945 1049 1991 Ι
1071 1946 1140 1990 Μη
1160 1941 1508 1989 στυγνὸνᾯρίωνα,

45 1984 51 2030 Ι
72 1984 144 2038 (Ti
167 1983 393 2020 Πλειάδεσσι
419 1983 554 2032 κάμοι,
577 1990 583 2034 Ι
609 1991 659 2023 Τί
681 1986 722 2024 δ’
749 1986 906 2033 ἄστροισι
936 1989 1091 2025 Βοώτεω
1102 1995 1129 2035 ;)
1158 1991 1173 2037 Η
1205 2004 1236 2026 u.
1268 1994 1310 2026 12
1335 1987 1419 2025 κατ’
1445 1986 1510 2024 αὖ·

40 2040 97 2072 το,
127 2029 144 2076 Η
171 2031 416 2078 8*Aleinum]
445 2038 568 2069 artium
595 2036 613 2082 ΙΙ
648 2038 1100 2084 lO*Licinii—*tersius]
1126 2041 1279 2084 pressius
1311 2037 1326 2084 Η
1360 2040 1399 2072 11
1428 2050 1459 2072 u.
1488 2040 1510 2071 2

42 2078 210 2123 membra]
236 2081 344 2113 uerba
365 2078 382 2127 Η
408 2093 441 2114 u.
469 2082 490 2117 3
514 2089 631 2126 peetus
659 2086 822 2118 miserum
847 2091 960 2118 manat
977 2084 1132 2120 *subido
1160 2086 1242 2119 mihi
1268 2084 1283 2130 Η
1313 2097 1346 2117 u.
1369 2087 1392 2119 4
1416 2086 1508 2118 subi-

42 2124 108 2157 dus
137 2121 154 2169 Η
183 2125 226 2158 12
251 2137 286 2159 u.
316 2127 334 2160 1
365 2129 454 2167 Quid
478 2148 525 2153 —
549 2130 650 2172 *qui
681 2132 726 2164 nil
754 2133 831 2174 opu'
859 2130 874 2176 Η
903 2144 935 2166 u.
960 2133 980 2165 2
1008 2134 1149 2171 Ibimus,
1177 2134 1241 2165 hoc
1269 2133 1357 2164 lucet
1385 2129 1400 2176 Η
1432 2131 1473 2164 13
1494 2130 1509 2147 *

42 2170 166 2203 Licinii
195 2169 211 2216 Η
241 2183 275 2207 u.
301 2173 319 2205 1
345 2176 471 2218 ouium,
498 2183 703 2218 teneraeque
728 2180 930 2221 propaginis
958 2180 1083 2223 agnum
1111 2178 1126 2223 Η
1154 2191 1186 2211 u.
1203 2179 1224 2213 3
1245 2189 1294 2221 sq.
1320 2188 1471 2211 omnem:
1495 2178 1501 2220 Ι

44 2215 151 2249 Omne
175 2227 306 2260 pecus:
338 2217 354 2265 Η
390 2222 430 2254 14
453 2233 484 2254 u.
513 2221 661 2256 1*mihi
689 2222 706 2268 Η
733 2236 763 2258 u.
791 2224 811 2258 3
840 2225 927 2263 Quid
955 2222 971 2270 Η
999 2226 1032 2258 X
1054 2227 1071 2259 l
1098 2227 1156 2260 ibi,
1186 2226 1243 2267 qui
1273 2225 1452 2258 introducti
1477 2220 1494 2268 Η

45 2262 66 2296 3
90 2263 261 2308 sumptus]
291 2273 493 2310 conspectus
521 2265 537 2312 Η
574 2271 594 2303 5
617 2268 638 2290 *
663 2271 794 2302 dixerat
825 2273 1072 2316 qninquaginta
1101 2283 1175 2305 esse
1202 2272 1269 2303 alia
1294 2281 1380 2314 opus
1409 2280 1506 2314 prae-
