<?xml version="1.0" encoding="UTF-8"?>
<!DOCTYPE html PUBLIC "-//W3C//DTD XHTML 1.0 Transitional//EN"
    "http://www.w3.org/TR/xhtml1/DTD/xhtml1-transitional.dtd">
<html xmlns="http://www.w3.org/1999/xhtml" xml:lang="en" lang="en">
 <head>
  <title>
</title>
<meta http-equiv="Content-Type" content="text/html;charset=utf-8" />
  <meta name='ocr-system' content='tesseract 3.04.00' />
  <meta name='ocr-capabilities' content='ocr_page ocr_carea ocr_par ocr_line ocrx_word'/>
</head>
<body>
  <div class='ocr_page' id='page_1' title='image "./agelliinoctivmat00gelluoft_0045.png"; bbox 0 0 1603 2508; ppageno 0'>
   <div class='ocr_carea' id='block_1_1' title="bbox 477 56 1457 98">
    <p class='ocr_par' dir='ltr' id='par_1_1' title="bbox 477 56 1457 98">
     <span class='ocr_line' id='line_1_1' title="bbox 477 56 1457 98; baseline 0.001 -1"><span class='ocrx_word' id='word_1_1' title='bbox 477 60 625 98; x_wconf 89' lang='lat' dir='ltr'><strong>INDEX</strong></span> <span class='ocrx_word' id='word_1_2' title='bbox 663 60 1024 98; x_wconf 75' lang='lat' dir='ltr'><strong>CAPITVLORVM.</strong></span> <span class='ocrx_word' id='word_1_3' title='bbox 1402 56 1457 98; x_wconf 80' lang='lat'>23</span> 
     </span>
    </p>
   </div>
   <div class='ocr_carea' id='block_1_2' title="bbox 38 175 1460 1127">
    <p class='ocr_par' dir='ltr' id='par_1_2' title="bbox 38 175 1459 395">
     <span class='ocr_line' id='line_1_2' title="bbox 163 175 1459 221; baseline -0.003 -8"><span class='ocrx_word' id='word_1_4' title='bbox 163 177 260 213; x_wconf 88' lang='lat' dir='ltr'><strong>VIII.</strong></span> <span class='ocrx_word' id='word_1_5' title='bbox 301 175 522 212; x_wconf 80' lang='lat' dir='ltr'>Reditiones</span> <span class='ocrx_word' id='word_1_6' title='bbox 560 175 597 210; x_wconf 82' lang='lat' dir='ltr'>ln</span> <span class='ocrx_word' id='word_1_7' title='bbox 636 176 795 221; x_wconf 80' lang='lat' dir='ltr'>gratiam</span> <span class='ocrx_word' id='word_1_8' title='bbox 831 175 1009 211; x_wconf 85' lang='lat' dir='ltr'>nobilium</span> <span class='ocrx_word' id='word_1_9' title='bbox 1044 176 1207 211; x_wconf 88' lang='lat' dir='ltr'>uirorum</span> <span class='ocrx_word' id='word_1_10' title='bbox 1250 178 1459 210; x_wconf 85' lang='lat' dir='ltr'>memoratu</span> 
     </span>
     <span class='ocr_line' id='line_1_3' title="bbox 51 235 204 283; baseline -0.026 -11"><span class='ocrx_word' id='word_1_11' title='bbox 51 235 204 283; x_wconf 80' lang='lat' dir='ltr'><strong>dignae.</strong></span> 
     </span>
     <span class='ocr_line' id='line_1_4' title="bbox 38 287 1456 335; baseline -0.003 -9"><span class='ocrx_word' id='word_1_12' title='bbox 38 332 43 333; x_wconf 19' lang='lat'><em>⁷</em></span> <span class='ocrx_word' id='word_1_13' title='bbox 163 289 274 326; x_wconf 87' lang='lat' dir='ltr'><strong>VIIII.</strong></span> <span class='ocrx_word' id='word_1_14' title='bbox 321 289 427 333; x_wconf 81' lang='lat' dir='ltr'>Quae</span> <span class='ocrx_word' id='word_1_15' title='bbox 457 288 627 324; x_wconf 88' lang='lat' dir='ltr'>dieantur</span> <span class='ocrx_word' id='word_1_16' title='bbox 660 290 845 324; x_wconf 84' lang='lat' dir='ltr'>uocabula</span> <span class='ocrx_word' id='word_1_17' title='bbox 877 289 1081 335; x_wconf 85' lang='lat' dir='ltr'>ancipitia;</span> <span class='ocrx_word' id='word_1_18' title='bbox 1117 293 1152 323; x_wconf 76' lang='lat' dir='ltr'>et</span> <span class='ocrx_word' id='word_1_19' title='bbox 1183 287 1284 334; x_wconf 83' lang='lat' dir='ltr'>quod</span> <span class='ocrx_word' id='word_1_20' title='bbox 1299 287 1456 322; x_wconf 81' lang='lat' dir='ltr'>honoris</span> 
     </span>
     <span class='ocr_line' id='line_1_5' title="bbox 49 345 959 395; baseline -0.004 -11"><span class='ocrx_word' id='word_1_21' title='bbox 49 358 200 395; x_wconf 87' lang='lat' dir='ltr'>quoque</span> <span class='ocrx_word' id='word_1_22' title='bbox 218 346 444 382; x_wconf 83' lang='lat' dir='ltr'>uocabulum</span> <span class='ocrx_word' id='word_1_23' title='bbox 461 345 615 390; x_wconf 87' lang='lat' dir='ltr'>ancipiti</span> <span class='ocrx_word' id='word_1_24' title='bbox 633 346 820 381; x_wconf 84' lang='lat' dir='ltr'>sententia</span> <span class='ocrx_word' id='word_1_25' title='bbox 836 346 959 382; x_wconf 83' lang='lat' dir='ltr'>suerit.</span> 
     </span>
    </p>

    <p class='ocr_par' dir='ltr' id='par_1_3' title="bbox 162 401 1027 447">
     <span class='ocr_line' id='line_1_6' title="bbox 162 401 1027 447; baseline -0.005 -8"><span class='ocrx_word' id='word_1_26' title='bbox 162 403 210 439; x_wconf 92' lang='lat' dir='ltr'>X.</span> <span class='ocrx_word' id='word_1_27' title='bbox 238 401 348 447; x_wconf 84' lang='lat' dir='ltr'>Quod</span> <span class='ocrx_word' id='word_1_28' title='bbox 366 401 578 437; x_wconf 89' lang='lat' dir='ltr'>aeditumus</span> <span class='ocrx_word' id='word_1_29' title='bbox 595 402 750 437; x_wconf 89' lang='lat' dir='ltr'>uerbum</span> <span class='ocrx_word' id='word_1_30' title='bbox 772 402 942 437; x_wconf 88' lang='lat' dir='ltr'>Latinum</span> <span class='ocrx_word' id='word_1_31' title='bbox 969 402 1027 437; x_wconf 89' lang='lat' dir='ltr'>sit.</span> 
     </span>
    </p>

    <p class='ocr_par' dir='ltr' id='par_1_4' title="bbox 49 457 1459 620">
     <span class='ocr_line' id='line_1_7' title="bbox 162 457 1459 504; baseline -0.004 -9"><span class='ocrx_word' id='word_1_32' title='bbox 162 459 226 495; x_wconf 87' lang='lat' dir='ltr'><strong>XI.</strong></span> <span class='ocrx_word' id='word_1_33' title='bbox 256 459 392 495; x_wconf 81' lang='lat' dir='ltr'>Errare</span> <span class='ocrx_word' id='word_1_34' title='bbox 419 458 532 501; x_wconf 79' lang='lat' dir='ltr'>istos,</span> <span class='ocrx_word' id='word_1_35' title='bbox 569 458 630 503; x_wconf 91' lang='lat' dir='ltr'>qui</span> <span class='ocrx_word' id='word_1_36' title='bbox 660 469 728 504; x_wconf 88' lang='lat' dir='ltr'>spe</span> <span class='ocrx_word' id='word_1_37' title='bbox 760 463 795 493; x_wconf 90' lang='lat' dir='ltr'>et</span> <span class='ocrx_word' id='word_1_38' title='bbox 827 458 967 494; x_wconf 86' lang='lat' dir='ltr'>fiducia</span> <span class='ocrx_word' id='word_1_39' title='bbox 995 457 1136 494; x_wconf 87' lang='lat' dir='ltr'>latendi</span> <span class='ocrx_word' id='word_1_40' title='bbox 1160 460 1339 503; x_wconf 90' lang='lat' dir='ltr'>peccent,</span> <span class='ocrx_word' id='word_1_41' title='bbox 1374 467 1459 491; x_wconf 86' lang='lat' dir='ltr'>eum</span> 
     </span>
     <span class='ocr_line' id='line_1_8' title="bbox 49 512 1459 562; baseline -0.004 -9"><span class='ocrx_word' id='word_1_42' title='bbox 49 518 194 553; x_wconf 82' lang='lat' dir='ltr'>latebra</span> <span class='ocrx_word' id='word_1_43' title='bbox 208 515 355 562; x_wconf 86' lang='lat' dir='ltr'>peceati</span> <span class='ocrx_word' id='word_1_44' title='bbox 371 518 555 560; x_wconf 87' lang='lat' dir='ltr'>perpetua</span> <span class='ocrx_word' id='word_1_45' title='bbox 570 514 673 549; x_wconf 87' lang='lat' dir='ltr'>nulla</span> <span class='ocrx_word' id='word_1_46' title='bbox 692 514 760 558; x_wconf 88' lang='lat' dir='ltr'>sit;</span> <span class='ocrx_word' id='word_1_47' title='bbox 793 520 829 550; x_wconf 93' lang='lat' dir='ltr'>et</span> <span class='ocrx_word' id='word_1_48' title='bbox 855 526 968 561; x_wconf 85' lang='lat' dir='ltr'>super</span> <span class='ocrx_word' id='word_1_49' title='bbox 995 526 1041 550; x_wconf 80' lang='lat' dir='ltr'>ea</span> <span class='ocrx_word' id='word_1_50' title='bbox 1064 525 1103 550; x_wconf 91' lang='lat' dir='ltr'>re</span> <span class='ocrx_word' id='word_1_51' title='bbox 1121 514 1315 560; x_wconf 78' lang='lat' dir='ltr'>Peregrini</span> <span class='ocrx_word' id='word_1_52' title='bbox 1338 512 1459 559; x_wconf 86' lang='lat' dir='ltr'>philo-</span> 
     </span>
     <span class='ocr_line' id='line_1_9' title="bbox 51 569 934 620; baseline -0.003 -11"><span class='ocrx_word' id='word_1_53' title='bbox 51 573 161 620; x_wconf 84' lang='lat' dir='ltr'>sophi</span> <span class='ocrx_word' id='word_1_54' title='bbox 178 583 301 607; x_wconf 88' lang='lat' dir='ltr'>sermo</span> <span class='ocrx_word' id='word_1_55' title='bbox 320 582 367 606; x_wconf 84' lang='lat' dir='ltr'>ex</span> <span class='ocrx_word' id='word_1_56' title='bbox 385 569 564 616; x_wconf 85' lang='lat' dir='ltr'>Sophocli</span> <span class='ocrx_word' id='word_1_57' title='bbox 579 574 716 615; x_wconf 88' lang='lat' dir='ltr'>poetae</span> <span class='ocrx_word' id='word_1_58' title='bbox 735 572 934 607; x_wconf 85' lang='lat' dir='ltr'>sententia.</span> 
     </span>
    </p>

    <p class='ocr_par' dir='ltr' id='par_1_5' title="bbox 49 626 1460 722">
     <span class='ocr_line' id='line_1_10' title="bbox 161 626 1460 672; baseline -0.003 -8"><span class='ocrx_word' id='word_1_59' title='bbox 161 627 242 664; x_wconf 85' lang='lat' dir='ltr'><strong>XII.</strong></span> <span class='ocrx_word' id='word_1_60' title='bbox 270 628 411 663; x_wconf 85' lang='lat' dir='ltr'>Faceta</span> <span class='ocrx_word' id='word_1_61' title='bbox 435 627 633 672; x_wconf 73' lang='lat' dir='ltr'>responsio</span> <span class='ocrx_word' id='word_1_62' title='bbox 652 627 700 662; x_wconf 80' lang='lat' dir='ltr'>M.</span> <span class='ocrx_word' id='word_1_63' title='bbox 722 626 934 671; x_wconf 80' lang='lat' dir='ltr'>Ciceronis,</span> <span class='ocrx_word' id='word_1_64' title='bbox 963 628 1173 663; x_wconf 83' lang='lat' dir='ltr'>amolientis</span> <span class='ocrx_word' id='word_1_65' title='bbox 1203 638 1224 662; x_wconf 91' lang='lat' dir='ltr'>a</span> <span class='ocrx_word' id='word_1_66' title='bbox 1250 639 1291 662; x_wconf 86' lang='lat' dir='ltr'>se</span> <span class='ocrx_word' id='word_1_67' title='bbox 1317 627 1460 662; x_wconf 77' lang='lat' dir='ltr'>crimen</span> 
     </span>
     <span class='ocr_line' id='line_1_11' title="bbox 49 683 454 722; baseline -0.01 0"><span class='ocrx_word' id='word_1_68' title='bbox 49 685 236 722; x_wconf 77' lang='lat' dir='ltr'><strong>manifesti</strong></span> <span class='ocrx_word' id='word_1_69' title='bbox 253 683 454 719; x_wconf 88' lang='lat' dir='ltr'>mendacii.</span> 
     </span>
    </p>

    <p class='ocr_par' dir='ltr' id='par_1_6' title="bbox 48 739 1460 960">
     <span class='ocr_line' id='line_1_12' title="bbox 162 739 1458 788; baseline -0.002 -12"><span class='ocrx_word' id='word_1_70' title='bbox 162 740 259 776; x_wconf 80' lang='lat' dir='ltr'><strong>XIII.</strong></span> <span class='ocrx_word' id='word_1_71' title='bbox 289 740 389 776; x_wconf 89' lang='lat' dir='ltr'>Intra</span> <span class='ocrx_word' id='word_1_72' title='bbox 404 739 596 775; x_wconf 78' lang='lat' dir='ltr'><strong>Kalendas</strong></span> <span class='ocrx_word' id='word_1_73' title='bbox 615 752 699 775; x_wconf 90' lang='lat' dir='ltr'>cum</span> <span class='ocrx_word' id='word_1_74' title='bbox 716 740 871 785; x_wconf 85' lang='lat' dir='ltr'>dicitur,</span> <span class='ocrx_word' id='word_1_75' title='bbox 892 741 980 787; x_wconf 85' lang='lat' dir='ltr'>quid</span> <span class='ocrx_word' id='word_1_76' title='bbox 999 740 1206 788; x_wconf 81' lang='lat' dir='ltr'>significet,</span> <span class='ocrx_word' id='word_1_77' title='bbox 1234 744 1354 776; x_wconf 84' lang='lat' dir='ltr'>utrum</span> <span class='ocrx_word' id='word_1_78' title='bbox 1373 744 1458 775; x_wconf 82' lang='lat' dir='ltr'>ante</span> 
     </span>
     <span class='ocr_line' id='line_1_13' title="bbox 48 796 1460 844; baseline -0.004 -8"><span class='ocrx_word' id='word_1_79' title='bbox 48 797 263 842; x_wconf 83' lang='lat' dir='ltr'>Kalendas,</span> <span class='ocrx_word' id='word_1_80' title='bbox 297 808 344 833; x_wconf 87' lang='lat' dir='ltr'>an</span> <span class='ocrx_word' id='word_1_81' title='bbox 366 796 569 840; x_wconf 79' lang='lat' dir='ltr'><strong>Kalendis,</strong></span> <span class='ocrx_word' id='word_1_82' title='bbox 612 808 659 832; x_wconf 90' lang='lat' dir='ltr'>an</span> <span class='ocrx_word' id='word_1_83' title='bbox 684 802 902 844; x_wconf 81' lang='lat' dir='ltr'>utrumque3</span> <span class='ocrx_word' id='word_1_84' title='bbox 943 802 1052 844; x_wconf 85' lang='lat' dir='ltr'>atque</span> <span class='ocrx_word' id='word_1_85' title='bbox 1083 798 1192 842; x_wconf 83' lang='lat' dir='ltr'>inibi,</span> <span class='ocrx_word' id='word_1_86' title='bbox 1226 796 1316 843; x_wconf 88' lang='lat' dir='ltr'>quid</span> <span class='ocrx_word' id='word_1_87' title='bbox 1345 797 1391 832; x_wconf 87' lang='lat' dir='ltr'>sit</span> <span class='ocrx_word' id='word_1_88' title='bbox 1423 797 1460 831; x_wconf 90' lang='lat' dir='ltr'>in</span> 
     </span>
     <span class='ocr_line' id='line_1_14' title="bbox 49 853 1459 897; baseline -0.004 -5"><span class='ocrx_word' id='word_1_89' title='bbox 49 856 219 892; x_wconf 89' lang='lat' dir='ltr'>oratione</span> <span class='ocrx_word' id='word_1_90' title='bbox 242 854 293 891; x_wconf 89' lang='lat' dir='ltr'>M.</span> <span class='ocrx_word' id='word_1_91' title='bbox 319 853 414 890; x_wconf 85' lang='lat' dir='ltr'>Tulli</span> <span class='ocrx_word' id='word_1_92' title='bbox 440 853 538 889; x_wconf 79' lang='lat' dir='ltr'>Intra</span> <span class='ocrx_word' id='word_1_93' title='bbox 569 864 754 889; x_wconf 86' lang='lat' dir='ltr'>oceanum</span> <span class='ocrx_word' id='word_1_94' title='bbox 780 858 815 889; x_wconf 88' lang='lat' dir='ltr'>et</span> <span class='ocrx_word' id='word_1_95' title='bbox 840 855 935 890; x_wconf 86' lang='lat' dir='ltr'>intra</span> <span class='ocrx_word' id='word_1_96' title='bbox 959 859 1123 889; x_wconf 85' lang='lat' dir='ltr'>montem</span> <span class='ocrx_word' id='word_1_97' title='bbox 1142 853 1325 897; x_wconf 76' lang='lat' dir='ltr'>Taurum,</span> <span class='ocrx_word' id='word_1_98' title='bbox 1358 856 1391 888; x_wconf 86' lang='lat' dir='ltr'>ct</span> <span class='ocrx_word' id='word_1_99' title='bbox 1424 853 1459 888; x_wconf 88' lang='lat' dir='ltr'>in</span> 
     </span>
     <span class='ocr_line' id='line_1_15' title="bbox 48 909 691 960; baseline -0.008 -11"><span class='ocrx_word' id='word_1_100' title='bbox 48 912 214 960; x_wconf 86' lang='lat' dir='ltr'>quadam</span> <span class='ocrx_word' id='word_1_101' title='bbox 232 912 394 958; x_wconf 82' lang='lat' dir='ltr'>epistula</span> <span class='ocrx_word' id='word_1_102' title='bbox 410 910 508 947; x_wconf 85' lang='lat' dir='ltr'>intra</span> <span class='ocrx_word' id='word_1_103' title='bbox 525 909 691 945; x_wconf 88' lang='lat' dir='ltr'>modum.</span> 
     </span>
    </p>

    <p class='ocr_par' dir='ltr' id='par_1_7' title="bbox 161 966 1430 1013">
     <span class='ocr_line' id='line_1_16' title="bbox 161 966 1430 1013; baseline -0.004 -9"><span class='ocrx_word' id='word_1_104' title='bbox 161 968 271 1005; x_wconf 89' lang='lat' dir='ltr'><strong>XIIII.</strong></span> <span class='ocrx_word' id='word_1_105' title='bbox 304 967 445 1005; x_wconf 81' lang='lat' dir='ltr'>Saltem</span> <span class='ocrx_word' id='word_1_106' title='bbox 461 967 646 1013; x_wconf 74' lang='lat' dir='ltr'>parileula</span> <span class='ocrx_word' id='word_1_107' title='bbox 663 978 774 1013; x_wconf 85' lang='lat' dir='ltr'>quam</span> <span class='ocrx_word' id='word_1_108' title='bbox 793 967 867 1002; x_wconf 90' lang='lat' dir='ltr'>uim</span> <span class='ocrx_word' id='word_1_109' title='bbox 884 966 1021 1002; x_wconf 77' lang='lat' dir='ltr'>habeat</span> <span class='ocrx_word' id='word_1_110' title='bbox 1048 971 1081 1002; x_wconf 92' lang='lat' dir='ltr'>et</span> <span class='ocrx_word' id='word_1_111' title='bbox 1101 978 1212 1013; x_wconf 80' lang='lat' dir='ltr'>quain</span> <span class='ocrx_word' id='word_1_112' title='bbox 1232 967 1430 1012; x_wconf 76' lang='lat' dir='ltr'>orIgincm.</span> 
     </span>
    </p>

    <p class='ocr_par' dir='ltr' id='par_1_8' title="bbox 50 1022 1458 1127">
     <span class='ocr_line' id='line_1_17' title="bbox 162 1022 1458 1068; baseline -0.002 -8"><span class='ocrx_word' id='word_1_113' title='bbox 162 1024 247 1060; x_wconf 87' lang='lat' dir='ltr'>XV.</span> <span class='ocrx_word' id='word_1_114' title='bbox 281 1024 390 1068; x_wconf 84' lang='lat' dir='ltr'>Quod</span> <span class='ocrx_word' id='word_1_115' title='bbox 415 1023 579 1060; x_wconf 82' lang='lat' dir='ltr'>Sisenna</span> <span class='ocrx_word' id='word_1_116' title='bbox 610 1024 645 1058; x_wconf 89' lang='lat' dir='ltr'>in</span> <span class='ocrx_word' id='word_1_117' title='bbox 671 1024 773 1059; x_wconf 84' lang='lat' dir='ltr'>libris</span> <span class='ocrx_word' id='word_1_118' title='bbox 798 1023 1040 1059; x_wconf 74' lang='lat' dir='ltr'>historiarum</span> <span class='ocrx_word' id='word_1_119' title='bbox 1074 1024 1250 1059; x_wconf 77' lang='lat' dir='ltr'>aduerbis</span> <span class='ocrx_word' id='word_1_120' title='bbox 1282 1022 1458 1058; x_wconf 82' lang='lat' dir='ltr'>huiusce-</span> 
     </span>
     <span class='ocr_line' id='line_1_18' title="bbox 50 1080 1316 1127; baseline -0.002 -10"><span class='ocrx_word' id='word_1_121' title='bbox 50 1081 151 1117; x_wconf 87' lang='lat' dir='ltr'>modi</span> <span class='ocrx_word' id='word_1_122' title='bbox 169 1091 444 1127; x_wconf 84' lang='lat' dir='ltr'>saepenumero</span> <span class='ocrx_word' id='word_1_123' title='bbox 465 1091 553 1115; x_wconf 90' lang='lat' dir='ltr'>usus</span> <span class='ocrx_word' id='word_1_124' title='bbox 574 1084 650 1114; x_wconf 88' lang='lat' dir='ltr'>est:</span> <span class='ocrx_word' id='word_1_125' title='bbox 684 1080 850 1122; x_wconf 85' lang='lat' dir='ltr'>celatim,</span> <span class='ocrx_word' id='word_1_126' title='bbox 870 1080 1091 1123; x_wconf 83' lang='lat' dir='ltr'>uellicatim‚</span> <span class='ocrx_word' id='word_1_127' title='bbox 1113 1080 1316 1116; x_wconf 80' lang='lat' dir='ltr'>saltuatim.</span> 
     </span>
    </p>
   </div>
   <div class='ocr_carea' id='block_1_3' title="bbox 315 1169 1192 1210">
    <p class='ocr_par' dir='ltr' id='par_1_9' title="bbox 315 1169 1192 1210">
     <span class='ocr_line' id='line_1_19' title="bbox 315 1169 1192 1210; baseline -0.001 -1"><span class='ocrx_word' id='word_1_128' title='bbox 315 1169 576 1210; x_wconf 82' lang='lat' dir='ltr'><strong>CAPITVLA</strong></span> <span class='ocrx_word' id='word_1_129' title='bbox 615 1169 754 1207; x_wconf 80' lang='lat' dir='ltr'><strong>LIBRI</strong></span> <span class='ocrx_word' id='word_1_130' title='bbox 792 1169 963 1208; x_wconf 84' lang='lat' dir='ltr'><strong>TERTII</strong></span> <span class='ocrx_word' id='word_1_131' title='bbox 1000 1170 1192 1208; x_wconf 86' lang='lat' dir='ltr'><strong>DECIMI.</strong></span> 
     </span>
    </p>
   </div>
   <div class='ocr_carea' id='block_1_4' title="bbox 10 1248 1497 2299">
    <p class='ocr_par' dir='ltr' id='par_1_10' title="bbox 50 1248 1459 1465">
     <span class='ocr_line' id='line_1_20' title="bbox 164 1248 1459 1296; baseline -0.001 -12"><span class='ocrx_word' id='word_1_132' title='bbox 164 1249 190 1287; x_wconf 89' lang='lat'>1.</span> <span class='ocrx_word' id='word_1_133' title='bbox 221 1249 414 1296; x_wconf 87' lang='lat' dir='ltr'>Inquisitio</span> <span class='ocrx_word' id='word_1_134' title='bbox 442 1251 639 1284; x_wconf 86' lang='lat' dir='ltr'>uerborum</span> <span class='ocrx_word' id='word_1_135' title='bbox 661 1248 815 1284; x_wconf 87' lang='lat' dir='ltr'>istorum</span> <span class='ocrx_word' id='word_1_136' title='bbox 836 1249 886 1284; x_wconf 64' lang='lat'>31.</span> <span class='ocrx_word' id='word_1_137' title='bbox 911 1248 1005 1283; x_wconf 90' lang='lat' dir='ltr'>Tulli</span> <span class='ocrx_word' id='word_1_138' title='bbox 1029 1249 1235 1291; x_wconf 76' lang='lat' dir='ltr'>curiosior,</span> <span class='ocrx_word' id='word_1_139' title='bbox 1269 1259 1366 1294; x_wconf 86' lang='lat' dir='ltr'>quae</span> <span class='ocrx_word' id='word_1_140' title='bbox 1393 1248 1459 1283; x_wconf 84' lang='lat' dir='ltr'>fuit</span> 
     </span>
     <span class='ocr_line' id='line_1_21' title="bbox 51 1304 1459 1353; baseline -0.001 -12"><span class='ocrx_word' id='word_1_141' title='bbox 51 1306 89 1342; x_wconf 91' lang='lat' dir='ltr'>in</span> <span class='ocrx_word' id='word_1_142' title='bbox 113 1307 233 1353; x_wconf 90' lang='lat' dir='ltr'>primo</span> <span class='ocrx_word' id='word_1_143' title='bbox 258 1306 557 1342; x_wconf 82' lang='lat' dir='ltr'>Antonianarum</span> <span class='ocrx_word' id='word_1_144' title='bbox 588 1306 702 1340; x_wconf 89' lang='lat' dir='ltr'>libro:</span> <span class='ocrx_word' id='word_1_145' title='bbox 729 1306 843 1340; x_wconf 86' lang='lat' dir='ltr'>multa</span> <span class='ocrx_word' id='word_1_146' title='bbox 875 1310 999 1340; x_wconf 85' lang='lat' dir='ltr'>autem</span> <span class='ocrx_word' id='word_1_147' title='bbox 1032 1305 1251 1350; x_wconf 81' lang='lat' dir='ltr'>impendere</span> <span class='ocrx_word' id='word_1_148' title='bbox 1284 1304 1459 1340; x_wconf 87' lang='lat' dir='ltr'>uidentur</span> 
     </span>
     <span class='ocr_line' id='line_1_22' title="bbox 50 1361 1458 1409; baseline -0.001 -11"><span class='ocrx_word' id='word_1_149' title='bbox 50 1366 201 1409; x_wconf 82' lang='lat' dir='ltr'>praeter</span> <span class='ocrx_word' id='word_1_150' title='bbox 220 1367 390 1399; x_wconf 88' lang='lat' dir='ltr'>naturam</span> <span class='ocrx_word' id='word_1_151' title='bbox 408 1362 519 1397; x_wconf 87' lang='lat' dir='ltr'>etiam</span> <span class='ocrx_word' id='word_1_152' title='bbox 535 1366 761 1408; x_wconf 79' lang='lat' dir='ltr'>praeterque</span> <span class='ocrx_word' id='word_1_153' title='bbox 780 1363 915 1405; x_wconf 86' lang='lat' dir='ltr'>satum;</span> <span class='ocrx_word' id='word_1_154' title='bbox 949 1366 1242 1408; x_wconf 84' lang='lat' dir='ltr'>tractatumque,</span> <span class='ocrx_word' id='word_1_155' title='bbox 1276 1372 1323 1396; x_wconf 90' lang='lat' dir='ltr'>an</span> <span class='ocrx_word' id='word_1_156' title='bbox 1357 1361 1458 1397; x_wconf 85' lang='lat' dir='ltr'>idem</span> 
     </span>
     <span class='ocr_line' id='line_1_23' title="bbox 50 1417 1208 1465; baseline -0.002 -11"><span class='ocrx_word' id='word_1_157' title='bbox 50 1418 125 1454; x_wconf 84' lang='lat' dir='ltr'>duo</span> <span class='ocrx_word' id='word_1_158' title='bbox 144 1419 217 1456; x_wconf 85' lang='lat' dir='ltr'>ista</span> <span class='ocrx_word' id='word_1_159' title='bbox 234 1418 465 1465; x_wconf 85' lang='lat' dir='ltr'>significent,</span> <span class='ocrx_word' id='word_1_160' title='bbox 487 1419 602 1454; x_wconf 84' lang='lat' dir='ltr'>satum</span> <span class='ocrx_word' id='word_1_161' title='bbox 621 1422 731 1464; x_wconf 86' lang='lat' dir='ltr'>atque</span> <span class='ocrx_word' id='word_1_162' title='bbox 751 1422 882 1454; x_wconf 80' lang='lat' dir='ltr'>natura</span> <span class='ocrx_word' id='word_1_163' title='bbox 895 1447 903 1461; x_wconf 88' lang='lat'>‚</span> <span class='ocrx_word' id='word_1_164' title='bbox 936 1429 982 1453; x_wconf 85' lang='lat' dir='ltr'>an</span> <span class='ocrx_word' id='word_1_165' title='bbox 1002 1417 1208 1453; x_wconf 85' lang='lat' dir='ltr'>diuersum.</span> 
     </span>
    </p>

    <p class='ocr_par' dir='ltr' id='par_1_11' title="bbox 50 1474 1459 1578">
     <span class='ocr_line' id='line_1_24' title="bbox 164 1474 1459 1521; baseline 0 -11"><span class='ocrx_word' id='word_1_166' title='bbox 164 1475 208 1510; x_wconf 92' lang='lat'>11.</span> <span class='ocrx_word' id='word_1_167' title='bbox 249 1474 372 1521; x_wconf 87' lang='lat' dir='ltr'>Super</span> <span class='ocrx_word' id='word_1_168' title='bbox 396 1478 592 1521; x_wconf 90' lang='lat' dir='ltr'>poetarum</span> <span class='ocrx_word' id='word_1_169' title='bbox 616 1475 771 1510; x_wconf 87' lang='lat' dir='ltr'>Pacuuii</span> <span class='ocrx_word' id='word_1_170' title='bbox 802 1479 837 1509; x_wconf 87' lang='lat' dir='ltr'>ct</span> <span class='ocrx_word' id='word_1_171' title='bbox 861 1475 967 1510; x_wconf 85' lang='lat' dir='ltr'>Accii</span> <span class='ocrx_word' id='word_1_172' title='bbox 997 1475 1196 1520; x_wconf 85' lang='lat' dir='ltr'>conloquio</span> <span class='ocrx_word' id='word_1_173' title='bbox 1223 1475 1398 1510; x_wconf 81' lang='lat' dir='ltr'>familiari</span> <span class='ocrx_word' id='word_1_174' title='bbox 1422 1475 1459 1510; x_wconf 91' lang='lat' dir='ltr'>in</span> 
     </span>
     <span class='ocr_line' id='line_1_25' title="bbox 50 1530 425 1578; baseline 0 -11"><span class='ocrx_word' id='word_1_175' title='bbox 50 1530 192 1578; x_wconf 84' lang='lat' dir='ltr'>oppido</span> <span class='ocrx_word' id='word_1_176' title='bbox 209 1531 425 1567; x_wconf 80' lang='lat' dir='ltr'>Tarentino.</span> 
     </span>
    </p>

    <p class='ocr_par' dir='ltr' id='par_1_12' title="bbox 51 1587 1497 1691">
     <span class='ocr_line' id='line_1_26' title="bbox 164 1587 1460 1624; baseline 0.001 -2"><span class='ocrx_word' id='word_1_177' title='bbox 164 1587 225 1623; x_wconf 89' lang='lat'><strong>111.</strong></span> <span class='ocrx_word' id='word_1_178' title='bbox 255 1588 316 1624; x_wconf 88' lang='lat' dir='ltr'>An</span> <span class='ocrx_word' id='word_1_179' title='bbox 342 1588 527 1624; x_wconf 88' lang='lat' dir='ltr'>uocabula</span> <span class='ocrx_word' id='word_1_180' title='bbox 554 1587 671 1623; x_wconf 87' lang='lat' dir='ltr'>haee:</span> <span class='ocrx_word' id='word_1_181' title='bbox 700 1587 943 1623; x_wconf 82' lang='lat' dir='ltr'>necessitudo</span> <span class='ocrx_word' id='word_1_182' title='bbox 973 1592 1007 1623; x_wconf 91' lang='lat' dir='ltr'>et</span> <span class='ocrx_word' id='word_1_183' title='bbox 1034 1589 1245 1624; x_wconf 80' lang='lat' dir='ltr'>necessitas</span> <span class='ocrx_word' id='word_1_184' title='bbox 1271 1587 1460 1624; x_wconf 84' lang='lat' dir='ltr'>differenti</span> 
     </span>
     <span class='ocr_line' id='line_1_27' title="bbox 51 1643 1497 1691; baseline -0.003 -11"><span class='ocrx_word' id='word_1_185' title='bbox 51 1643 329 1691; x_wconf 78' lang='lat' dir='ltr'>significatione</span> <span class='ocrx_word' id='word_1_186' title='bbox 348 1645 436 1680; x_wconf 90' lang='lat' dir='ltr'>sint.</span> <span class='ocrx_word' id='word_1_187' title='bbox 1493 1644 1497 1646; x_wconf 85' lang='lat'>&#39;</span> 
     </span>
    </p>

    <p class='ocr_par' dir='ltr' id='par_1_13' title="bbox 165 1699 842 1747">
     <span class='ocr_line' id='line_1_28' title="bbox 165 1699 842 1747; baseline -0.001 -12"><span class='ocrx_word' id='word_1_188' title='bbox 165 1700 242 1736; x_wconf 92' lang='lat' dir='ltr'><strong>IIII.</strong></span> <span class='ocrx_word' id='word_1_189' title='bbox 274 1700 473 1747; x_wconf 86' lang='lat' dir='ltr'>Descripta</span> <span class='ocrx_word' id='word_1_190' title='bbox 488 1699 697 1735; x_wconf 80' lang='lat' dir='ltr'>Alexandri</span> <span class='ocrx_word' id='word_1_191' title='bbox 715 1701 751 1744; x_wconf 92' lang='lat'>[.</span> <span class='ocrx_word' id='word_1_192' title='bbox 763 1726 771 1734; x_wconf 92' lang='lat'><strong>.</strong></span> <span class='ocrx_word' id='word_1_193' title='bbox 786 1725 794 1734; x_wconf 84' lang='lat'><strong>.</strong></span> <span class='ocrx_word' id='word_1_194' title='bbox 811 1700 842 1743; x_wconf 91' lang='lat'>.]</span> 
     </span>
    </p>

    <p class='ocr_par' dir='ltr' id='par_1_14' title="bbox 50 1755 1459 1860">
     <span class='ocr_line' id='line_1_29' title="bbox 164 1755 1458 1804; baseline 0.001 -13"><span class='ocrx_word' id='word_1_195' title='bbox 164 1756 213 1791; x_wconf 90' lang='lat' dir='ltr'>V.</span> <span class='ocrx_word' id='word_1_196' title='bbox 244 1757 297 1792; x_wconf 87' lang='lat' dir='ltr'>De</span> <span class='ocrx_word' id='word_1_197' title='bbox 312 1757 515 1793; x_wconf 86' lang='lat' dir='ltr'>Aristotele</span> <span class='ocrx_word' id='word_1_198' title='bbox 540 1760 575 1791; x_wconf 86' lang='lat' dir='ltr'>et</span> <span class='ocrx_word' id='word_1_199' title='bbox 591 1755 851 1802; x_wconf 84' lang='lat' dir='ltr'>Theophrasto</span> <span class='ocrx_word' id='word_1_200' title='bbox 879 1761 913 1791; x_wconf 84' lang='lat' dir='ltr'>et</span> <span class='ocrx_word' id='word_1_201' title='bbox 930 1756 1174 1799; x_wconf 83' lang='lat' dir='ltr'>Menedemo,</span> <span class='ocrx_word' id='word_1_202' title='bbox 1197 1756 1458 1804; x_wconf 87' lang='lat' dir='ltr'>philosophis;</span> 
     </span>
     <span class='ocr_line' id='line_1_30' title="bbox 50 1812 1459 1860; baseline 0.001 -12"><span class='ocrx_word' id='word_1_203' title='bbox 50 1812 175 1859; x_wconf 89' lang='lat' dir='ltr'>deque</span> <span class='ocrx_word' id='word_1_204' title='bbox 193 1813 355 1860; x_wconf 84' lang='lat' dir='ltr'>eleganti</span> <span class='ocrx_word' id='word_1_205' title='bbox 382 1812 613 1849; x_wconf 87' lang='lat' dir='ltr'>uerecundia</span> <span class='ocrx_word' id='word_1_206' title='bbox 628 1813 842 1848; x_wconf 84' lang='lat' dir='ltr'>Aristotelis</span> <span class='ocrx_word' id='word_1_207' title='bbox 870 1824 1131 1849; x_wconf 87' lang='lat' dir='ltr'>successorem</span> <span class='ocrx_word' id='word_1_208' title='bbox 1156 1813 1339 1849; x_wconf 85' lang='lat' dir='ltr'>diatribae</span> <span class='ocrx_word' id='word_1_209' title='bbox 1366 1824 1459 1850; x_wconf 87' lang='lat' dir='ltr'>suae</span> 
     </span>
    </p>

    <p class='ocr_par' dir='ltr' id='par_1_15' title="bbox 51 1869 242 1916">
     <span class='ocr_line' id='line_1_31' title="bbox 51 1869 242 1916; baseline 0 -12"><span class='ocrx_word' id='word_1_210' title='bbox 51 1869 242 1916; x_wconf 82' lang='lat' dir='ltr'>eligentis.</span> 
     </span>
    </p>

    <p class='ocr_par' dir='ltr' id='par_1_16' title="bbox 3 1919 1461 2088">
     <span class='ocr_line' id='line_1_32' title="bbox 15 1919 1461 1976; baseline 0 -15"><span class='ocrx_word' id='word_1_211' title='bbox 15 1919 21 1957; x_wconf 49' lang='grc' dir='ltr'>ἶ</span> <span class='ocrx_word' id='word_1_212' title='bbox 166 1925 230 1966; x_wconf 89' lang='lat' dir='ltr'><strong>VI.</strong></span> <span class='ocrx_word' id='word_1_213' title='bbox 272 1925 371 1970; x_wconf 80' lang='lat' dir='ltr'>Quid</span> <span class='ocrx_word' id='word_1_214' title='bbox 401 1930 546 1961; x_wconf 87' lang='lat' dir='ltr'>ueteres</span> <span class='ocrx_word' id='word_1_215' title='bbox 579 1925 699 1960; x_wconf 87' lang='lat' dir='ltr'>Latini</span> <span class='ocrx_word' id='word_1_216' title='bbox 731 1925 910 1968; x_wconf 77' lang='lat' dir='ltr'>dixerim,</span> <span class='ocrx_word' id='word_1_217' title='bbox 945 1937 1038 1972; x_wconf 79' lang='lat' dir='ltr'>quas</span> <span class='ocrx_word' id='word_1_218' title='bbox 1073 1926 1207 1961; x_wconf 86' lang='lat' dir='ltr'>Gracci</span> <span class='ocrx_word' id='word_1_219' title='bbox 1235 1923 1461 1976; x_wconf 62' lang='grc' dir='ltr'><strong><em>προςῳδιάς</em></strong></span> 
     </span>
     <span class='ocr_line' id='line_1_33' title="bbox 51 1980 1458 2028; baseline 0.001 -11.967"><span class='ocrx_word' id='word_1_220' title='bbox 51 1982 267 2028; x_wconf 83' lang='lat' dir='ltr'>appellant;</span> <span class='ocrx_word' id='word_1_221' title='bbox 308 1982 396 2018; x_wconf 91' lang='lat' dir='ltr'>item</span> <span class='ocrx_word' id='word_1_222' title='bbox 433 1980 535 2027; x_wconf 87' lang='lat' dir='ltr'>quod</span> <span class='ocrx_word' id='word_1_223' title='bbox 574 1983 799 2018; x_wconf 86' lang='lat' dir='ltr'>uocabulum</span> <span class='ocrx_word' id='word_1_224' title='bbox 833 1983 1058 2018; x_wconf 84' lang='lat' dir='ltr'>barbarismi</span> <span class='ocrx_word' id='word_1_225' title='bbox 1088 1993 1162 2017; x_wconf 91' lang='lat' dir='ltr'>non</span> <span class='ocrx_word' id='word_1_226' title='bbox 1193 1983 1458 2028; x_wconf 87' lang='lat' dir='ltr'>usurpauerint</span> 
     </span>
     <span class='ocr_line' id='line_1_34' title="bbox 10 2037 888 2088; baseline -0.002 -13"><span class='ocrx_word' id='word_1_227' title='bbox 10 2083 13 2088; x_wconf 18' lang='lat' dir='ltr'><em>ff</em></span> <span class='ocrx_word' id='word_1_228' title='bbox 36 2047 174 2084; x_wconf 78' lang='lat' dir='ltr'>,neque</span> <span class='ocrx_word' id='word_1_229' title='bbox 190 2037 349 2074; x_wconf 88' lang='lat' dir='ltr'>Romani</span> <span class='ocrx_word' id='word_1_230' title='bbox 369 2039 600 2084; x_wconf 84' lang='lat' dir='ltr'>antiquiores</span> <span class='ocrx_word' id='word_1_231' title='bbox 624 2049 745 2084; x_wconf 88' lang='lat' dir='ltr'>neque</span> <span class='ocrx_word' id='word_1_232' title='bbox 762 2039 888 2073; x_wconf 84' lang='lat' dir='ltr'>Attici.</span> 
     </span>
    </p>

    <p class='ocr_par' dir='ltr' id='par_1_17' title="bbox 11 2094 1457 2201">
     <span class='ocr_line' id='line_1_35' title="bbox 165 2094 1457 2131; baseline 0.002 -3"><span class='ocrx_word' id='word_1_233' title='bbox 165 2094 246 2129; x_wconf 93' lang='lat' dir='ltr'><strong>VII.</strong></span> <span class='ocrx_word' id='word_1_234' title='bbox 271 2094 470 2130; x_wconf 90' lang='lat' dir='ltr'>Diuersum</span> <span class='ocrx_word' id='word_1_235' title='bbox 498 2094 544 2129; x_wconf 92' lang='lat' dir='ltr'>de</span> <span class='ocrx_word' id='word_1_236' title='bbox 569 2099 702 2130; x_wconf 84' lang='lat' dir='ltr'>natura</span> <span class='ocrx_word' id='word_1_237' title='bbox 732 2095 881 2130; x_wconf 90' lang='lat' dir='ltr'>leonum</span> <span class='ocrx_word' id='word_1_238' title='bbox 908 2095 1051 2130; x_wconf 77' lang='lat' dir='ltr'>dixisse</span> <span class='ocrx_word' id='word_1_239' title='bbox 1076 2096 1277 2130; x_wconf 89' lang='lat' dir='ltr'>Homerum</span> <span class='ocrx_word' id='word_1_240' title='bbox 1311 2096 1348 2130; x_wconf 93' lang='lat' dir='ltr'>in</span> <span class='ocrx_word' id='word_1_241' title='bbox 1378 2106 1457 2131; x_wconf 85' lang='lat' dir='ltr'>car-</span> 
     </span>
     <span class='ocr_line' id='line_1_36' title="bbox 51 2149 764 2190; baseline 0.001 -6.947"><span class='ocrx_word' id='word_1_242' title='bbox 51 2149 212 2190; x_wconf 85' lang='lat' dir='ltr'>minibus</span> <span class='ocrx_word' id='word_1_243' title='bbox 227 2154 264 2186; x_wconf 89' lang='lat' dir='ltr'>et</span> <span class='ocrx_word' id='word_1_244' title='bbox 278 2150 510 2186; x_wconf 88' lang='lat' dir='ltr'>Herodotum</span> <span class='ocrx_word' id='word_1_245' title='bbox 529 2150 566 2185; x_wconf 92' lang='lat' dir='ltr'>in</span> <span class='ocrx_word' id='word_1_246' title='bbox 582 2149 764 2186; x_wconf 89' lang='lat' dir='ltr'>historiis.</span> 
     </span>
    </p>

    <p class='ocr_par' dir='ltr' id='par_1_18' title="bbox 4 2200 1458 2299">
     <span class='ocr_line' id='line_1_37' title="bbox 164 2205 1458 2254; baseline 0.002 -13.67"><span class='ocrx_word' id='word_1_247' title='bbox 164 2205 261 2242; x_wconf 89' lang='lat' dir='ltr'><strong>VIII.</strong></span> <span class='ocrx_word' id='word_1_248' title='bbox 293 2206 402 2251; x_wconf 83' lang='lat' dir='ltr'>Quod</span> <span class='ocrx_word' id='word_1_249' title='bbox 418 2207 596 2242; x_wconf 79' lang='lat' dir='ltr'>Afranius</span> <span class='ocrx_word' id='word_1_250' title='bbox 635 2212 749 2252; x_wconf 88' lang='lat' dir='ltr'>poeta</span> <span class='ocrx_word' id='word_1_251' title='bbox 779 2206 982 2252; x_wconf 88' lang='lat' dir='ltr'>prudenter</span> <span class='ocrx_word' id='word_1_252' title='bbox 1014 2210 1048 2242; x_wconf 87' lang='lat' dir='ltr'>et</span> <span class='ocrx_word' id='word_1_253' title='bbox 1075 2206 1199 2253; x_wconf 89' lang='lat' dir='ltr'>lepide</span> <span class='ocrx_word' id='word_1_254' title='bbox 1226 2207 1458 2254; x_wconf 82' lang='lat' dir='ltr'>Sapientiam</span> 
     </span>
     <span class='ocr_line' id='line_1_38' title="bbox 16 2257 784 2299; baseline 0.003 -4"><span class='ocrx_word' id='word_1_255' title='bbox 16 2257 18 2259; x_wconf 65' lang='grc'><strong><em>’</em></strong></span> <span class='ocrx_word' id='word_1_256' title='bbox 50 2257 169 2297; x_wconf 83' lang='lat' dir='ltr'>filiam</span> <span class='ocrx_word' id='word_1_257' title='bbox 184 2272 270 2298; x_wconf 84' lang='lat' dir='ltr'>esse</span> <span class='ocrx_word' id='word_1_258' title='bbox 287 2263 388 2298; x_wconf 88' lang='lat' dir='ltr'>Vsus</span> <span class='ocrx_word' id='word_1_259' title='bbox 407 2267 442 2299; x_wconf 89' lang='lat' dir='ltr'>et</span> <span class='ocrx_word' id='word_1_260' title='bbox 457 2263 662 2298; x_wconf 86' lang='lat' dir='ltr'>Memoriae</span> <span class='ocrx_word' id='word_1_261' title='bbox 680 2262 784 2298; x_wconf 78' lang='lat' dir='ltr'>dixit.</span> 
     </span>
    </p>
   </div>
  </div>
 </body>
</html>
