1635 2492
685 29 776 70 XV.
806 39 867 67 111.
1405 27 1485 70 127

746 141 812 182 111.

75 226 174 273 Quid
205 226 257 263 Μ.
293 224 424 262 Cicero
461 224 508 261 de
546 224 729 272 particula
761 225 832 261 ista
863 225 1023 262 senserit
1056 226 1348 275 scripseritque,
1388 238 1484 274 quae

128 283 346 332 praeposita
375 286 432 319 est
461 282 588 318 uerbis
619 282 773 329 aufugio
807 285 843 317 et
872 283 1026 328 ausero;
1058 288 1093 319 et
1124 293 1171 318 an
1203 284 1240 318 in
1271 285 1387 320 uerbo
1421 296 1485 320 au-

129 346 230 377 tumo
262 339 398 376 eadem
429 340 546 376 istaec
573 339 807 386 praepositio
839 350 926 375 esse
958 339 1080 376 uideri
1110 339 1258 376 debeat.

156 427 351 478 Legimus
398 427 546 467 librum
590 427 645 467 M.
699 426 882 467 Cicero
899 428 1003 475 nis,
1048 427 1118 477 qui
1154 427 1382 479 inscriptus
1421 435 1486 470 est
1504 438 1523 472 1

71 490 268 526 orator.
330 485 374 524 In
404 495 454 524 eo
487 483 591 524 libro
627 483 827 532 Cicero,
860 496 953 524 cum
986 484 1183 532 dixisset,
1215 486 1347 526 uerba
1379 487 1522 528 haec2

71 541 290 592 ‘aufugio’
335 547 376 581 et
417 541 613 581 ‘aufero'
654 540 890 591 composita
930 541 1099 592 quidem
1137 552 1234 582 esse
1275 554 1327 582 ex
1364 554 1483 594 prae—

68 598 279 650 positione
305 598 390 638 ‘ab'
414 603 454 637 et
476 608 528 638 ex
548 597 689 638 uerbis
719 597 866 648 ‘fugio’
894 603 935 638 et
967 599 1108 649 ‘sero'‚
1146 599 1221 638 sed
1243 610 1335 639 eam
1368 611 1485 650 prae-

69 656 342 707 positionem,
382 667 464 706 quo
501 654 620 695 fieret
653 666 737 695 uox
774 655 1042 705 pronuntiatu
1076 655 1305 706 audituque
1336 657 1482 705 lenior,

69 724 237 753 uersam
275 717 558 762 mutatamque
596 722 693 752 esse
731 712 770 751 in
808 715 912 752 eau’
954 713 1159 764 syllabam
1200 719 1483 765 coeptumque

69 781 166 810 esse
205 769 286 809 dici
328 768 544 819 ‘aufugio’
591 773 632 808 et
677 770 870 809 ‘aufero’
910 781 986 819 pro
1030 769 1250 820 ‘abfugio’
1294 777 1335 811 et
1391 772 1483 811 ‘ab-

69 828 196 875 fero',
236 837 330 866 cum
370 826 493 874 haee,
536 825 727 876 inquam,
768 825 824 866 ita
860 826 1058 875 dixisset,
1092 832 1178 867 turn
1220 833 1372 878 postea
1410 828 1520 871 ibi-3

70 885 164 924 dem
201 894 331 934 super
375 883 523 923 eadem
563 882 767 933 particula
805 883 860 922 ita
903 883 1089 924 scribsit:
1135 885 1292 932 Haec,
1339 885 1483 936 inquit,

67 939 398 992 praepositio
446 945 660 990 praeter
697 941 823 980 haec
855 940 952 981 duo
997 941 1162 981 uerba
1198 943 1341 982 nullo
1382 943 1481 982 alio

65 997 113 1037 in
157 997 322 1038 uerbo
353 996 708 1047 repperietur.

154 1053 392 1094 Inuenimus
420 1058 557 1093 autem
578 1053 618 1092 in
650 1054 1028 1094 commentario
1052 1054 1358 1105 Nigidiano,
1392 1068 1479 1097 uer·
1499 1062 1522 1097 4

66 1111 166 1151 burn
188 1113 410 1151 ‘autumo’
437 1110 717 1161 compositum
743 1122 794 1151 ex
822 1111 922 1150 ‘ab'
951 1112 1266 1162 praepositione
1293 1118 1334 1152 et
1349 1115 1481 1154 uerbo

67 1170 292 1208 ‘aestumo’
306 1167 546 1217 dictumque
570 1166 766 1208 intercise
793 1171 1011 1216 ‘autumo’‚
1041 1168 1161 1219 quasi
1183 1169 1480 1219 ‘abaestumo’‚

66 1224 182 1275 quod
211 1223 466 1275 significaret
494 1228 651 1264 ‘totum
677 1228 908 1272 aestumo’,
940 1230 1152 1275 tamquam
1186 1226 1480 1268 eabnumero'.

67 1281 173 1329 Sed,
219 1281 335 1330 quod
381 1281 436 1320 sit
473 1292 566 1321 eum
602 1282 764 1321 honore
810 1282 938 1321 multo
979 1282 1134 1322 dictum
1173 1284 1216 1322 P.
1260 1283 1519 1333 Nigidii,5

64 1337 244 1380 hominis
277 1337 567 1385 eruditissimi,
599 1337 800 1378 audacius
828 1339 909 1378 hoc
941 1339 1215 1389 argutiusque
1246 1350 1343 1380 esse
1368 1340 1481 1381 uide-

67 1401 153 1444 tur,
187 1406 311 1445 quam
351 1394 506 1435 uerius.
569 1397 799 1435 ‘Autumo'
834 1395 942 1435 enim
974 1407 1058 1435 non
1097 1395 1137 1434 id
1176 1397 1312 1436 solum
1357 1397 1521 1448 signi-6

66 1452 186 1492 ficat:
217 1454 476 1499 ‘aestumo’,
517 1452 594 1491 sed
629 1458 669 1492 et
701 1451 844 1492 ‘dico'
872 1457 913 1492 et
949 1452 1146 1501 ‘opinor’
1181 1458 1221 1492 et
1256 1456 1478 1501 ‘censeo‘,

69 1520 162 1549 eum
183 1508 335 1559 quibus
357 1508 498 1548 uerbis
523 1508 782 1559 praepositio
811 1508 891 1549 ista
917 1520 1055 1559 neque
1075 1510 1344 1550 cohaerentia
1359 1512 1478 1552 uocis

66 1576 206 1616 neque
227 1563 533 1615 significatione
550 1565 784 1605 sententiae
802 1566 1012 1606 conuenit.
1044 1567 1266 1606 Praeterea
1283 1567 1349 1607 uir
1365 1579 1476 1608 acer·
1496 1570 1517 1607 7

65 1622 194 1663 rimae
211 1621 252 1662 in
279 1620 419 1662 studio
446 1621 657 1662 literarum
680 1621 952 1672 [diJIigentiae
972 1624 1025 1662 M.
1046 1623 1248 1663 Tullius
1277 1636 1361 1664 non
1387 1626 1479 1666 sola

65 1690 162 1720 esse
182 1679 287 1720 haec
306 1679 390 1719 duo
408 1678 540 1719 uerba
558 1678 754 1727 dixisset,
789 1678 823 1719 si
846 1678 1050 1729 repperiri
1077 1686 1226 1729 posset
1247 1682 1376 1721 ullum
1400 1686 1480 1721 ter-

64 1736 180 1776 tium.
213 1735 298 1776 Sed
318 1734 419 1775 illud
437 1734 569 1785 magis
586 1735 735 1786 inspici
755 1735 987 1785 quaerique
1008 1735 1178 1786 dignum
1201 1742 1277 1785 est,
1298 1749 1480 1778 uersane
1495 1742 1518 1776 8

65 1792 120 1833 sit
137 1798 178 1833 et
193 1797 350 1833 mutata
368 1792 454 1832 ‘ab'
474 1791 732 1843 praepositio
751 1792 790 1831 in
815 1795 901 1832 eau’
915 1792 1119 1843 syllabam
1141 1798 1317 1843 propter
1338 1795 1480 1834 lenita-

65 1855 148 1890 tem
168 1848 302 1897 uocis,
320 1860 371 1888 an
390 1849 531 1899 potius
559 1852 645 1890 ‘au'
670 1849 873 1900 particula
895 1860 971 1889 sua
997 1848 1050 1888 sit
1069 1849 1241 1900 propria
1264 1850 1423 1901 origine
1440 1856 1482 1891 et

64 1905 255 1956 proinde,
276 1910 322 1946 ut
337 1906 564 1957 pleraeque
581 1905 685 1945 aliae
706 1905 1044 1956 praepositiones
1062 1916 1086 1944 a
1105 1906 1287 1955 Graecis,
1308 1908 1365 1947 ita
1377 1908 1481 1947 haec

67 1974 237 2013 quoque
263 1961 360 2002 inde
382 1967 556 2013 accepta
577 1961 630 2002 sit
640 1975 649 2010 ;
683 1961 804 2002 sicuti
823 1968 887 2002 est
907 1962 947 2002 in
965 1961 1035 2002 illo
1053 1973 1182 2003 uersu
1206 1964 1436 2004 Homeri:

129 2036 435 2096 Αὖέρυσαν
465 2039 563 2096 μὲν
595 2042 784 2096 πρῶτα
817 2039 903 2082 καὶ
934 2040 1184 2094 ἔσφαξαν
1214 2040 1303 2082 καὶ
1333 2041 1483 2083 ἔδει·

913 2112 1040 2151 ραν,

74 2159 137 2196 et:

117 2205 412 2267 Ἄβρομοι,
443 2207 678 2266 αὐίαχοι.
