<?xml version="1.0" encoding="UTF-8"?>
<!DOCTYPE html PUBLIC "-//W3C//DTD XHTML 1.0 Transitional//EN"
    "http://www.w3.org/TR/xhtml1/DTD/xhtml1-transitional.dtd">
<html xmlns="http://www.w3.org/1999/xhtml" xml:lang="en" lang="en">
 <head>
  <title>
</title>
<meta http-equiv="Content-Type" content="text/html;charset=utf-8" />
  <meta name='ocr-system' content='tesseract 3.04.00' />
  <meta name='ocr-capabilities' content='ocr_page ocr_carea ocr_par ocr_line ocrx_word'/>
</head>
<body>
  <div class='ocr_page' id='page_1' title='image "./agelliinoctivmat00gelluoft_0074.png"; bbox 0 0 1619 2476; ppageno 0'>
   <div class='ocr_carea' id='block_1_1' title="bbox 71 37 839 78">
    <p class='ocr_par' dir='ltr' id='par_1_1' title="bbox 71 37 839 78">
     <span class='ocr_line' id='line_1_1' title="bbox 71 37 839 78; baseline -0.004 0"><span class='ocrx_word' id='word_1_1' title='bbox 71 37 126 78; x_wconf 76' lang='lat'>52</span> <span class='ocrx_word' id='word_1_2' title='bbox 609 56 611 60; x_wconf 41' lang='lat' dir='ltr'>v</span> <span class='ocrx_word' id='word_1_3' title='bbox 722 38 750 76; x_wconf 89' lang='lat'>1.</span> <span class='ocrx_word' id='word_1_4' title='bbox 783 48 839 75; x_wconf 77' lang='lat' dir='ltr'>xi.</span> 
     </span>
    </p>
   </div>
   <div class='ocr_carea' id='block_1_2' title="bbox 32 148 1523 1053">
    <p class='ocr_par' dir='ltr' id='par_1_2' title="bbox 32 148 1523 1053">
     <span class='ocr_line' id='line_1_2' title="bbox 73 148 1480 200; baseline 0.001 -10"><span class='ocrx_word' id='word_1_5' title='bbox 73 151 124 190; x_wconf 83' lang='lat' dir='ltr'>ud</span> <span class='ocrx_word' id='word_1_6' title='bbox 144 151 321 190; x_wconf 82' lang='lat' dir='ltr'>salutem</span> <span class='ocrx_word' id='word_1_7' title='bbox 339 149 617 198; x_wconf 81' lang='lat' dir='ltr'>uirtutemque</span> <span class='ocrx_word' id='word_1_8' title='bbox 637 149 774 199; x_wconf 82' lang='lat' dir='ltr'>aptius</span> <span class='ocrx_word' id='word_1_9' title='bbox 793 148 891 196; x_wconf 88' lang='lat' dir='ltr'>rati,</span> <span class='ocrx_word' id='word_1_10' title='bbox 926 160 1051 200; x_wconf 84' lang='lat' dir='ltr'>quam</span> <span class='ocrx_word' id='word_1_11' title='bbox 1077 149 1112 189; x_wconf 91' lang='lat' dir='ltr'>si</span> <span class='ocrx_word' id='word_1_12' title='bbox 1129 150 1348 200; x_wconf 85' lang='lat' dir='ltr'>permulcti</span> <span class='ocrx_word' id='word_1_13' title='bbox 1364 150 1480 191; x_wconf 88' lang='lat' dir='ltr'>sonis</span> 
     </span>
     <span class='ocr_line' id='line_1_3' title="bbox 36 205 1483 257; baseline -0.001 -10"><span class='ocrx_word' id='word_1_14' title='bbox 36 206 308 248; x_wconf 81' lang='lat' dir='ltr'>3mitioribus</span> <span class='ocrx_word' id='word_1_15' title='bbox 328 218 409 245; x_wconf 79' lang='lat' dir='ltr'>non</span> <span class='ocrx_word' id='word_1_16' title='bbox 429 205 636 245; x_wconf 87' lang='lat' dir='ltr'>inmodice</span> <span class='ocrx_word' id='word_1_17' title='bbox 654 205 892 245; x_wconf 76' lang='lat' dir='ltr'><strong>ferocirent.</strong></span> <span class='ocrx_word' id='word_1_18' title='bbox 956 206 1056 245; x_wconf 90' lang='lat' dir='ltr'>Cum</span> <span class='ocrx_word' id='word_1_19' title='bbox 1087 206 1330 257; x_wconf 80' lang='lat' dir='ltr'>procinctae</span> <span class='ocrx_word' id='word_1_20' title='bbox 1361 206 1483 257; x_wconf 81' lang='lat' dir='ltr'>igitur</span> 
     </span>
     <span class='ocr_line' id='line_1_4' title="bbox 71 262 1482 314; baseline 0.001 -11"><span class='ocrx_word' id='word_1_21' title='bbox 71 265 231 303; x_wconf 79' lang='lat' dir='ltr'>classes</span> <span class='ocrx_word' id='word_1_22' title='bbox 260 268 375 302; x_wconf 78' lang='lat' dir='ltr'>crant</span> <span class='ocrx_word' id='word_1_23' title='bbox 404 268 443 301; x_wconf 87' lang='lat' dir='ltr'>et</span> <span class='ocrx_word' id='word_1_24' title='bbox 469 262 670 302; x_wconf 80' lang='lat' dir='ltr'>instructa</span> <span class='ocrx_word' id='word_1_25' title='bbox 697 263 809 302; x_wconf 83' lang='lat' dir='ltr'>acies</span> <span class='ocrx_word' id='word_1_26' title='bbox 835 267 1116 312; x_wconf 82' lang='lat' dir='ltr'>coeptumque</span> <span class='ocrx_word' id='word_1_27' title='bbox 1139 263 1180 303; x_wconf 89' lang='lat' dir='ltr'>in</span> <span class='ocrx_word' id='word_1_28' title='bbox 1206 263 1370 304; x_wconf 83' lang='lat' dir='ltr'>hostem</span> <span class='ocrx_word' id='word_1_29' title='bbox 1386 275 1482 314; x_wconf 89' lang='lat' dir='ltr'>pro-</span> 
     </span>
     <span class='ocr_line' id='line_1_5' title="bbox 71 318 1480 370; baseline -0.001 -10"><span class='ocrx_word' id='word_1_30' title='bbox 71 320 207 369; x_wconf 72' lang='lat' dir='ltr'>gredi,</span> <span class='ocrx_word' id='word_1_31' title='bbox 247 319 433 358; x_wconf 78' lang='lat' dir='ltr'>tibicines</span> <span class='ocrx_word' id='word_1_32' title='bbox 466 319 572 358; x_wconf 88' lang='lat' dir='ltr'>inter</span> <span class='ocrx_word' id='word_1_33' title='bbox 604 319 832 359; x_wconf 84' lang='lat' dir='ltr'>exercitum</span> <span class='ocrx_word' id='word_1_34' title='bbox 865 318 990 370; x_wconf 90' lang='lat' dir='ltr'>positi</span> <span class='ocrx_word' id='word_1_35' title='bbox 1023 329 1175 359; x_wconf 87' lang='lat' dir='ltr'>canere</span> <span class='ocrx_word' id='word_1_36' title='bbox 1200 319 1480 370; x_wconf 80' lang='lat' dir='ltr'>inceptabant.</span> 
     </span>
     <span class='ocr_line' id='line_1_6' title="bbox 32 375 1482 427; baseline 0 -11"><span class='ocrx_word' id='word_1_37' title='bbox 32 385 54 416; x_wconf 77' lang='lat'>4</span> <span class='ocrx_word' id='word_1_38' title='bbox 71 378 129 416; x_wconf 77' lang='lat' dir='ltr'>Ea</span> <span class='ocrx_word' id='word_1_39' title='bbox 147 377 201 415; x_wconf 81' lang='lat' dir='ltr'>ibi</span> <span class='ocrx_word' id='word_1_40' title='bbox 219 376 515 425; x_wconf 73' lang='lat' dir='ltr'>praecentione</span> <span class='ocrx_word' id='word_1_41' title='bbox 533 376 755 426; x_wconf 79' lang='lat' dir='ltr'>tranquilla</span> <span class='ocrx_word' id='word_1_42' title='bbox 772 382 812 415; x_wconf 92' lang='lat' dir='ltr'>ct</span> <span class='ocrx_word' id='word_1_43' title='bbox 828 376 1055 416; x_wconf 85' lang='lat' dir='ltr'>uenerabili</span> <span class='ocrx_word' id='word_1_44' title='bbox 1072 376 1125 415; x_wconf 84' lang='lat' dir='ltr'>ad</span> <span class='ocrx_word' id='word_1_45' title='bbox 1143 376 1350 426; x_wconf 81' lang='lat' dir='ltr'>quandam</span> <span class='ocrx_word' id='word_1_46' title='bbox 1363 375 1482 427; x_wconf 89' lang='lat' dir='ltr'>quasi</span> 
     </span>
     <span class='ocr_line' id='line_1_7' title="bbox 71 432 1482 484; baseline 0 -12"><span class='ocrx_word' id='word_1_47' title='bbox 71 433 254 473; x_wconf 79' lang='lat' dir='ltr'>militaris</span> <span class='ocrx_word' id='word_1_48' title='bbox 273 433 455 472; x_wconf 76' lang='lat' dir='ltr'>musicae</span> <span class='ocrx_word' id='word_1_49' title='bbox 466 433 725 482; x_wconf 87' lang='lat' dir='ltr'>disciplinam</span> <span class='ocrx_word' id='word_1_50' title='bbox 742 433 806 472; x_wconf 83' lang='lat' dir='ltr'>uis</span> <span class='ocrx_word' id='word_1_51' title='bbox 826 438 867 472; x_wconf 87' lang='lat' dir='ltr'>et</span> <span class='ocrx_word' id='word_1_52' title='bbox 882 433 1061 483; x_wconf 87' lang='lat' dir='ltr'>impetus</span> <span class='ocrx_word' id='word_1_53' title='bbox 1079 432 1264 481; x_wconf 89' lang='lat' dir='ltr'>militum,</span> <span class='ocrx_word' id='word_1_54' title='bbox 1275 444 1328 473; x_wconf 89' lang='lat' dir='ltr'>ne</span> <span class='ocrx_word' id='word_1_55' title='bbox 1345 434 1482 484; x_wconf 84' lang='lat' dir='ltr'>sparsi</span> 
     </span>
     <span class='ocr_line' id='line_1_8' title="bbox 34 489 1482 553; baseline -0.001 -23"><span class='ocrx_word' id='word_1_56' title='bbox 34 499 54 530; x_wconf 80' lang='lat'>5</span> <span class='ocrx_word' id='word_1_57' title='bbox 73 490 177 553; x_wconf 42' lang='lat' dir='ltr'>duis-p:</span> <span class='ocrx_word' id='word_1_58' title='bbox 177 489 348 539; x_wconf 76' lang='lat' dir='ltr'>ditique</span> <span class='ocrx_word' id='word_1_59' title='bbox 368 495 638 540; x_wconf 69' lang='lat' dir='ltr'>pr···01ue1cnt‚</span> <span class='ocrx_word' id='word_1_60' title='bbox 660 490 944 529; x_wconf 74' lang='lat' dir='ltr'>cohibebatui.</span> <span class='ocrx_word' id='word_1_61' title='bbox 990 489 1101 529; x_wconf 87' lang='lat' dir='ltr'>Sed</span> <span class='ocrx_word' id='word_1_62' title='bbox 1093 489 1224 540; x_wconf 84' lang='lat' dir='ltr'>ipsius</span> <span class='ocrx_word' id='word_1_63' title='bbox 1240 489 1347 530; x_wconf 89' lang='lat' dir='ltr'>illius</span> <span class='ocrx_word' id='word_1_64' title='bbox 1367 501 1482 540; x_wconf 84' lang='lat' dir='ltr'>egre-</span> 
     </span>
     <span class='ocr_line' id='line_1_9' title="bbox 69 546 1480 597; baseline -0.001 -11"><span class='ocrx_word' id='word_1_65' title='bbox 69 547 122 597; x_wconf 77' lang='lat' dir='ltr'>gii</span> <span class='ocrx_word' id='word_1_66' title='bbox 139 547 355 596; x_wconf 78' lang='lat' dir='ltr'>seiiptoiis</span> <span class='ocrx_word' id='word_1_67' title='bbox 373 547 430 585; x_wconf 88' lang='lat' dir='ltr'>uti</span> <span class='ocrx_word' id='word_1_68' title='bbox 448 546 587 586; x_wconf 81' lang='lat' dir='ltr'>uerbis</span> <span class='ocrx_word' id='word_1_69' title='bbox 606 547 715 594; x_wconf 82' lang='lat' dir='ltr'>libet,</span> <span class='ocrx_word' id='word_1_70' title='bbox 731 559 796 596; x_wconf 77' lang='lat' dir='ltr'>qu·</span> <span class='ocrx_word' id='word_1_71' title='bbox 790 558 838 586; x_wconf 78' lang='lat' dir='ltr'>ie</span> <span class='ocrx_word' id='word_1_72' title='bbox 855 551 895 586; x_wconf 90' lang='lat' dir='ltr'>et</span> <span class='ocrx_word' id='word_1_73' title='bbox 912 547 1109 596; x_wconf 80' lang='lat' dir='ltr'>dignitate</span> <span class='ocrx_word' id='word_1_74' title='bbox 1127 551 1168 586; x_wconf 90' lang='lat' dir='ltr'>et</span> <span class='ocrx_word' id='word_1_75' title='bbox 1185 547 1268 586; x_wconf 85' lang='lat' dir='ltr'>fide</span> <span class='ocrx_word' id='word_1_76' title='bbox 1285 546 1480 597; x_wconf 76' lang='lat' dir='ltr'>grauiora</span> 
     </span>
     <span class='ocr_line' id='line_1_10' title="bbox 70 595 1483 671; baseline 0 -28"><span class='ocrx_word' id='word_1_77' title='bbox 70 609 186 644; x_wconf 80' lang='lat' dir='ltr'>sunt:</span> <span class='ocrx_word' id='word_1_78' title='bbox 237 601 337 643; x_wconf 79' lang='grc' dir='ltr'>Καὶ</span> <span class='ocrx_word' id='word_1_79' title='bbox 372 599 502 671; x_wconf 80' lang='grc' dir='ltr'><em>μετὰ</em></span> <span class='ocrx_word' id='word_1_80' title='bbox 545 603 719 642; x_wconf 80' lang='grc' dir='ltr'><em>ταῦτα</em></span> <span class='ocrx_word' id='word_1_81' title='bbox 759 597 785 655; x_wconf 84' lang='grc' dir='ltr'><em>ἡ</em></span> <span class='ocrx_word' id='word_1_82' title='bbox 826 599 1065 651; x_wconf 74' lang='grc' dir='ltr'><em>ξύνοδος</em></span> <span class='ocrx_word' id='word_1_83' title='bbox 1108 595 1196 669; x_wconf 78' lang='grc' dir='ltr'>ἦν·</span> <span class='ocrx_word' id='word_1_84' title='bbox 1241 597 1483 655; x_wconf 81' lang='grc' dir='ltr'><em>Ἀργεῖοι</em></span> 
     </span>
     <span class='ocr_line' id='line_1_11' title="bbox 69 654 1483 730; baseline 0 -31"><span class='ocrx_word' id='word_1_85' title='bbox 69 655 166 711; x_wconf 78' lang='grc' dir='ltr'><em>μὲν</em></span> <span class='ocrx_word' id='word_1_86' title='bbox 205 656 293 699; x_wconf 80' lang='grc' dir='ltr'>καὶ</span> <span class='ocrx_word' id='word_1_87' title='bbox 334 659 387 699; x_wconf 77' lang='grc' dir='ltr'>οἱ</span> <span class='ocrx_word' id='word_1_88' title='bbox 422 657 703 723; x_wconf 79' lang='grc' dir='ltr'><em>σύμμαχοι</em></span> <span class='ocrx_word' id='word_1_89' title='bbox 750 656 991 708; x_wconf 77' lang='grc' dir='ltr'><strong><em>ἐντόνως</em></strong></span> <span class='ocrx_word' id='word_1_90' title='bbox 1031 656 1120 699; x_wconf 84' lang='grc' dir='ltr'>καὶ</span> <span class='ocrx_word' id='word_1_91' title='bbox 1167 654 1341 730; x_wconf 75' lang='grc' dir='ltr'>ὀρ[γ]ῇ</span> <span class='ocrx_word' id='word_1_92' title='bbox 1379 673 1483 724; x_wconf 87' lang='grc' dir='ltr'>χω-</span> 
     </span>
     <span class='ocr_line' id='line_1_12' title="bbox 70 710 1481 782; baseline 0 -26"><span class='ocrx_word' id='word_1_93' title='bbox 70 717 328 781; x_wconf 66' lang='grc' dir='ltr'><em>ροῦντες,</em></span> <span class='ocrx_word' id='word_1_94' title='bbox 383 712 827 769; x_wconf 77' lang='grc' dir='ltr'><em>Λακεδαιμόνιοι</em></span> <span class='ocrx_word' id='word_1_95' title='bbox 869 714 925 757; x_wconf 81' lang='grc' dir='ltr'>δὲ</span> <span class='ocrx_word' id='word_1_96' title='bbox 965 714 1216 782; x_wconf 80' lang='grc' dir='ltr'><em>βραδέως</em></span> <span class='ocrx_word' id='word_1_97' title='bbox 1255 714 1344 756; x_wconf 84' lang='grc' dir='ltr'>καὶ</span> <span class='ocrx_word' id='word_1_98' title='bbox 1375 710 1481 757; x_wconf 85' lang='grc' dir='ltr'>ὑπὸ</span> 
     </span>
     <span class='ocr_line' id='line_1_13' title="bbox 70 766 1482 840; baseline 0.001 -28"><span class='ocrx_word' id='word_1_99' title='bbox 70 767 324 825; x_wconf 76' lang='grc' dir='ltr'><em>αὐλητῶν</em></span> <span class='ocrx_word' id='word_1_100' title='bbox 377 774 626 825; x_wconf 81' lang='grc' dir='ltr'><em>πολλῶν,</em></span> <span class='ocrx_word' id='word_1_101' title='bbox 687 770 837 840; x_wconf 80' lang='grc' dir='ltr'><em>νόμῳ</em></span> <span class='ocrx_word' id='word_1_102' title='bbox 890 768 1358 839; x_wconf 78' lang='grc' dir='ltr'><em>ἐγκαθεστώτων,</em></span> <span class='ocrx_word' id='word_1_103' title='bbox 1416 766 1482 813; x_wconf 80' lang='grc' dir='ltr'>οὐ</span> 
     </span>
     <span class='ocr_line' id='line_1_14' title="bbox 69 824 1480 900; baseline 0 -30"><span class='ocrx_word' id='word_1_104' title='bbox 69 833 166 870; x_wconf 86' lang='grc' dir='ltr'>τοῦ</span> <span class='ocrx_word' id='word_1_105' title='bbox 210 831 377 870; x_wconf 80' lang='grc' dir='ltr'><em>θείου</em></span> <span class='ocrx_word' id='word_1_106' title='bbox 429 845 618 883; x_wconf 71' lang='grc' dir='ltr'><em>χαοιν,</em></span> <span class='ocrx_word' id='word_1_107' title='bbox 675 824 790 870; x_wconf 77' lang='grc' dir='ltr'><em>ἀλλ’</em></span> <span class='ocrx_word' id='word_1_108' title='bbox 832 829 922 870; x_wconf 74' lang='grc' dir='ltr'><em>ἵνα</em></span> <span class='ocrx_word' id='word_1_109' title='bbox 962 824 1194 900; x_wconf 78' lang='grc' dir='ltr'><strong><em>ὁμαλῶς</em></strong></span> <span class='ocrx_word' id='word_1_110' title='bbox 1215 824 1350 884; x_wconf 81' lang='grc' dir='ltr'><em>μετὰ</em></span> <span class='ocrx_word' id='word_1_111' title='bbox 1390 828 1480 884; x_wconf 81' lang='grc' dir='ltr'>ῥυ-</span> 
     </span>
     <span class='ocr_line' id='line_1_15' title="bbox 68 883 1523 953; baseline -0.001 -25"><span class='ocrx_word' id='word_1_112' title='bbox 68 890 218 940; x_wconf 83' lang='grc' dir='ltr'><em>θμοῦ</em></span> <span class='ocrx_word' id='word_1_113' title='bbox 250 888 548 953; x_wconf 75' lang='grc' dir='ltr'><em>βαίνοντες</em></span> <span class='ocrx_word' id='word_1_114' title='bbox 579 886 962 937; x_wconf 74' lang='grc' dir='ltr'><em>ποοσέλθοιεν</em></span> <span class='ocrx_word' id='word_1_115' title='bbox 995 902 1082 927; x_wconf 85' lang='grc' dir='ltr'>και</span> <span class='ocrx_word' id='word_1_116' title='bbox 1128 883 1226 952; x_wconf 89' lang='grc' dir='ltr'>μὴ</span> <span class='ocrx_word' id='word_1_117' title='bbox 1247 886 1482 928; x_wconf 83' lang='grc' dir='ltr'><em>διασπα-</em></span> <span class='ocrx_word' id='word_1_118' title='bbox 1520 884 1523 887; x_wconf 63' lang='grc'><em>’</em></span> 
     </span>
     <span class='ocr_line' id='line_1_16' title="bbox 70 938 1483 997; baseline -0.001 -13"><span class='ocrx_word' id='word_1_119' title='bbox 70 945 202 984; x_wconf 82' lang='grc' dir='ltr'><em>σθεί</em></span> <span class='ocrx_word' id='word_1_120' title='bbox 217 958 239 995; x_wconf 86' lang='grc' dir='ltr'>η</span> <span class='ocrx_word' id='word_1_121' title='bbox 281 939 471 991; x_wconf 56' lang='lat' dir='ltr'>witois</span> <span class='ocrx_word' id='word_1_122' title='bbox 517 938 543 997; x_wconf 86' lang='grc' dir='ltr'>ἡ</span> <span class='ocrx_word' id='word_1_123' title='bbox 585 941 755 993; x_wconf 79' lang='grc' dir='ltr'>τάξις·</span> <span class='ocrx_word' id='word_1_124' title='bbox 806 939 940 996; x_wconf 78' lang='grc' dir='ltr'><em>ὅπερ</em></span> <span class='ocrx_word' id='word_1_125' title='bbox 982 945 1140 997; x_wconf 81' lang='grc' dir='ltr'><em>φιλεῖ</em></span> <span class='ocrx_word' id='word_1_126' title='bbox 1171 939 1233 984; x_wconf 81' lang='grc' dir='ltr'>τὰ</span> <span class='ocrx_word' id='word_1_127' title='bbox 1272 940 1483 997; x_wconf 73' lang='grc' dir='ltr'><em>μεγάλα</em></span> 
     </span>
     <span class='ocr_line' id='line_1_17' title="bbox 70 989 1222 1053; baseline 0 -13"><span class='ocrx_word' id='word_1_128' title='bbox 70 989 420 1053; x_wconf 67' lang='grc' dir='ltr'><em>ἁτρατόπεὸα</em></span> <span class='ocrx_word' id='word_1_129' title='bbox 453 999 510 1040; x_wconf 82' lang='grc' dir='ltr'><em>ἐν</em></span> <span class='ocrx_word' id='word_1_130' title='bbox 540 1007 657 1049; x_wconf 82' lang='grc' dir='ltr'><em>ταῖς</em></span> <span class='ocrx_word' id='word_1_131' title='bbox 689 998 993 1051; x_wconf 79' lang='grc' dir='ltr'><em>ποοσόδοις</em></span> <span class='ocrx_word' id='word_1_132' title='bbox 1024 1005 1222 1041; x_wconf 81' lang='grc' dir='ltr'><em>ποιεῖν.</em></span> 
     </span>
    </p>
   </div>
   <div class='ocr_carea' id='block_1_3' title="bbox 31 1102 1482 1662">
    <p class='ocr_par' dir='ltr' id='par_1_3' title="bbox 34 1102 1480 1154">
     <span class='ocr_line' id='line_1_18' title="bbox 34 1102 1480 1154; baseline -0.002 -9"><span class='ocrx_word' id='word_1_133' title='bbox 34 1111 56 1145; x_wconf 90' lang='grc'><strong>6</strong></span> <span class='ocrx_word' id='word_1_134' title='bbox 147 1105 366 1143; x_wconf 78' lang='lat' dir='ltr'>Cretenses</span> <span class='ocrx_word' id='word_1_135' title='bbox 388 1116 557 1154; x_wconf 78' lang='lat' dir='ltr'>quoque</span> <span class='ocrx_word' id='word_1_136' title='bbox 575 1104 733 1154; x_wconf 87' lang='lat' dir='ltr'>proelia</span> <span class='ocrx_word' id='word_1_137' title='bbox 750 1103 911 1153; x_wconf 81' lang='lat' dir='ltr'>ingredi</span> <span class='ocrx_word' id='word_1_138' title='bbox 929 1103 1077 1144; x_wconf 90' lang='lat' dir='ltr'>solitos</span> <span class='ocrx_word' id='word_1_139' title='bbox 1097 1102 1322 1143; x_wconf 78' lang='lat' dir='ltr'>memoiIae</span> <span class='ocrx_word' id='word_1_140' title='bbox 1339 1103 1480 1142; x_wconf 82' lang='lat' dir='ltr'>datum</span> 
     </span>
    </p>

    <p class='ocr_par' dir='ltr' id='par_1_4' title="bbox 38 1160 1482 1436">
     <span class='ocr_line' id='line_1_19' title="bbox 38 1160 1481 1210; baseline -0.001 -11"><span class='ocrx_word' id='word_1_141' title='bbox 38 1168 58 1203; x_wconf 86' lang='grc'>7</span> <span class='ocrx_word' id='word_1_142' title='bbox 78 1165 141 1199; x_wconf 84' lang='lat' dir='ltr'>cst</span> <span class='ocrx_word' id='word_1_143' title='bbox 158 1161 424 1210; x_wconf 78' lang='lat' dir='ltr'>praecinente</span> <span class='ocrx_word' id='word_1_144' title='bbox 444 1172 490 1199; x_wconf 81' lang='lat' dir='ltr'>ac</span> <span class='ocrx_word' id='word_1_145' title='bbox 508 1161 855 1210; x_wconf 74' lang='lat' dir='ltr'>praemoderante</span> <span class='ocrx_word' id='word_1_146' title='bbox 874 1160 1029 1200; x_wconf 86' lang='lat' dir='ltr'>cithara</span> <span class='ocrx_word' id='word_1_147' title='bbox 1045 1160 1277 1210; x_wconf 79' lang='lat' dir='ltr'>gressibus.</span> <span class='ocrx_word' id='word_1_148' title='bbox 1338 1160 1481 1210; x_wconf 84' lang='lat' dir='ltr'>Alyat-</span> 
     </span>
     <span class='ocr_line' id='line_1_20' title="bbox 72 1215 1480 1267; baseline 0.001 -12"><span class='ocrx_word' id='word_1_149' title='bbox 72 1222 133 1256; x_wconf 88' lang='lat' dir='ltr'>tes</span> <span class='ocrx_word' id='word_1_150' title='bbox 167 1222 325 1264; x_wconf 80' lang='lat' dir='ltr'>autem‚</span> <span class='ocrx_word' id='word_1_151' title='bbox 359 1229 433 1256; x_wconf 79' lang='lat' dir='ltr'>rex</span> <span class='ocrx_word' id='word_1_152' title='bbox 466 1223 601 1257; x_wconf 79' lang='lat' dir='ltr'>terrae</span> <span class='ocrx_word' id='word_1_153' title='bbox 619 1218 795 1267; x_wconf 74' lang='lat' dir='ltr'>Lydiae,</span> <span class='ocrx_word' id='word_1_154' title='bbox 830 1229 945 1257; x_wconf 87' lang='lat' dir='ltr'>more</span> <span class='ocrx_word' id='word_1_155' title='bbox 976 1223 1102 1266; x_wconf 87' lang='lat' dir='ltr'>atque</span> <span class='ocrx_word' id='word_1_156' title='bbox 1131 1218 1231 1256; x_wconf 86' lang='lat' dir='ltr'>luxu</span> <span class='ocrx_word' id='word_1_157' title='bbox 1262 1215 1480 1256; x_wconf 84' lang='lat' dir='ltr'>barbarico</span> 
     </span>
     <span class='ocr_line' id='line_1_21' title="bbox 70 1273 1480 1322; baseline 0 -11"><span class='ocrx_word' id='word_1_158' title='bbox 70 1273 305 1322; x_wconf 78' lang='lat' dir='ltr'>praeditus,</span> <span class='ocrx_word' id='word_1_159' title='bbox 342 1286 434 1313; x_wconf 89' lang='lat' dir='ltr'>cum</span> <span class='ocrx_word' id='word_1_160' title='bbox 453 1275 604 1313; x_wconf 83' lang='lat' dir='ltr'>bellum</span> <span class='ocrx_word' id='word_1_161' title='bbox 622 1274 793 1313; x_wconf 82' lang='lat' dir='ltr'>Milesiis</span> <span class='ocrx_word' id='word_1_162' title='bbox 821 1275 995 1321; x_wconf 77' lang='lat' dir='ltr'>faceret,</span> <span class='ocrx_word' id='word_1_163' title='bbox 1029 1278 1074 1312; x_wconf 90' lang='lat' dir='ltr'>ut</span> <span class='ocrx_word' id='word_1_164' title='bbox 1099 1273 1402 1313; x_wconf 88' lang='lat' dir='ltr'>Herodotus</span> <span class='ocrx_word' id='word_1_165' title='bbox 1432 1273 1480 1312; x_wconf 91' lang='lat' dir='ltr'>in</span> 
     </span>
     <span class='ocr_line' id='line_1_22' title="bbox 71 1328 1480 1377; baseline 0.001 -9"><span class='ocrx_word' id='word_1_166' title='bbox 71 1329 210 1369; x_wconf 87' lang='lat' dir='ltr'>histo</span> <span class='ocrx_word' id='word_1_167' title='bbox 224 1330 316 1369; x_wconf 79' lang='lat' dir='ltr'>riis</span> <span class='ocrx_word' id='word_1_168' title='bbox 336 1331 478 1377; x_wconf 76' lang='lat' dir='ltr'>tradit,</span> <span class='ocrx_word' id='word_1_169' title='bbox 499 1331 769 1370; x_wconf 79' lang='lat' dir='ltr'>concinentes</span> <span class='ocrx_word' id='word_1_170' title='bbox 787 1330 929 1369; x_wconf 82' lang='lat' dir='ltr'>habuit</span> <span class='ocrx_word' id='word_1_171' title='bbox 947 1330 1202 1370; x_wconf 78' lang='lat' dir='ltr'>fistulatores</span> <span class='ocrx_word' id='word_1_172' title='bbox 1221 1334 1261 1368; x_wconf 89' lang='lat' dir='ltr'>et</span> <span class='ocrx_word' id='word_1_173' title='bbox 1277 1328 1480 1376; x_wconf 86' lang='lat' dir='ltr'>fidicines,</span> 
     </span>
     <span class='ocr_line' id='line_1_23' title="bbox 71 1385 1482 1436; baseline 0 -12"><span class='ocrx_word' id='word_1_174' title='bbox 71 1391 197 1435; x_wconf 84' lang='lat' dir='ltr'>atque</span> <span class='ocrx_word' id='word_1_175' title='bbox 226 1386 398 1425; x_wconf 76' lang='lat' dir='ltr'>feminas</span> <span class='ocrx_word' id='word_1_176' title='bbox 426 1387 545 1425; x_wconf 80' lang='lat' dir='ltr'>ctiam</span> <span class='ocrx_word' id='word_1_177' title='bbox 574 1387 763 1426; x_wconf 79' lang='lat' dir='ltr'>tibicinas</span> <span class='ocrx_word' id='word_1_178' title='bbox 791 1387 830 1426; x_wconf 92' lang='lat' dir='ltr'>in</span> <span class='ocrx_word' id='word_1_179' title='bbox 858 1387 1043 1426; x_wconf 76' lang='lat' dir='ltr'>exercitu</span> <span class='ocrx_word' id='word_1_180' title='bbox 1060 1391 1186 1436; x_wconf 85' lang='lat' dir='ltr'>atque</span> <span class='ocrx_word' id='word_1_181' title='bbox 1203 1385 1243 1425; x_wconf 92' lang='lat' dir='ltr'>in</span> <span class='ocrx_word' id='word_1_182' title='bbox 1263 1385 1482 1436; x_wconf 87' lang='lat' dir='ltr'>procinctu</span> 
     </span>
    </p>

    <p class='ocr_par' dir='ltr' id='par_1_5' title="bbox 31 1442 1481 1662">
     <span class='ocr_line' id='line_1_24' title="bbox 31 1442 1481 1490; baseline -0.002 -6"><span class='ocrx_word' id='word_1_183' title='bbox 31 1442 240 1490; x_wconf 84' lang='lat' dir='ltr'>8habuit‚</span> <span class='ocrx_word' id='word_1_184' title='bbox 290 1444 593 1482; x_wconf 75' lang='lat' dir='ltr'>lasciuientium</span> <span class='ocrx_word' id='word_1_185' title='bbox 640 1443 809 1483; x_wconf 80' lang='lat' dir='ltr'>delicias</span> <span class='ocrx_word' id='word_1_186' title='bbox 859 1443 1161 1483; x_wconf 89' lang='lat' dir='ltr'>conuiuiorum.</span> <span class='ocrx_word' id='word_1_187' title='bbox 1239 1442 1324 1483; x_wconf 87' lang='lat' dir='ltr'>Sed</span> <span class='ocrx_word' id='word_1_188' title='bbox 1372 1442 1481 1482; x_wconf 89' lang='lat' dir='ltr'>enim</span> 
     </span>
     <span class='ocr_line' id='line_1_25' title="bbox 69 1499 1480 1550; baseline 0 -12"><span class='ocrx_word' id='word_1_189' title='bbox 69 1500 266 1539; x_wconf 83' lang='lat' dir='ltr'>Achaeos</span> <span class='ocrx_word' id='word_1_190' title='bbox 299 1501 559 1540; x_wconf 81' lang='lat' dir='ltr'>Homerus</span> <span class='ocrx_word' id='word_1_191' title='bbox 593 1512 773 1550; x_wconf 79' lang='lat' dir='ltr'>pugnam</span> <span class='ocrx_word' id='word_1_192' title='bbox 805 1500 996 1550; x_wconf 85' lang='lat' dir='ltr'>indipisci</span> <span class='ocrx_word' id='word_1_193' title='bbox 1030 1500 1084 1539; x_wconf 81' lang='lat' dir='ltr'>ait</span> <span class='ocrx_word' id='word_1_194' title='bbox 1109 1511 1191 1539; x_wconf 93' lang='lat' dir='ltr'>non</span> <span class='ocrx_word' id='word_1_195' title='bbox 1220 1499 1480 1539; x_wconf 88' lang='lat' dir='ltr'>fidicularum</span> 
     </span>
     <span class='ocr_line' id='line_1_26' title="bbox 70 1555 1480 1606; baseline 0 -12"><span class='ocrx_word' id='word_1_196' title='bbox 70 1556 368 1606; x_wconf 82' lang='lat' dir='ltr'>tibiarumque,</span> <span class='ocrx_word' id='word_1_197' title='bbox 403 1557 478 1597; x_wconf 88' lang='lat' dir='ltr'>sed</span> <span class='ocrx_word' id='word_1_198' title='bbox 505 1557 701 1596; x_wconf 82' lang='lat' dir='ltr'>mentium</span> <span class='ocrx_word' id='word_1_199' title='bbox 727 1557 1043 1606; x_wconf 71' lang='lat' dir='ltr'>animorumque</span> <span class='ocrx_word' id='word_1_200' title='bbox 1074 1561 1282 1596; x_wconf 87' lang='lat' dir='ltr'>concentu</span> <span class='ocrx_word' id='word_1_201' title='bbox 1314 1555 1480 1605; x_wconf 88' lang='lat' dir='ltr'>conspi-</span> 
     </span>
     <span class='ocr_line' id='line_1_27' title="bbox 70 1613 698 1662; baseline 0.002 -10"><span class='ocrx_word' id='word_1_202' title='bbox 70 1617 247 1662; x_wconf 84' lang='lat' dir='ltr'>ratuque</span> <span class='ocrx_word' id='word_1_203' title='bbox 278 1613 403 1653; x_wconf 76' lang='lat' dir='ltr'>tacito</span> <span class='ocrx_word' id='word_1_204' title='bbox 438 1613 698 1653; x_wconf 84' lang='lat' dir='ltr'>nitibnndos:</span> 
     </span>
    </p>
   </div>
   <div class='ocr_carea' id='block_1_4' title="bbox 125 1685 1476 1813">
    <p class='ocr_par' dir='ltr' id='par_1_6' title="bbox 125 1685 1476 1813">
     <span class='ocr_line' id='line_1_28' title="bbox 131 1685 1476 1746; baseline -0.001 -14"><span class='ocrx_word' id='word_1_205' title='bbox 131 1690 199 1732; x_wconf 81' lang='grc' dir='ltr'>Οί</span> <span class='ocrx_word' id='word_1_206' title='bbox 226 1686 269 1732; x_wconf 74' lang='grc' dir='ltr'>θ’</span> <span class='ocrx_word' id='word_1_207' title='bbox 303 1686 387 1742; x_wconf 70' lang='grc' dir='ltr'>ἄρ’</span> <span class='ocrx_word' id='word_1_208' title='bbox 413 1693 542 1731; x_wconf 77' lang='grc' dir='ltr'><em>ἴσαν</em></span> <span class='ocrx_word' id='word_1_209' title='bbox 573 1692 702 1746; x_wconf 75' lang='grc' dir='ltr'>σιγῇ</span> <span class='ocrx_word' id='word_1_210' title='bbox 734 1690 903 1744; x_wconf 81' lang='grc' dir='ltr'><em>μένεα</em></span> <span class='ocrx_word' id='word_1_211' title='bbox 934 1690 1227 1740; x_wconf 83' lang='grc' dir='ltr'><em>πνείοντες</em></span> <span class='ocrx_word' id='word_1_212' title='bbox 1248 1685 1476 1743; x_wconf 72' lang='grc' dir='ltr'><em>Ἀχαιοί,</em></span> 
     </span>
     <span class='ocr_line' id='line_1_29' title="bbox 125 1752 1375 1813; baseline 0 -16"><span class='ocrx_word' id='word_1_213' title='bbox 125 1752 203 1798; x_wconf 82' lang='grc' dir='ltr'><em>Ἐν</em></span> <span class='ocrx_word' id='word_1_214' title='bbox 232 1759 393 1813; x_wconf 76' lang='grc' dir='ltr'><em>θυμῷ</em></span> <span class='ocrx_word' id='word_1_215' title='bbox 423 1759 705 1811; x_wconf 74' lang='grc' dir='ltr'><em>μεμαῶτες</em></span> <span class='ocrx_word' id='word_1_216' title='bbox 737 1753 1003 1811; x_wconf 72' lang='grc' dir='ltr'><em>ἀλεξέμεν</em></span> <span class='ocrx_word' id='word_1_217' title='bbox 1033 1753 1375 1810; x_wconf 78' lang='grc' dir='ltr'><em>ἀλλήλοισιν.</em></span> 
     </span>
    </p>
   </div>
   <div class='ocr_carea' id='block_1_5' title="bbox 36 1849 1610 1957">
    <p class='ocr_par' dir='ltr' id='par_1_7' title="bbox 36 1841 1610 1957">
     <span class='ocr_line' id='line_1_30' title="bbox 36 1849 1610 1904; baseline -0.001 -14"><span class='ocrx_word' id='word_1_218' title='bbox 36 1860 59 1896; x_wconf 83' lang='grc'>9</span> <span class='ocrx_word' id='word_1_219' title='bbox 162 1850 266 1900; x_wconf 79' lang='lat' dir='ltr'>Quid</span> <span class='ocrx_word' id='word_1_220' title='bbox 291 1850 356 1889; x_wconf 88' lang='lat' dir='ltr'>ille</span> <span class='ocrx_word' id='word_1_221' title='bbox 382 1852 470 1889; x_wconf 89' lang='lat' dir='ltr'>uult</span> <span class='ocrx_word' id='word_1_222' title='bbox 485 1849 801 1891; x_wconf 86' lang='lat' dir='ltr'>ardentissimus</span> <span class='ocrx_word' id='word_1_223' title='bbox 821 1853 978 1891; x_wconf 87' lang='lat' dir='ltr'>clamor</span> <span class='ocrx_word' id='word_1_224' title='bbox 994 1850 1163 1890; x_wconf 78' lang='lat' dir='ltr'>militum</span> <span class='ocrx_word' id='word_1_225' title='bbox 1179 1850 1480 1904; x_wconf 83' lang='lat' dir='ltr'>Romanorum,</span> <span class='ocrx_word' id='word_1_226' title='bbox 1604 1871 1610 1888; x_wconf 51' lang='lat' dir='ltr'>r.</span> 
     </span>
     <span class='ocr_line' id='line_1_31' title="bbox 76 1905 1608 1957; baseline -0.001 -11"><span class='ocrx_word' id='word_1_227' title='bbox 76 1919 200 1957; x_wconf 87' lang='lat' dir='ltr'>quem</span> <span class='ocrx_word' id='word_1_228' title='bbox 217 1907 256 1945; x_wconf 92' lang='lat' dir='ltr'>in</span> <span class='ocrx_word' id='word_1_229' title='bbox 276 1907 574 1956; x_wconf 79' lang='lat' dir='ltr'>congressibus</span> <span class='ocrx_word' id='word_1_230' title='bbox 592 1907 846 1956; x_wconf 86' lang='lat' dir='ltr'>proeliorum</span> <span class='ocrx_word' id='word_1_231' title='bbox 865 1908 954 1947; x_wconf 84' lang='lat' dir='ltr'>fieri</span> <span class='ocrx_word' id='word_1_232' title='bbox 971 1907 1139 1947; x_wconf 89' lang='lat' dir='ltr'>solitum</span> <span class='ocrx_word' id='word_1_233' title='bbox 1164 1905 1393 1956; x_wconf 85' lang='lat' dir='ltr'>scriptores</span> <span class='ocrx_word' id='word_1_234' title='bbox 1411 1917 1480 1945; x_wconf 87' lang='lat' dir='ltr'>an-</span> <span class='ocrx_word' id='word_1_235' title='bbox 1604 1918 1608 1923; x_wconf 92' lang='lat'>·</span> 
     </span>
    </p>
   </div>
   <div class='ocr_carea' id='block_1_6' title="bbox 74 1962 1530 2286">
    <p class='ocr_par' dir='ltr' id='par_1_8' title="bbox 74 1962 1530 2286">
     <span class='ocr_line' id='line_1_32' title="bbox 74 1962 1530 2012; baseline 0 -10"><span class='ocrx_word' id='word_1_236' title='bbox 74 1965 225 2002; x_wconf 86' lang='lat' dir='ltr'>nalium</span> <span class='ocrx_word' id='word_1_237' title='bbox 259 1964 572 2003; x_wconf 84' lang='lat' dir='ltr'>memorauere?</span> <span class='ocrx_word' id='word_1_238' title='bbox 634 1969 833 2003; x_wconf 82' lang='lat' dir='ltr'>contrane</span> <span class='ocrx_word' id='word_1_239' title='bbox 864 1964 1094 2004; x_wconf 89' lang='lat' dir='ltr'>institutum</span> <span class='ocrx_word' id='word_1_240' title='bbox 1127 1963 1253 2002; x_wconf 84' lang='lat' dir='ltr'>fiebat</span> <span class='ocrx_word' id='word_1_241' title='bbox 1282 1962 1478 2012; x_wconf 81' lang='lat' dir='ltr'>antiquae</span> <span class='ocrx_word' id='word_1_242' title='bbox 1520 1963 1530 2010; x_wconf 75' lang='lat'>5?</span> 
     </span>
     <span class='ocr_line' id='line_1_33' title="bbox 75 2018 1527 2070; baseline 0 -12"><span class='ocrx_word' id='word_1_243' title='bbox 75 2020 319 2070; x_wconf 84' lang='lat' dir='ltr'>disciplinae</span> <span class='ocrx_word' id='word_1_244' title='bbox 336 2026 419 2059; x_wconf 86' lang='lat' dir='ltr'>tam</span> <span class='ocrx_word' id='word_1_245' title='bbox 438 2020 682 2070; x_wconf 85' lang='lat' dir='ltr'>probabile?</span> <span class='ocrx_word' id='word_1_246' title='bbox 710 2033 760 2060; x_wconf 85' lang='lat' dir='ltr'>an</span> <span class='ocrx_word' id='word_1_247' title='bbox 778 2025 864 2060; x_wconf 90' lang='lat' dir='ltr'>tum</span> <span class='ocrx_word' id='word_1_248' title='bbox 882 2025 922 2060; x_wconf 91' lang='lat' dir='ltr'>et</span> <span class='ocrx_word' id='word_1_249' title='bbox 938 2020 1072 2070; x_wconf 84' lang='lat' dir='ltr'>gradu</span> <span class='ocrx_word' id='word_1_250' title='bbox 1090 2018 1281 2059; x_wconf 85' lang='lat' dir='ltr'>clementi</span> <span class='ocrx_word' id='word_1_251' title='bbox 1299 2023 1340 2058; x_wconf 89' lang='lat' dir='ltr'>et</span> <span class='ocrx_word' id='word_1_252' title='bbox 1357 2019 1478 2059; x_wconf 84' lang='lat' dir='ltr'>sileri·</span> <span class='ocrx_word' id='word_1_253' title='bbox 1523 2025 1527 2030; x_wconf 86' lang='grc'>·</span> 
     </span>
     <span class='ocr_line' id='line_1_34' title="bbox 74 2076 1524 2127; baseline 0.001 -12"><span class='ocrx_word' id='word_1_254' title='bbox 74 2076 131 2115; x_wconf 89' lang='lat' dir='ltr'>tio</span> <span class='ocrx_word' id='word_1_255' title='bbox 152 2082 217 2115; x_wconf 89' lang='lat' dir='ltr'>est</span> <span class='ocrx_word' id='word_1_256' title='bbox 234 2088 353 2126; x_wconf 86' lang='lat' dir='ltr'>opus,</span> <span class='ocrx_word' id='word_1_257' title='bbox 375 2088 466 2115; x_wconf 91' lang='lat' dir='ltr'>cum</span> <span class='ocrx_word' id='word_1_258' title='bbox 486 2078 539 2116; x_wconf 84' lang='lat' dir='ltr'>ad</span> <span class='ocrx_word' id='word_1_259' title='bbox 556 2078 719 2116; x_wconf 83' lang='lat' dir='ltr'>hostem</span> <span class='ocrx_word' id='word_1_260' title='bbox 736 2078 815 2116; x_wconf 90' lang='lat' dir='ltr'>itur</span> <span class='ocrx_word' id='word_1_261' title='bbox 831 2077 871 2116; x_wconf 90' lang='lat' dir='ltr'>in</span> <span class='ocrx_word' id='word_1_262' title='bbox 891 2081 1120 2127; x_wconf 87' lang='lat' dir='ltr'>conspectu</span> <span class='ocrx_word' id='word_1_263' title='bbox 1136 2076 1364 2126; x_wconf 80' lang='lat' dir='ltr'>longinquo</span> <span class='ocrx_word' id='word_1_264' title='bbox 1382 2087 1478 2127; x_wconf 88' lang='lat' dir='ltr'>pro·</span> <span class='ocrx_word' id='word_1_265' title='bbox 1521 2086 1524 2090; x_wconf 88' lang='lat'>·</span> 
     </span>
     <span class='ocr_line' id='line_1_35' title="bbox 77 2132 1479 2184; baseline 0 -13"><span class='ocrx_word' id='word_1_266' title='bbox 77 2134 143 2172; x_wconf 89' lang='lat' dir='ltr'>cul</span> <span class='ocrx_word' id='word_1_267' title='bbox 160 2132 392 2180; x_wconf 81' lang='lat' dir='ltr'>distantem,</span> <span class='ocrx_word' id='word_1_268' title='bbox 412 2145 505 2172; x_wconf 91' lang='lat' dir='ltr'>cum</span> <span class='ocrx_word' id='word_1_269' title='bbox 521 2145 622 2173; x_wconf 89' lang='lat' dir='ltr'>uero</span> <span class='ocrx_word' id='word_1_270' title='bbox 641 2145 774 2184; x_wconf 82' lang='lat' dir='ltr'>prope</span> <span class='ocrx_word' id='word_1_271' title='bbox 791 2135 843 2173; x_wconf 85' lang='lat' dir='ltr'>ad</span> <span class='ocrx_word' id='word_1_272' title='bbox 860 2144 1006 2173; x_wconf 85' lang='lat' dir='ltr'>manus</span> <span class='ocrx_word' id='word_1_273' title='bbox 1023 2139 1193 2174; x_wconf 88' lang='lat' dir='ltr'>uentum</span> <span class='ocrx_word' id='word_1_274' title='bbox 1211 2137 1287 2182; x_wconf 86' lang='lat' dir='ltr'>est,</span> <span class='ocrx_word' id='word_1_275' title='bbox 1300 2137 1384 2173; x_wconf 90' lang='lat' dir='ltr'>tum</span> <span class='ocrx_word' id='word_1_276' title='bbox 1399 2132 1479 2171; x_wconf 85' lang='lat' dir='ltr'>iam</span> 
     </span>
     <span class='ocr_line' id='line_1_36' title="bbox 78 2189 1479 2241; baseline 0 -13"><span class='ocrx_word' id='word_1_277' title='bbox 78 2201 100 2228; x_wconf 90' lang='lat' dir='ltr'>e</span> <span class='ocrx_word' id='word_1_278' title='bbox 123 2189 360 2239; x_wconf 83' lang='lat' dir='ltr'>propinquo</span> <span class='ocrx_word' id='word_1_279' title='bbox 386 2190 519 2229; x_wconf 88' lang='lat' dir='ltr'>hostis</span> <span class='ocrx_word' id='word_1_280' title='bbox 548 2196 587 2229; x_wconf 87' lang='lat' dir='ltr'>et</span> <span class='ocrx_word' id='word_1_281' title='bbox 603 2190 758 2240; x_wconf 87' lang='lat' dir='ltr'>impetu</span> <span class='ocrx_word' id='word_1_282' title='bbox 782 2191 1094 2241; x_wconf 78' lang='lat' dir='ltr'>propulsandus</span> <span class='ocrx_word' id='word_1_283' title='bbox 1120 2194 1161 2230; x_wconf 86' lang='lat' dir='ltr'>et</span> <span class='ocrx_word' id='word_1_284' title='bbox 1187 2190 1370 2230; x_wconf 86' lang='lat' dir='ltr'>clamore</span> <span class='ocrx_word' id='word_1_285' title='bbox 1398 2193 1479 2229; x_wconf 84' lang='lat' dir='ltr'>ter-</span> 
     </span>
     <span class='ocr_line' id='line_1_37' title="bbox 78 2246 355 2286; baseline -0.004 -1"><span class='ocrx_word' id='word_1_286' title='bbox 78 2246 233 2286; x_wconf 86' lang='lat' dir='ltr'>rendus</span> <span class='ocrx_word' id='word_1_287' title='bbox 266 2248 355 2286; x_wconf 87' lang='lat' dir='ltr'>est?</span> 
     </span>
    </p>
   </div>
   <div class='ocr_carea' id='block_1_7' title="bbox 1484 0 1619 2476">
    <p class='ocr_par' dir='ltr' id='par_1_9' title="bbox 1484 0 1619 2476">
     <span class='ocr_line' id='line_1_38' title="bbox 1484 0 1619 2476; baseline 0 0"><span class='ocrx_word' id='word_1_288' title='bbox 1484 0 1619 2476; x_wconf 95' lang='lat' dir='ltr'> </span> 
     </span>
    </p>
   </div>
  </div>
 </body>
</html>
