1635 2492
628 33 720 73 XV.
738 44 809 72 vu.
822 44 913 72 vm.
1392 31 1472 74 131

0 151 1 154 ’
39 184 43 187 .
63 153 132 189 tae
155 159 308 188 annum
333 157 426 187 cum
448 146 638 197 periculo
659 151 701 186 et
719 147 838 187 clade
863 145 1001 197 aliqua
1024 145 1169 186 uenire
1192 152 1263 187 aut
1281 146 1472 198 corporis

0 194 2 227 †
64 203 283 255 morbique
297 202 504 255 grauioris
526 208 598 245 aut
611 202 722 244 uitae
745 202 934 243 interitus
959 207 1030 243 aut
1046 202 1169 243 animi
1187 204 1471 254 aegritudinis.

62 263 312 313 Propterea,
336 260 407 311 qui
426 271 565 301 rerum
586 261 897 311 uerborumque
914 260 1152 301 istiusmodi
1169 260 1308 302 studio
1333 266 1473 301 tenen-
1490 268 1512 302 2

61 324 141 368 tur,
175 329 271 359 eum
287 317 434 358 aetatis
453 329 608 358 annum
624 319 834 369 appellant
854 320 866 340 ³
881 313 1232 370 κλιμακτηρικόν
1243 321 1271 357 ’.

148 376 280 416 Nocte
317 386 488 425 quoque
521 375 602 415 ista
638 374 830 425 proxima
868 374 1110 426 superiore,
1159 386 1252 415 cum
1285 375 1352 415 lib
1366 386 1473 415 rum
1490 382 1514 416 3

63 432 410 484 epistularum
435 430 801 482 diuiAugusti,
823 443 926 482 quas
951 433 1013 471 ad
1032 431 1206 472 Gaium
1231 436 1474 483 nepotem

63 501 84 530 s
97 501 210 530 uum
231 487 417 540 scripsit,
435 489 670 539 legeremus
689 489 1023 540 duceremurque
1048 489 1252 539 elegantia
1272 488 1472 529 orationis

63 557 202 597 neque
224 556 396 586 morosa
419 557 556 596 neque
574 545 717 595 anxia,
748 546 825 587 sed
847 546 953 586 sacili
975 547 1114 586 hercle
1136 550 1177 585 et
1202 545 1398 596 simplici,
1432 544 1476 584 id

62 602 200 654 ipsum
217 602 257 642 in
278 603 459 653 quadam
479 602 656 654 epistula
673 614 802 655 super
824 604 975 644 eodem
991 614 1099 643 anno
1119 602 1321 654 scriptum
1344 602 1475 643 ofsen-

64 659 221 708 dimus;
252 658 427 709 eiusque
446 658 650 710 epistulae
667 662 904 711 exemplum
923 661 1003 700 hoc
1026 665 1110 699 est:

121 740 245 779 VIIII.
278 740 384 780 Kal.
419 739 449 780 Ο
465 739 682 780 ctobris.

62 832 192 879 Aue,
222 829 410 878 miGai,
441 841 586 870 meus
614 832 817 871 asellus
841 830 1292 880 iucundissimus,
1326 843 1475 882 quem
1521 860 1529 867 -

64 897 278 938 semper
303 886 697 934 mediusfidius
730 887 1010 937 desidero,
1043 900 1152 929 cum
1179 900 1203 928 a
1233 900 1306 928 me
1339 889 1473 929 abes.

64 943 151 984 Set
174 943 469 995 praecipue
493 943 679 984 diebus
703 944 926 993 talibus,
961 944 1131 994 qualis
1158 951 1237 986 est
1267 946 1475 985 hodier-

63 1012 174 1049 nus,
224 1000 362 1042 oculi
401 1000 500 1041 mei
538 1000 814 1052 requirunt
852 1013 1017 1042 meum
1058 1001 1257 1051 Gaium,
1306 1013 1474 1052 quem,

62 1056 373 1108 ubicumque
409 1058 506 1097 hoc
532 1057 615 1097 die
648 1057 818 1107 fuisti,
859 1069 1013 1109 spero
1045 1060 1242 1099 laetum
1271 1064 1321 1098 et
1347 1059 1475 1099 bene

62 1115 322 1154 ualentem
355 1114 667 1155 celebrasse
697 1120 936 1165 quartum
967 1120 1018 1155 et
1048 1115 1476 1166 sexagensimum

64 1172 296 1211 natalem
322 1181 496 1211 meum.
536 1172 673 1220 Nam,
695 1171 934 1220 utuides,
967 1172 1312 1224 κλιμακτῆρα
1339 1183 1474 1212 com-

64 1238 265 1268 munem
301 1227 570 1268 seniorum
619 1228 840 1269 omnium
881 1228 1090 1269 tertium
1127 1235 1176 1268 et
1217 1240 1474 1279 sexagen-

64 1284 244 1325 simum
279 1295 463 1324 annum
508 1284 788 1325 euasimus.
863 1287 1003 1325 Deos
1045 1291 1215 1325 autem
1256 1297 1375 1333 oro,
1423 1290 1476 1326 ut

64 1346 543 1392 quantumcumque
589 1347 839 1393 superest
885 1342 1167 1393 temporis,
1215 1342 1267 1382 id
1306 1342 1474 1383 saluis

59 1397 212 1439 nobis
242 1398 538 1438 traducere
571 1398 735 1439 liceat
768 1399 816 1439 in
862 1404 1005 1440 statu
1037 1399 1369 1450 reipublicae
1402 1400 1474 1439 fe-

63 1454 347 1503 licissimo,
392 1448 924 1507 ἆνδραγαθούντων
959 1450 1112 1508 ὑμῶν
1153 1452 1241 1496 καὶ
1285 1453 1475 1496 διαδε-

62 1507 314 1565 χομένων
345 1510 626 1552 stationem
658 1523 828 1552 meam.

721 1624 824 1665 VIII.

63 1706 186 1743 Locus
207 1716 256 1742 ex
276 1705 445 1742 oratione
466 1705 664 1749 Fauorini,
696 1708 834 1742 ueteris
866 1706 1047 1749 oratoris,
1081 1705 1127 1741 de
1152 1717 1331 1743 cenarum
1363 1711 1473 1755 atque

120 1763 291 1799 luxuriae
315 1763 605 1810 obprobratione
620 1791 629 1806 ‚
660 1773 733 1808 qua
756 1774 847 1799 usus
875 1768 950 1800 cst.
976 1773 1061 1798 cum
1083 1763 1206 1809 legem
1224 1763 1403 1800 Liciniam
1426 1764 1473 1800 de

121 1823 273 1867 sumptu
293 1818 498 1855 minuendo
521 1820 652 1855 suasit.

150 1908 251 1946 Cum
268 1907 503 1957 legeremus
523 1906 754 1947 orationem
773 1911 956 1947 ueterem
975 1908 1004 1947 F
1015 1919 1038 1946 a
1052 1919 1078 1947 u
1091 1907 1243 1955 orini‚
1267 1920 1351 1950 non
1372 1907 1474 1948 indi·
1493 1916 1511 1950 l

64 1962 164 2003 serti
179 1962 366 2013 uiri,qua
382 1963 570 2005 oratione
583 1967 702 2012 [usus
722 1968 796 2010 est7
819 1974 912 2003 cum
930 1965 1063 2014 legem
1074 1964 1270 2004 Liciniam
1288 1965 1340 2004 de
1363 1977 1472 2005 sum-

63 2022 136 2068 ptu
147 2020 372 2061 minuendo
391 2020 535 2069 suasit,
555 2024 627 2068 ....]
640 2025 784 2067 totum,
804 2024 848 2059 ut
870 2020 1108 2061 meminisse
1129 2032 1354 2072 possemus
1373 2021 1470 2063 odio

58 2075 161 2117 'esse
187 2077 328 2117 hercle
349 2076 584 2117 istiusmodi
616 2082 806 2126 sumptus
832 2082 957 2126 atque
980 2077 1136 2126 uictus,
1159 2077 1480 2128 perdidicimus:

61 2133 205 2174 Verba
220 2133 337 2182 haec,
363 2144 470 2184 quae
491 2133 778 2184 adposuimus,
798 2134 898 2173 Fau
910 2145 932 2174 o
944 2133 1042 2173 rini
1062 2140 1177 2174 sunt:
1206 2136 1266 2174 Pr
1278 2146 1300 2173 a
1313 2136 1391 2175 ese
1403 2136 1470 2175 cti
1487 2144 1509 2177 2

0 2232 6 2246 s
43 2189 293 2246 „popinae
331 2194 488 2241 atque
529 2190 771 2231 luxuriae
821 2195 1013 2241 negant
1058 2202 1236 2231 cenam
1278 2192 1470 2232 lautam

0 2255 14 2290 ,’
65 2256 202 2295 esse,
227 2245 346 2291 nisi.
380 2257 490 2286 cum
514 2246 881 2287 lubentissime
909 2246 1041 2296 edis,
1067 2252 1171 2288 tum
1199 2249 1471 2289 auferatur

1206 2303 1264 2345 9*
