1619 2476
109 49 163 91 14
714 52 764 89 X.
785 61 854 89 xv,

771 161 860 202 XV.

106 243 159 280 De
186 244 348 280 flaminis
388 243 505 279 Dialis
542 242 662 289 deque
703 241 915 279 flaminicae
954 243 1200 288 caerimonis3
1241 242 1431 291 uerbaque
1465 253 1512 279 ex

167 300 288 336 edicto
310 301 495 347 praetoris
519 300 715 346 apposita,
750 300 883 345 quibus
905 298 1014 343 dicit,
1050 310 1125 335 non
1146 303 1362 336 coacturum
1391 309 1432 335 se
1463 299 1511 335 ad

164 357 362 393 iurandum
383 368 503 403 neque
526 356 692 403 uirgines
718 356 858 391 Vestae
882 365 1004 402 neque
1020 355 1176 392 Dialem.

70 449 87 481 l
193 437 472 479 Caerimoniae
497 438 714 488 impositae
740 438 892 478 flamini
912 438 1015 478 Diali
1046 440 1216 485 multae,
1253 437 1350 477 item
1371 444 1511 480 castus

107 495 379 544 multiplices,
412 506 519 544 quos
540 495 579 534 in
607 494 781 542 libris,
814 494 883 544 qui
917 496 975 534 de
1005 493 1388 534 sacerdotibus
1418 507 1511 545 pu-

107 551 266 592 blicis
294 551 511 601 compositi
537 557 650 598 sunt,
686 551 782 590 item
811 551 851 590 in
873 550 1024 590 Fabii
1051 549 1284 590 Pictoris
1314 550 1511 591 librorum

69 616 90 648 2
107 608 275 659 primo
299 607 477 657 scriptos
500 607 694 656 legimus,
718 608 829 646 unde
849 607 950 646 haec
973 608 1100 646 Ferme
1123 611 1239 654 sunt,
1273 617 1379 656 quae
1402 618 1511 647 com-

50 663 399 706 3.4meminimus:
447 665 565 713 Equo
591 663 748 702 Dialem
786 663 993 702 flaminem
1030 663 1126 702 uehi
1160 662 1302 712 religio
1340 667 1404 702 est
1438 667 1509 713 [et]

109 725 120 743 θ
136 722 312 760 classem
334 719 613 769 procinctam’
639 724 755 758 extra
777 719 1029 769 pomerium,
1055 719 1097 758 id
1118 724 1182 759 est
1202 718 1428 758 exercitum
1449 731 1510 759 ar·

108 782 282 824 matum,
315 776 482 823 uidere3
520 775 674 815 idcirco
702 781 888 815 rarenter
909 775 1058 814 flamen
1081 775 1204 815 Dialis
1227 780 1390 815 creatus
1415 787 1510 816 con-

68 841 88 873 5
107 833 170 873 331
193 837 268 880 631,
296 843 388 871 cum
411 832 517 871 bella
543 832 783 872 consulibus
807 832 1127 880 mandabantur3
1151 831 1248 871 item
1266 831 1401 871 iurare
1421 832 1511 872 Dia-

70 895 89 930 6
108 890 187 928 lem
218 890 277 927 fas
301 899 523 938 numquam
553 894 634 935 est3
669 889 765 927 item
793 890 914 928 anulo
947 888 1005 927 uti
1033 888 1111 928 nisi
1134 888 1278 938 peruio
1303 899 1512 938 cassoque

75 947 170 984 7133
191 956 274 984 non
297 950 373 984 631.
419 946 558 994 Ignem
581 956 603 984 e
627 944 852 993 ξ113311313’,
878 945 918 983 id
940 949 1004 984 est
1024 944 1198 984 flaminis
1220 944 1345 984 Dialis
1370 945 1509 992 domo,

67 1001 184 1042 83131
218 1011 380 1040 sacrum
413 1001 551 1040 efferri
573 1000 636 1041 ius
669 1013 752 1040 non
778 1006 842 1041 est
853 1015 862 1048 ;
901 1000 1101 1049 uinctum,
1138 1001 1173 1040 31
1193 1001 1320 1041 36(163
1343 1001 1431 1041 6133
1454 1001 1512 1040 in·

108 1057 286 1104 troierit,
318 1057 426 1097 solui
454 1068 676 1097 necessum
708 1063 771 1096 est
792 1063 832 1097 et
850 1057 1014 1097 uincula
1035 1069 1110 1108 per
1129 1057 1370 1107 impluuium
1392 1057 1433 1096 in
1454 1062 1511 1096 te·

73 1115 224 1163 933133
248 1113 423 1153 subduci
453 1119 576 1163 atque
608 1114 703 1153 inde
730 1115 841 1154 roras
870 1114 910 1153 in
940 1113 1050 1153 uiam
1073 1114 1242 1155 demitti.
1289 1114 1451 1154 Nodum
1470 1115 1512 1152 in

51 1178 94 1211 10
107 1170 223 1220 apice
257 1181 392 1219 neque
424 1170 463 1209 in
495 1171 629 1209 cinctu
663 1181 799 1219 neque
827 1170 867 1209 in
891 1170 969 1209 alia
999 1175 1116 1220 parte
1145 1171 1272 1210 ullum
1299 1170 1443 1218 habet3
1476 1168 1512 1209 si

109 1226 199 1276 quis
237 1227 289 1264 ad
325 1227 628 1266 uerberandum
663 1227 854 1276 ducatur,
892 1226 928 1266 si
959 1227 1012 1265 ad
1047 1227 1179 1277 pedes
1211 1226 1300 1266 eius
1332 1227 1512 1276 supplex

51 1291 92 1323 ll
108 1282 396 1331 procubuerit,
426 1294 474 1322 eo
500 1283 565 1322 die
587 1283 797 1322 uerberari
824 1283 1030 1332 piaculum
1056 1287 1132 1322 631.
1195 1281 1392 1331 Capillum
1421 1281 1511 1321 Dia-

50 1338 179 1385 12113,
211 1338 289 1377 3131
313 1338 383 1387 qui
402 1338 505 1377 liber
526 1340 651 1378 homo
675 1344 756 1385 631,
788 1349 870 1377 303
894 1339 1099 1377 (16103361.
1163 1338 1336 1387 Capram
1359 1342 1399 1377 et
1426 1348 1511 1376 ear-

107 1405 202 1433 nem
222 1394 427 1434 incoctam
452 1399 491 1433 61
510 1395 706 1433 hederam
732 1398 771 1433 61
795 1394 929 1433 sabam
947 1404 1084 1443 neque
1103 1399 1275 1444 tangere
1295 1393 1398 1434 Diali
1418 1405 1510 1434 mos

51 1456 94 1491 13
112 1455 175 1490 631
205 1461 340 1500 neque
372 1449 597 1490 nominare.
657 1450 910 1500 Propagines
948 1461 969 1489 e
1005 1450 1152 1489 uitibus
1182 1450 1301 1490 altius
1322 1454 1512 1501 praeten-

52 1512 171 1547 14tas
198 1518 281 1546 non
305 1506 503 1546 succedit.
564 1507 697 1546 Pedes
715 1507 827 1555 lecti,
852 1506 891 1546 in
916 1518 997 1556 quo
1025 1507 1165 1555 cubat,
1190 1507 1276 1546 luto
1299 1506 1413 1546 tenui
1437 1506 1510 1546 cir-

109 1562 297 1603 cumlitos
326 1574 421 1603 esse
450 1567 616 1614 oportet
646 1568 686 1602 et
715 1563 765 1602 de
797 1573 846 1603 eo
878 1565 984 1602 lecto
1008 1562 1244 1602 trinoctium
1272 1562 1510 1603 continuum
1573 1612 1577 1613 ⁷

106 1631 190 1660 non
219 1620 396 1659 decubat
417 1631 553 1670 neque
576 1619 616 1658 in
641 1630 690 1659 eo
715 1621 822 1659 lecto
847 1620 999 1659 cubare
1025 1623 1194 1669 ne[que]
1217 1618 1340 1658 alium
1362 1620 1424 1658 fas
1447 1622 1513 1658 est

107 1687 242 1725 neque
281 1680 396 1727 [aput
426 1705 589 1718 .....
594 1680 623 1724 ].
663 1678 779 1726 Aput
818 1676 905 1716 eius
946 1675 1041 1715 lecti
1080 1676 1255 1715 fulcrum
1297 1675 1511 1725 capsulam

55 1740 93 1773 15
110 1743 205 1772 6336
232 1744 324 1772 cum
345 1738 459 1772 strue
480 1738 605 1783 atque
631 1733 733 1772 ferto
764 1737 941 1782 oportet.
1000 1731 1209 1781 Vnguium
1232 1730 1357 1770 Dialis
1381 1735 1422 1769 et
1447 1741 1511 1770 ca-

52 1795 95 1831 16
107 1789 192 1839 pilli
213 1789 398 1839 segmina
419 1790 562 1829 subter
583 1789 774 1828 arborem
794 1789 952 1828 felicem
974 1793 1085 1827 terra
1102 1786 1356 1837 operiuntur.
1385 1786 1510 1827 Dialis

53 1851 94 1886 17
113 1845 264 1885 cotidie
288 1845 455 1886 feriatus
487 1851 563 1885 est.
626 1845 723 1885 Sine
754 1845 872 1895 apice
901 1846 977 1884 sub
1003 1843 1097 1884 diuo
1130 1854 1224 1882 esse
1252 1842 1405 1883 licitum
1427 1854 1511 1883 non

110 1907 185 1940 est.

195 1958 278 1997 Sub
302 1963 412 1998 tecto
431 1957 490 1998 uti
509 1958 667 2006 liceret,
698 1969 781 1998 non
801 1958 962 2008 pridem
984 1968 1008 1996 a
1027 1955 1292 2006 pontificibus
1314 1955 1511 1996 constitu-

55 2019 205 2062 18tum‚
227 2015 489 2054 Masurius
514 2014 738 2055 Sabinus
761 2014 926 2054 scribsit
952 2017 992 2053 61
1013 2012 1090 2051 3113
1110 2013 1312 2062 quaedam
1337 2011 1511 2053 remissa

112 2071 325 2120 gratiaque
348 2071 505 2121 aliquot
525 2071 865 2111 caerimoniarum
886 2072 992 2109 facta
1014 2069 1174 2108 dicitur.

57 2130 99 2165 19
193 2127 381 2166 Farinam
429 2129 630 2168 fermento
672 2127 854 2166 inbutam
892 2125 1103 2175 adtingere
1138 2125 1174 2164 ei
1208 2127 1270 2165 sas
1309 2136 1394 2165 non
1431 2128 1512 2163 est:

55 2186 99 2219 20
112 2181 266 2221 Tunica
291 2183 449 2231 intima,
485 2184 564 2224 nisi
590 2184 629 2223 in
660 2184 762 2223 locis
791 2183 932 2230 tectis,
970 2192 1054 2221 non
1087 2182 1200 2222 exuit
1219 2193 1288 2229 36,
1325 2185 1407 2229 [36]
1431 2180 1509 2220 sub

55 2242 92 2276 21
115 2240 249 2285 caelo,
287 2244 494 2289 tamquam
521 2242 596 2281 sub
622 2240 751 2281 oculis
778 2239 910 2287 louis,
938 2238 1074 2278 nudus
1100 2239 1164 2278 sit.
1226 2238 1361 2288 Super
1382 2235 1508 2277 flami-
