1635 2492
27 56 30 61 ,
63 0 291 79 ζῶςῧ
375 11 379 17 ’
394 9 409 43 ‘f
571 19 701 60 XVII.
717 31 788 59 xv.
808 30 895 60 xv1.
913 31 1013 60 xvn.
1422 19 1504 62 191

32 135 48 188 f
75 134 77 139 ⁴
137 131 363 178 Praeterea
386 134 598 185 scriptum
613 133 811 183 legimus,
845 134 986 174 Gallos
1015 133 1056 173 in
1075 134 1296 174 uenatibus
1315 134 1505 185 tinguere
1522 140 1543 177 7

81 193 268 234 elleboro
287 190 461 242 sagittas
474 224 483 240 ,
517 190 634 240 quod
658 190 722 230 his
738 191 845 230 ictae
862 190 1124 230 exanimatae
1143 192 1256 231 ferae
1272 191 1507 233 teneriores

81 249 136 290 ad
158 249 308 301 epulas
331 248 454 297 fiant;
488 248 566 288 sed
589 251 765 299 propter
787 247 960 288 ellebori
987 248 1228 299 contagium
1258 250 1434 289 uulnera
1454 259 1508 288 ex

28 328 36 358 3
80 305 245 358 sagittis
271 306 380 346 sacta
398 304 698 346 circumcidere
716 304 837 344 latius
857 304 1065 345 dicuntur.

20 372 56 400 ss

15 426 25 458 ε
731 419 841 460 XVI.

18 463 31 482 b>
73 467 111 494 Q

17 500 24 527 Γ
80 503 227 541 Anates
251 504 429 540 Ponticas
456 504 532 539 uim
555 501 697 540 habere
719 504 880 539 uenenis
900 502 1121 550 digerendis
1146 508 1365 550 potentem;
1396 509 1507 552 atque

152 561 242 598 inibi
260 560 307 597 de
328 560 536 597 Mithridati
553 561 656 608 regis
675 560 711 596 in
731 560 770 596 id
787 571 910 608 genus
935 560 1226 597 medicamentis
1250 562 1432 598 sollertia.

14 625 23 684 t

168 651 330 690 Anates
346 648 545 690 Ponticas
574 647 724 688 dicitur
740 647 920 689 edundis
946 650 1074 699 uulgo
1099 650 1276 690 uenenis
1301 650 1506 690 uictitare.
1528 660 1545 693 1

83 706 295 758 Scriptum
317 706 441 746 etiam
459 718 483 745 a
504 706 605 745 Len
619 717 675 745 ae
689 717 733 753 o,
755 707 825 746 Cn.
844 707 1016 757 Pompei
1031 707 1202 754 liberto,
1226 707 1506 753 Mithridatem
1522 716 1546 750 2

80 764 196 804 illum
219 763 341 804 Ponti
372 774 514 813 regem
547 763 778 802 medicinae
816 764 875 803 rei
908 769 948 803 et
980 764 1263 804 remediorum
1299 765 1340 804 id
1372 776 1507 814 genus

82 822 298 862 sollertem
346 820 478 860 fuisse
526 819 780 871 solitumque
833 833 975 860 earum
1033 821 1283 871 sanguinem
1329 821 1508 861 miscere

82 877 420 925 medicamentis,
465 888 573 928 quae
619 878 859 927 digerendis
905 879 1080 918 uenenis
1121 879 1279 927 ualent,
1327 890 1507 928 eumque

15 976 21 982 ,
82 935 327 986 sanguinem
351 936 418 976 uel
442 935 780 986 potentissimum
799 948 895 975 esse
917 935 956 974 in
977 948 1026 975 ea
1049 935 1335 984 consectione;
1368 935 1506 986 ipsum
1522 942 1546 977 3

82 998 220 1035 autem
245 1005 389 1044 regem
415 992 595 1032 adsiduo
621 993 763 1032 talium
791 994 1062 1032 medellarum
1082 1005 1160 1032 usu
1182 1004 1205 1031 a
1235 993 1507 1033 clandestinis

83 1051 299 1102 epularum
324 1049 485 1090 insidiis
511 1050 696 1097 cauisse,
733 1051 829 1100 quin
855 1056 896 1089 et
921 1051 1121 1089 scientem
1144 1062 1314 1100 quoque
1336 1052 1445 1090 ultro
1470 1055 1548 1091 et4

84 1107 324 1149 ostentandi
361 1107 495 1158 gratia
525 1118 735 1146 uenenum
766 1107 953 1156 rapidum
983 1113 1023 1146 et
1048 1109 1174 1147 uelox
1198 1119 1509 1157 saepenumero

84 1164 299 1212 hausisse,
339 1169 465 1214 atque
503 1164 543 1202 id
573 1170 710 1203 tamen
744 1164 834 1203 sine
871 1176 983 1203 noxa
1017 1164 1160 1204 fuisse.
1225 1165 1546 1214 Quamobremfi

84 1226 254 1273 postea,
287 1232 379 1261 cum
399 1221 560 1271 proelio
581 1221 717 1261 uictus
735 1221 774 1260 in
799 1221 939 1260 ultima
960 1222 1076 1271 regni
1099 1222 1324 1271 refugisset
1342 1227 1382 1261 et
1405 1221 1509 1260 mori

84 1278 367 1327 decreuisset,
408 1288 573 1317 uenena
602 1278 907 1318 uiolentissima
937 1278 1199 1318 festinandae
1231 1279 1346 1318 necis
1380 1289 1509 1318 causa

83 1337 239 1376 frustra
261 1340 483 1386 expertus,
516 1346 593 1375 suo
613 1347 659 1375 se
686 1335 777 1385 ipse
798 1335 936 1385 gladio
962 1336 1177 1386 transegit.
1241 1335 1374 1375 Huius
1396 1335 1507 1385 regis
1525 1342 1548 1377 6

82 1392 296 1433 antidotus
320 1391 650 1432 celebratissima
668 1398 753 1438 est,
788 1404 896 1442 quae
916 1392 1235 1433 ‘Mithridatios’
1260 1398 1450 1434 uocatur.

737 1505 861 1545 xvll.

83 1587 356 1630 Mithridatem,
395 1589 501 1624 Ponti
538 1599 689 1635 regem,
727 1590 891 1635 quinque
927 1594 964 1625 et
996 1591 1128 1637 uiginti
1169 1591 1335 1637 gentium
1369 1591 1508 1638 linguis

144 1647 334 1690 locutum;
367 1645 620 1691 Quintumque
649 1646 811 1681 Ennium
841 1647 908 1681 tria
928 1647 1046 1682 corda
1070 1647 1211 1683 habere
1239 1658 1327 1683 sese
1347 1647 1507 1692 dixisse,

145 1702 248 1751 quod
264 1703 330 1739 tris
360 1703 511 1750 linguas
538 1704 824 1749 percalluisset,
859 1703 1060 1742 Graecam,
1096 1704 1256 1747 oseam,
1286 1704 1469 1741 Latinam.

173 1789 398 1840 Quintus
418 1790 621 1830 Ennius
645 1790 719 1829 tria
744 1792 873 1831 corda
890 1791 1045 1831 habere
1069 1803 1165 1831 sese
1188 1792 1365 1841 dicebat,
1398 1795 1512 1842 quod
1533 1801 1547 1834 1

86 1847 203 1898 loqui
227 1848 387 1888 Graece
416 1852 458 1887 et
482 1847 589 1887 Osce
617 1852 658 1886 et
685 1847 828 1887 Latine
862 1848 1000 1888 sciret.
1065 1849 1324 1889 Mithridates
1357 1854 1508 1898 autern,
1527 1858 1549 1891 2

85 1904 207 1946 Ponti
232 1909 359 1956 atque
377 1904 599 1956 Bithyniae
625 1915 698 1943 rex
716 1905 917 1952 inclutus,
949 1904 1019 1955 qui
1046 1917 1069 1944 a
1089 1907 1158 1946 Cn.
1177 1906 1377 1956 Pompeio
1399 1907 1508 1947 bello

87 1966 314 2012 superatus
332 1967 421 2011 est,
453 1962 638 2012 quinque
662 1966 702 2000 et
723 1961 867 2011 uiginti
891 1961 1097 2011 gentium,
1126 1975 1230 2013 quas
1250 1964 1328 2003 sub
1353 1963 1512 2003 ditione

86 2018 250 2067 habuit,
281 2017 444 2070 linguas
470 2018 688 2070 percalluit
723 2030 950 2068 earumque
989 2020 1173 2059 omnium
1204 2020 1389 2070 gentium
1409 2020 1510 2060 uiris

86 2075 188 2116 haut
202 2087 400 2126 umquam
419 2087 494 2127 per
512 2075 782 2126 interpretem
806 2077 1056 2116 conlocutus
1081 2083 1164 2125 est,
1199 2077 1275 2116 sed
1299 2081 1345 2117 ut
1368 2089 1509 2126 quem—

89 2143 172 2183 que
203 2133 254 2173 ab
290 2144 340 2174 eo
375 2132 575 2184 appellari
601 2144 706 2172 usus
740 2132 832 2181 suit,
873 2133 1050 2183 proinde
1082 2134 1222 2183 lingua
1247 2139 1288 2173 ct
1319 2133 1509 2174 oratione

87 2187 221 2240 ipsius
251 2201 336 2230 non
360 2190 496 2230 minus
521 2190 646 2238 scite,
688 2201 814 2240 quam
845 2190 879 2230 si
907 2190 1072 2239 gentilis
1105 2191 1195 2230 eius
1224 2195 1358 2239 esset,
1395 2192 1508 2231 locu-

88 2251 156 2286 tus
187 2252 263 2287 est.
