1619 2476
91 34 182 76 300

91 138 350 171 Lutulentus
370 137 429 170 XI.
452 137 504 170 15.
521 135 555 168 6.

90 185 279 217 Luxuria
314 184 354 214 in
387 183 506 214 cenis
540 179 672 222 tegibus
706 189 799 212 coer-

137 232 203 262 cita
223 231 263 262 II.
284 231 340 260 ⁴24.
368 229 425 261 vl.
445 227 498 260 16.
519 228 550 258 5.
580 226 656 258 XV.
674 225 708 259 8.
731 226 763 259 l.

90 276 272 307 Luxurii
290 276 321 305 in
341 274 498 315 genetiuo
523 272 629 305 VIIII.
653 271 706 305 14.
722 271 757 305 9.

89 322 259 362 Lycium
281 321 354 353 VII.
375 319 428 352 16.
454 319 482 352 1.
508 318 587 352 ΧΧ.
605 319 637 351 5.
655 319 690 351 4.

89 367 274 408 Lycurgi
295 366 329 396 in
351 365 485 407 legibus
505 365 675 396 maximus
694 363 801 395 honor

136 412 320 444 maioribus
335 418 414 442 natu
428 411 564 441 habitus
585 411 625 443 11.
648 410 700 443 15.
718 411 750 443 2.

88 459 244 500 Lysias
270 458 304 488 in
326 457 477 489 Platonis
498 456 651 488 Phaedro
672 457 696 489 Ι.
715 455 748 490 9.
764 454 797 489 9.

137 504 294 535 Fauorini
309 502 349 534 de
364 514 402 535 eo
421 502 584 534 iudicium
605 503 646 536 11.
665 503 697 535 5.

89 597 128 630 Τ
149 593 667 628 Wl‘icciusl’lautus1113.
690 593 798 627 XVII

136 644 191 676 21
210 643 266 674 17.
297 641 341 674 cf.
359 641 432 673 Ind.
450 645 538 673 auct.

89 687 262 720 Macedo
282 685 512 737 philosophus
527 685 619 719 XIII
636 686 670 720 8.
687 686 773 725 4sq.

90 733 341 766 Macedonia
381 732 460 765 olim
485 725 684 771 Ἠμαθία
711 731 800 763 dieta

136 779 243 812 XIIII.
261 779 294 812 6.
318 780 351 810 4.
381 778 564 819 Euripides
590 779 622 809 in
644 778 800 809 Macedo-

137 827 192 857 nia
207 830 356 857 mortuus
378 824 453 858 XV.
471 824 527 857 20.
543 823 576 857 9.

91 872 281 903 Macetae
304 871 408 902 VIIII.
426 869 458 904 3.
481 870 510 903 1.

90 917 342 949 Machaerae
363 916 405 950 X.
422 917 478 950 25.
496 917 528 949 2.

90 963 310 995 Maeandri
339 962 537 994 dialecticae
559 966 591 993 et
608 963 685 1002 gyri
706 959 799 993 XVI.

92 1055 383 1097 Magistratus
415 1056 472 1095 qui
497 1054 714 1096 prensionem
741 1051 802 1083 ha-

138 1101 255 1137 beant,
291 1102 346 1142 qui
374 1101 605 1138 uocationem,
636 1100 693 1139 qui
720 1108 803 1129 neu-

137 1153 224 1178 trum
251 1146 344 1179 XIII.
367 1147 422 1179 12.
439 1147 472 1180 6.
495 1146 590 1179 XIII.
610 1144 665 1178 13.
683 1145 714 1177 3.
739 1145 802 1175 mi-

138 1202 236 1225 nores
257 1193 315 1233 qui
339 1192 433 1226 XIII.
458 1193 556 1226 l5.2.
581 1191 673 1225 XIII.
694 1190 749 1224 16.
769 1190 799 1223 l.

137 1239 355 1280 magistratus
383 1239 503 1270 itinera
528 1238 693 1269 facientes
723 1236 799 1270 XV.

91 1330 292 1372 Magistri
313 1330 547 1363 conuiuiorum
572 1330 648 1362 XV.
667 1330 699 1361 2.
718 1330 751 1361 4.

91 1376 295 1417 Magistri
313 1376 464 1416 equitum
478 1377 520 1409 II.
534 1374 588 1409 19.
600 1374 633 1408 9.
646 1374 750 1407 X.24.
765 1374 797 1407 7.

91 1421 204 1453 Maia
221 1422 405 1454 Volcani
421 1422 453 1452 in
470 1419 799 1463 comprecationibus

139 1467 232 1501 XIII.
248 1467 305 1501 23.
326 1468 358 1500 2.

91 1512 199 1544 Mala
224 1514 332 1546 VIIII.
350 1513 383 1546 5.
399 1512 433 1546 6.
466 1512 543 1546 XII.
561 1514 593 1546 5.
621 1513 655 1543 in
674 1511 799 1544 mundo

140 1559 242 1591 obuia
259 1558 428 1599 quomodo
450 1564 636 1600 congruant
653 1568 728 1589 cnm
749 1557 799 1588 di-

138 1607 218 1637 uina
237 1605 455 1647 prouidentia
486 1606 562 1638 VII.
590 1605 622 1638 1.
649 1605 680 1638 l.
711 1603 800 1635 mala

139 1650 409 1693 longeplurima
429 1651 470 1682 ab
497 1652 583 1692 ipsis
605 1650 799 1683 hominibus

139 1702 322 1729 nascuntur
346 1697 422 1730 VII.
441 1698 474 1730 2.
494 1697 548 1731 12,

85 1735 234 1775 ‘Malas
271 1736 525 1774 malaxauit'
564 1742 657 1784 apud
690 1741 798 1773 Labe-

137 1789 224 1820 rium
250 1787 343 1822 XVI.
363 1789 396 1822 7.
413 1790 446 1822 7.

91 1833 440 1866 Maledieendum
457 1844 523 1867 non
540 1845 617 1867 esse
632 1833 797 1876 improbis

89 1924 261 1957 Malitia
285 1926 345 1958 VI.
364 1925 418 1959 11.
434 1924 468 1959 Ο.
494 1925 620 1959 XVIII.
643 1926 674 1959 1.
691 1927 724 1959 4.

89 1969 289 2003 Mammae
318 1981 338 2002 a
357 1971 559 2003 mulieribus
583 1971 794 2013 prodigiosis

136 2026 210 2049 cum
224 2016 376 2058 periculo
391 2019 504 2050 auersi
519 2017 616 2050 lactis
627 2017 798 2049 arefactae

90 2089 317 2141 Mancinus
334 2118 367 2142 u.
385 2108 563 2143 Hostilius.

85 2144 328 2186 Manciolis
349 2159 452 2186 tene
474 2148 586 2187 illis’
603 2155 694 2196 apud
710 2153 796 2186 Lae-

135 2199 227 2230 uium
253 2200 394 2233 XVIIII.
416 2201 448 2234 7
466 2200 520 2233 10.

90 2242 121 2273 M
131 2253 178 2274 an
189 2245 304 2285 eipia
318 2244 379 2275 sub
394 2245 675 2284 coronauendita,
690 2255 796 2284 quan-

592 29 597 33 *
643 35 790 71 INDEX
810 33 982 70 RERVM

895 133 938 165 do
952 132 1115 164 rethiberi
1128 131 1262 174 possint
1289 133 1364 166 1111.
1388 132 1422 166 2.
1441 131 1474 166 1.
1493 133 1557 167 VI.
1618 128 1619 160 i

849 178 1117 266 Mfffif'ipatio
1143 223 1188 258 v
1214 222 1269 257 19.
1292 222 1327 258 3
1353 223 1431 258 xv.
1448 224 1505 259 27.
1522 223 1557 258 3.

849 270 1046 302 Mandata
1075 279 1156 301 num
1178 269 1483 302 interuenientibus
1504 280 1559 301 ea—

897 315 993 348 sibus
1024 320 1123 346 antea
1153 324 1220 348 non
1251 316 1401 357 prouisis
1424 317 1559 360 neglegi
1617 321 1619 348 1

897 361 1042 393 debeant
1067 362 1092 395 I.
1118 359 1174 395 13.

848 407 1027 439 Manilia
1053 408 1214 438 meretrix
1240 408 1274 438 in
1295 407 1349 440 ius
1371 414 1493 440 uocata
1516 407 1558 439 ab

895 454 940 488 A.
963 453 1119 485 Mancino
1144 453 1220 487 IIII.
1243 453 1299 486 14.
1318 453 1352 486 2.
1618 474 1619 487 t

850 499 886 533 C.
910 499 1118 531 Manilius
1140 498 1259 531 consul
1283 497 1394 533 XVII.
1419 499 1475 532 21.
1498 498 1556 533 43.
1618 518 1619 523 =

851 544 924 587 [Μ’]
950 545 1156 576 Manilius
1179 543 1275 576 Ictus
1300 543 1410 578 XVII.
1428 545 1460 578 7.
1478 544 1512 579 3.
1606 545 1619 555 '¹

848 590 1068 632 Manipuli
1098 596 1179 630 quot
1204 590 1375 632 legionem
1405 589 1554 622 efficiant
1612 595 1619 620 J«

895 637 989 671 XVI.
1005 639 1038 671 4.
1057 638 1091 671 4.

849 682 1072 715 Manliana
1099 683 1243 724 imperia
1265 681 1318 714 uel
1343 681 1504 713 Manlia
1528 683 1554 716 1.
1617 682 1619 698 ¹

898 729 952 763 13.
970 730 1002 762 7.
1027 729 1137 762 V1111.
1156 727 1210 763 13.
1227 728 1284 762 20.

851 776 887 810 C.
913 774 1119 811 Manlius,
1143 775 1222 808 trib.
1238 773 1332 816 plebi
1356 774 1434 808 VII.
1457 773 1555 809 11.2.
1617 794 1619 803 Α

849 821 888 855 L.
913 821 1098 852 Manlius
1118 820 1365 860 Torquatus
1390 820 1417 854 I.
1435 821 1466 854 5.
1484 819 1518 854 3.
1617 818 1619 833 ⁴

850 867 894 901 M.
912 867 1002 898 Mau
1014 866 1119 904 lius,
1137 865 1297 908 Capitolii
1308 865 1456 904 uindex,
1472 876 1558 908 rupe

898 913 1046 954 Tarpeia
1055 913 1206 945 deiectus
1217 912 1325 946 XVII.
1338 912 1433 946 214.
1445 912 1554 946 XVII.

851 1006 890 1040 T.
908 1005 1061 1036 Manlii
1078 1004 1286 1044 Torquati
1304 1013 1421 1046 pugna
1438 1005 1557 1046 singu·
1611 1010 1619 1026 '¹

898 1051 979 1082 laris
1005 1060 1080 1081 cum
1105 1050 1201 1083 Gallo
1243 1051 1351 1085 VIIII.
1378 1050 1433 1084 13.
1466 1050 1556 1082 unde

897 1101 1155 1138 cognomentum
1188 1097 1351 1136 Torquati
1388 1097 1557 1138 acceperit

898 1143 982 1176 ibid.

852 1189 1097 1221 Manuarins
1116 1193 1147 1219 et
1166 1188 1361 1219 manuari
1383 1187 1476 1230 apud
1491 1187 1557 1219 La-
1618 1201 1619 1206 =

898 1235 1028 1267 berium
1057 1234 1149 1267 XVI.
1167 1233 1198 1267 7.
1215 1235 1254 1271 2;
1269 1233 1302 1267 3.

851 1279 1076 1313 Manubiae
1097 1278 1180 1319 quid
1207 1278 1302 1312 XIII.
1317 1280 1375 1313 25.
1394 1279 1450 1312 25.
1485 1289 1556 1310 ina·
1617 1289 1619 1330 j

896 1326 1018 1358 nubias
1040 1331 1073 1357 et
1092 1325 1255 1367 praedam
1277 1334 1343 1365 qua
1355 1325 1486 1358 ratione
1501 1325 1555 1357 Ci-

895 1382 971 1403 cero
990 1372 1203 1403 coniunxerit
1217 1370 1302 1404 ibid.

848 1418 1006 1450 Manum
1047 1426 1274 1449 conserere
1307 1416 1390 1457 quid
1424 1416 1556 1460 signifi-

895 1470 948 1496 cet
966 1464 1059 1507 apud
1078 1463 1224 1494 Ennium
1249 1461 1326 1497 XX.
1345 1463 1400 1497 10.

849 1509 1125 1543 Marathonia
1156 1517 1273 1550 pugna
1302 1509 1437 1549 quando
1464 1519 1554 1542 com·
1617 1516 1619 1524 ⁴

894 1558 999 1588 missa
1017 1557 1060 1589 sit
1084 1554 1194 1588 XVII.
1210 1555 1268 1588 21.
1283 1554 1317 1588 9.

850 1602 916 1637 Cn.
935 1602 1120 1634 Marcius
1144 1599 1398 1632 Coriolanus
1419 1600 1555 1642 quando
1617 1605 1619 1618 ¹

895 1649 1020 1680 uixerit
1045 1647 1156 1680 XVII.
1172 1647 1229 1680 21.
1249 1646 1305 1681 11.

849 1694 893 1728 M.
918 1695 1105 1726 Marcius
1127 1698 1264 1734 praetor
1286 1694 1347 1727 VI.
1364 1691 1399 1727 9.
1414 1691 1448 1726 9.

849 1740 887 1778 Q.
917 1741 1102 1772 Marcius
1130 1739 1219 1770 Rex
1242 1739 1358 1771 consui
1383 1738 1478 1772 XIII.
1493 1738 1551 1772 20.
1617 1744 1619 1751 ⁴

846 1832 959 1864 Mare
981 1832 1105 1864 austris
1118 1829 1328 1873 spirantibus
1347 1831 1504 1873 glaucum
1521 1834 1555 1862 et

893 1878 1104 1915 caeruleum,
1131 1876 1348 1917 aquilonibus
1374 1877 1553 1910 ob'scurIus

891 1926 1065 1964 atriusque
1107 1923 1150 1956 II.
1190 1921 1247 1956 30.
1284 1922 1339 1956 11.
1378 1922 1458 1965 gelu
1485 1931 1551 1954 non

892 1970 1031 2002 duratur
1066 1969 1176 2003 XVII.
1212 1967 1246 2003 8.
1289 1969 1344 2002 16.
1385 1969 1489 2001 maris
1517 1969 1552 1999 in

892 2021 1093 2058 tempestate
1124 2025 1184 2046 eur
1214 2015 1370 2049 homines
1401 2014 1553 2057 palleant.

892 2062 1035 2096 XVIIII.
1056 2061 1087 2095 l.
1103 2059 1136 2094 8.

845 2108 1094 2140 Maritorum
1126 2105 1240 2140 officia
1266 2117 1348 2149 erga
1370 2115 1495 2139 uxores
1521 2106 1548 2139 1.

894 2154 948 2187 17.
976 2154 1174 2185 maritorum
1196 2159 1228 2185 et
1247 2159 1381 2196 patrum
1397 2152 1549 2195 praemia

891 2199 1104 2238 honoresque
1131 2199 1173 2232 11.
1200 2199 1254 2233 15.
1278 2198 1311 2234 3.
1345 2208 1380 2232 ιι.
1410 2206 1548 2235 uxores,

889 2244 1139 2277 matrimonium
1161 2249 1226 2279 etc.
