1635 2492
561 16 564 18 ’
603 27 751 64 INDEX
781 28 954 65 RERVM

43 132 208 170 Hostis;'
241 129 418 163 condictus
451 129 526 162 dies
551 139 628 161 cum
655 128 754 161 hoste

86 178 180 213 XVI.
198 179 232 211 4.
248 178 283 211 4.

42 225 254 258 Humanas
276 228 308 256 et
327 222 522 256 humanitas
542 221 625 263 quid
647 221 756 263 signi-

88 270 164 304 ficet
189 270 283 313 apud
307 269 417 303 bonae
442 275 542 302 notae
567 269 755 310 scriptores

88 317 182 352 XIII.
198 317 254 351 17.

42 363 100 406 Hy
111 362 312 396 acintlius
327 361 483 404 delphini
497 366 644 399 amator;
671 362 756 393 miia

89 410 130 442 de
145 421 184 443 eo
197 408 452 441 narratiuncula
473 408 532 442 VI.
553 407 587 442 8.
608 409 641 442 5.

41 456 206 500 Hyades
240 455 331 488 unde
367 455 498 493 dictae,
540 454 709 495 quomodo
735 464 756 485 a

86 503 211 547 priscis
254 501 386 534 Latinis
429 507 645 543 nuncupatae
689 501 755 532 sint

41 640 66 674 1
82 641 182 674 litera
203 641 303 674 modo
327 649 517 674 consonans
536 640 637 674 modo
651 651 755 675 uoca-

86 688 130 721 lis
149 687 294 722 XVIIII.
313 687 367 721 14.
383 687 416 722 6.

39 735 185 767 Iacere
204 735 238 766 in
257 733 562 777 compositionibus
584 743 646 776 per
660 734 726 767 duo
745 737 758 767 i

85 790 152 815 non
181 790 242 824 per
268 790 374 812 unum
404 779 623 812 scribendum
675 781 752 815 IIII.

39 873 280 907 Iaculorum
293 874 390 906 uaria
404 883 530 916 genera
545 872 590 907 X.
606 874 664 909 25.
683 873 714 908 3.

38 919 177 962 Ialysi
206 920 319 963 imago
355 919 448 962 apud
481 919 635 953 Rhodios
673 920 751 955 XV.

39 1013 169 1046 Ianus
183 1017 281 1055 pater
302 1013 348 1047 V.
370 1012 424 1047 12.
441 1012 475 1046 5.

38 1060 221 1102 Iapygia
243 1059 287 1093 II.
305 1060 361 1093 22.
384 1059 438 1092 21.

37 1105 174 1148 Iapyx
197 1105 322 1146 quibus
337 1115 380 1138 ex
396 1105 480 1138 locis
501 1106 608 1148 spiret
634 1106 675 1139 11.
693 1107 749 1139 22.

34 1191 191 1240 Ἰχθύς
210 1197 354 1230 uerbum
373 1197 467 1241 apud
483 1198 612 1231 Atticos
634 1198 752 1241 adspi-

84 1249 156 1276 rata
177 1245 287 1287 prima
304 1244 402 1276 litera
421 1246 676 1287 pronuntiatum
706 1246 749 1279 ΙΙ.

37 1338 152 1370 Ictus
167 1338 329 1370 rectiores
349 1337 446 1376 fiunt,
468 1339 498 1370 si
518 1347 653 1369 sursum
669 1336 752 1377 quid

82 1384 188 1416 mittis
212 1393 314 1425 quam
329 1385 359 1416 si
377 1383 536 1417 deorsum
548 1384 659 1418 VIIII.
673 1383 704 1417 1.
716 1385 749 1417 2.

38 1429 190 1463 Idaeus
210 1440 334 1473 piaeco
354 1430 521 1465 XIII.25.
542 1429 597 1464 18.

32 1469 162 1509 Idem
177 1476 540 1517 AcciquodTiti’III.
561 1475 690 1511 16.13.

37 1523 249 1557 Idiotael.
276 1523 312 1560 2
344 1522 378 1558 6.

37 1569 138 1602 Idus
163 1570 208 1604 II.
230 1569 288 1603 21.
308 1569 340 1603 7.
370 1570 412 1603 ΙΙ.
436 1570 493 1603 24.
526 1569 588 1605 11;
620 1569 673 1603 14.
704 1571 747 1603 V.

36 1662 156 1694 Ietae
181 1662 242 1697 III.
261 1661 316 1695 11.
332 1660 366 1695 6.

36 1708 220 1752 Ignarus
240 1708 350 1741 VIIII.
372 1707 428 1741 12.
445 1707 502 1742 20.

37 1755 193 1797 Igneus
209 1753 302 1787 color
323 1754 366 1788 ΙΙ.
387 1753 444 1788 26.
462 1754 495 1788 5.

37 1801 155 1844 Ignis
178 1810 244 1841 qua
267 1800 396 1833 ratione
410 1802 520 1843 possit
535 1800 576 1832 ab
595 1799 752 1833 aedificio

85 1846 233 1887 quodam
254 1847 393 1879 retineri
418 1847 496 1882 XV.
523 1846 555 1881 1.
604 1856 664 1878 cut·
682 1848 753 1879 uri-

83 1902 162 1925 nam
175 1892 320 1926 lacessat
340 1892 484 1927 XVIIII.
504 1894 538 1926 4.
555 1892 587 1927 3.

37 1940 113 1982 Ign
125 1940 284 1972 ominia
297 1939 456 1971 militaris
477 1939 521 1973 X.
537 1938 570 1973 8.

36 1985 128 2018 Ilex
147 1985 191 2020 V.
207 1985 241 2021 6.
259 1986 313 2020 12.

36 2031 207 2074 Ilignea
220 2042 346 2065 corona
369 2032 453 2067 ibid.

36 2077 163 2109 Ilium
176 2082 314 2121 captum
334 2078 444 2113 XVII.
461 2078 494 2113 3.
515 2078 545 2112 1.

37 2122 185 2165 Illyrii
199 2125 375 2157 oculorum
392 2124 677 2158 fascinationibus
692 2134 751 2156 ne-

84 2178 162 2210 care
175 2169 333 2202 dicuntur
351 2172 460 2206 VIIII.
479 2173 513 2206 4.
534 2170 567 2205 8.

37 2214 250 2258 Imagines
278 2226 391 2250 rerum
418 2218 451 2248 in
471 2217 612 2260 speculo
633 2217 749 2260 plures

86 2267 254 2304 apparent
273 2262 366 2297 XVI.
386 2262 440 2297 18.
460 2263 493 2299 3.

1435 22 1517 63 295

803 129 898 161 Imm
906 134 1055 160 atui-us
1075 129 1119 162 X.
1143 128 1197 163 11.
1215 130 1248 162 4.

804 174 1073 218 Imparilitas
1104 175 1212 211 idem
1241 174 1333 216 quod
1362 176 1519 207 soloecis-

849 232 918 253 mus
933 221 1026 263 apud
1041 221 1187 255 Giaecos
1209 222 1252 256 V
1270 221 1327 256 20.
1345 221 1376 255 1.

799 261 1032 321 Impendio
1056 267 1166 300 sieie
1186 268 1302 300 infit·
1324 267 1417 311 apud
1433 267 1519 299 Lae·

848 316 943 347 uium
964 314 1108 349 XVIIII.
1127 316 1159 349 7.
1180 315 1234 348 10.

803 361 954 403 Impei'
947 371 985 392 ia
1007 362 1224 394 Postumiana
1248 366 1279 393 et
1299 360 1470 392 Manliana
1489 361 1515 393 Ι.

851 407 905 441 13.
925 410 957 442 7.

803 455 1031 497 Imperitia
1054 455 1164 497 turpis
1183 459 1213 486 et
1234 453 1381 496 agrestis
1404 450 1515 494 praef.

852 501 908 536 12

798 548 957 601 Impei'
951 558 1032 579 turn
1053 547 1118 579 XV
1122 547 1197 581 IIII.
1216 546 1249 581 8,
1267 546 1300 580 8.

798 588 974 636 impete
1015 594 1180 636 magno*
1221 593 1315 636 apud
1350 592 1515 624 Laeuium

849 640 993 674 XVIIII
1012 641 1030 672 7
1066 618 1103 671 70

803 688 962 730 Impius
985 688 1018 719 in
1032 688 1190 720 uocatiuo
1211 685 1320 721 XIIII.
1337 687 1370 720 5.
1387 685 1422 720 3.

803 734 1061 776 Impluuium
1083 732 1127 767 X.
1151 733 1205 766 15.
1222 731 1256 766 8.

803 780 815 811 Ι
831 791 864 812 m
880 791 900 823 p
917 790 935 812 o
953 779 961 810 l
980 780 989 811 i
1005 784 1014 810 t
1031 781 1040 811 i
1057 789 1076 811 a
1092 790 1109 812 c
1132 784 1247 812 notare
1267 779 1416 820 aliquem
1441 778 1514 812 IIII.

851 826 906 861 12.
923 827 956 859 2.

804 873 1058 916 Impotentia
1092 872 1219 915 plurali
1252 881 1392 904 numero
1425 876 1517 902 caret

849 919 993 953 XVIIII.
1009 918 1042 952 8.
1062 917 1094 952 6.

802 967 840 998 In
865 976 884 997 a
903 964 1080 997 ueteribus
1099 975 1161 1008 pro
1181 966 1271 997 intra
1287 965 1414 997 dictum
1438 963 1514 997 XII.

851 1011 905 1046 13,
928 1012 967 1049 7;
988 1011 1021 1045 8.
1050 1021 1113 1054 pro
1133 1016 1251 1044 contra
1279 1011 1387 1044 XVII.
1407 1011 1439 1044 2.
1460 1010 1514 1044 12.

849 1060 882 1090 in
921 1058 1228 1101 compositionibus
1269 1057 1406 1099 quando
1437 1067 1516 1100 pro-

849 1105 962 1145 ducte,
982 1105 1118 1146 quando
1134 1110 1289 1147 correpte
1307 1105 1350 1136 sit
1366 1113 1516 1146 pronun-

848 1151 1002 1184 tiandum
1028 1152 1069 1185 II.
1102 1151 1156 1186 17.
1197 1151 1270 1185 IIII.
1302 1151 1358 1186 17.
1385 1150 1439 1184 10.
1483 1151 1516 1182 in

848 1197 999 1230 medium
1013 1197 1205 1238 relinquere
1226 1197 1338 1230 XVII.
1359 1199 1391 1231 2.
1411 1197 1465 1230 11.

802 1244 1100 1285 Inaequalitas
1153 1244 1419 1276 declinationum
1471 1243 1514 1277 ΙΙ.

846 1292 903 1324 25.
927 1289 961 1324 3.

801 1338 842 1369 In
852 1346 912 1369 am
922 1347 940 1369 a
949 1336 1073 1374 bilis,
1106 1337 1247 1369 uerbum
1272 1337 1515 1379 grauissimum

846 1383 887 1418 ΙΙ.
906 1383 939 1417 6.
958 1383 1090 1420 13:14.

801 1429 1308 1467 Ince11d1umxvl.;.3

802 1477 998 1509 Incestus
1012 1486 1102 1508 man
1094 1431 1233 1509 i2fesu1s
1237 1455 1329 1510 XIII.
1347 1475 1403 1509 20.
1425 1474 1476 1509 19

801 1522 1107 1577 Incipeieunde
1130 1523 1206 1557 IIII
1226 1523 1280 1557 17
1298 1521 1331 1556 8.

801 1570 844 1602 In
855 1580 872 1601 c
883 1570 910 1601 1·
903 1581 912 1602 1
923 1580 941 1601 n
952 1579 1039 1601 ame
1050 1574 1118 1600 nta
1134 1569 1400 1602 adiectiuorum'
1394 1579 1427 1601 ιιι
1437 1578 1516 1601 osus

848 1621 879 1648 et
894 1616 1002 1648 andus
1023 1616 1100 1650 1111.
1115 1614 1149 1649 9.
1169 1617 1202 1650 2.

803 1661 1132 1696 Incohare11.3.
1149 1661 1182 1696 3.

805 1710 856 1740 In
874 1719 891 1740 c
908 1720 926 1742 0
942 1714 989 1740 nt
1008 1709 1055 1739 in
1072 1719 1089 1740 e
1106 1709 1218 1740 ntia
1246 1714 1275 1740 et
1302 1709 1516 1741 intolerantia

848 1755 960 1788 XVII.
979 1754 1034 1789 19
1051 1756 1084 1788 5.

801 1802 845 1834 In
856 1801 877 1833 d
888 1812 905 1833 e
915 1801 946 1833 fi
957 1802 998 1833 ni
1009 1806 1049 1832 tu
1060 1812 1092 1834 m
1106 1801 1249 1833 uetbum
1262 1801 1355 1844 apud
1370 1801 1516 1835 Graecos

848 1841 1124 1888 ἀπαρὲμφατον
1145 1849 1171 1882 Ι
1190 1849 1223 1882 7.
1240 1847 1273 1881 6.

801 1894 953 1926 Indiae
978 1894 1012 1925 In
1039 1894 1210 1927 montibus
1244 1898 1325 1935 quot
1356 1894 1516 1936 plodigia

848 1941 915 1972 sint
927 1946 1145 1981 monstiaque
1164 1941 1274 1974 VIIII.
1290 1941 1324 1974 4.
1341 1939 1381 1978 9;
1399 1941 1454 1974 10.

801 1986 1080 2019 Indifferens
1107 1986 1190 2027 quid
1221 1987 1264 2018 sit
1295 1997 1338 2018 ex
1364 1987 1517 2020 doctrina

847 2032 1038 2067 Stoicorum
1064 2033 1173 2066 VIlII.
1198 2033 1230 2066 5.
1259 2033 1292 2066 5.
1322 2032 1398 2068 XII.
1419 2034 1451 2067 5.
1480 2034 1514 2067 4.

847 2079 892 2114 cf.
909 2081 952 2113 ΙΙ.
973 2080 1005 2114 7.
1024 2080 1079 2113 18.

800 2126 1004 2159 Indoctus
1026 2127 1069 2159 ΙΙ.
1093 2126 1147 2160 17.
1169 2127 1203 2160 2.

800 2172 999 2204 Indutiae
1020 2172 1102 2213 qnid
1129 2173 1154 2206 I.
1172 2173 1228 2206 25.
1252 2171 1513 2208 XV1111.8.13.

800 2218 1021 2250 Industria
1047 2228 1174 2261 anceps
1201 2218 1406 2251 uocabulum
1435 2218 1513 2254 ΧΙΙ.

1621 1885 1627 1952 ἒ

1618 2037 1630 2076 4.

1619 2073 1629 2094 'l

1626 2103 1628 2117 ι
