1619 2476
147 71 230 112 144
646 72 734 110 XV.
769 83 884 110 xxv1.
909 82 1040 111 xxvu.

147 183 251 223 τῶν
287 179 560 234 κειμένων
595 178 643 230 ἐξ
682 177 926 235 ἀνάγκης
965 184 1261 237 συμβαίνει
1303 180 1392 226 διὰ
1429 187 1537 227 τῶν

104 248 129 282 2
146 253 172 279 κ
185 252 204 278 ε
215 254 229 278 ι
240 253 270 291 μ
283 237 304 277 ε’
312 252 338 276 ν
352 251 385 276 ω
398 251 436 276 ν.
497 237 595 277 Eius
637 238 887 279 definitionis
932 251 1015 280 non
1058 240 1263 281 uidebitur
1294 242 1448 283 habere
1481 243 1538 284 in-

147 295 351 335 coninode
389 293 670 344 interpretatio
706 296 812 334 facta
850 296 929 335 hoc
962 297 1087 338 modo
1101 309 1109 336 :
1159 297 1435 348 syllogismus
1473 305 1539 340 est

147 350 290 397 oratio,
315 348 354 388 in
380 361 460 398 qua
484 350 701 390 consensis
721 350 967 400 quibusdam
988 358 1028 392 et
1048 353 1276 402 concessis,
1299 354 1408 395 aliud
1427 355 1537 405 quid,

147 418 270 457 quam
294 416 399 455 quae
423 416 628 446 concessa
649 411 767 455 sunt,
800 419 875 457 per
896 419 946 447 ea
969 420 1075 458 quae
1100 420 1305 450 concessa
1327 415 1440 460 sunt,
1471 423 1539 451 ne-

146 461 328 503 cessario
352 461 578 502 conficitur.

763 566 927 607 XXVII.

148 647 246 692 Quid
278 647 349 683 sint
379 647 528 683 comitia
558 648 695 691 calata,
737 648 827 695 quid
858 650 1020 692 curiata,
1064 648 1154 695 quid
1187 650 1410 695 centuriata,
1452 652 1543 699 quid

202 704 354 746 tributa,
389 703 478 749 quid
501 704 722 748 concilium;
756 709 864 751 atque
888 705 976 741 inibi
994 704 1179 751 quaedam
1196 706 1483 744 eiusdemmodi.

108 816 129 849 1
229 803 273 841 In
324 801 459 842 libro
499 803 659 842 Laelii
702 803 898 844 Felicis
940 805 1001 844 ad
1043 805 1087 854 Q.
1123 805 1339 846 Mucium
1376 807 1540 857 primo

148 857 346 908 scriptum
370 863 452 906 est,
482 860 771 899 Labeonem
803 860 1002 908 scribere,
1037 861 1214 900 ‘calata’
1239 862 1402 902 comitia
1432 875 1541 912 esse,

148 925 253 964 quae
300 926 375 964 pro
424 915 611 965 conlegio
656 916 898 966 pontificum
941 917 1144 957 habentur
1194 923 1265 957 aut
1315 918 1424 969 regis
1474 925 1544 959 aut

106 983 128 1016 2
149 969 358 1010 flaminum
387 971 764 1021 inaugurandorum
790 984 928 1013 causa.
988 974 1142 1013 Eorum
1175 978 1311 1014 autem
1340 975 1418 1015 alia
1448 986 1544 1015 esse

149 1026 350 1073 ‘curiata',
380 1028 457 1066 alia
479 1027 753 1068 ‘centuriata'.
816 1029 1010 1069 eCuriata’
1032 1041 1108 1080 per
1136 1029 1322 1072 lictorem
1345 1031 1544 1071 curiatum

149 1082 318 1130 ‘calari',
351 1082 394 1122 id
416 1088 479 1123 est
501 1085 781 1134 ‘conuocari’‚
811 1086 1072 1126 ecenturiata'
1107 1097 1181 1137 per
1202 1087 1466 1127 cornicinem.

105 1145 127 1180 3
232 1139 369 1178 Isdem
415 1140 608 1191 comitiis,
660 1154 765 1193 quae
802 1144 982 1182 ‘calata’
1020 1142 1217 1193 appellari
1256 1143 1454 1191 diximus,
1505 1149 1546 1183 et

149 1209 363 1238 sacrorum
386 1199 604 1238 detestatio
626 1205 666 1238 et
686 1203 932 1239 testamenta
950 1198 1038 1238 fieri
1060 1199 1262 1239 solebant.
1323 1200 1416 1240 Tria
1437 1199 1545 1239 enim

148 1265 301 1302 genera
315 1260 658 1294 testamentorum
680 1255 808 1295 fuisse
829 1255 1083 1305 accepimus:
1105 1267 1243 1302 unum,
1266 1256 1380 1305 quod
1402 1255 1544 1295 calatis

149 1309 323 1349 comitiis
355 1309 394 1349 in
434 1311 578 1360 populi
611 1311 803 1351 contione
838 1312 976 1358 fieret,
1028 1312 1200 1350 alterum
1234 1310 1274 1350 in
1313 1310 1544 1361 procinctu,

150 1377 242 1404 curn
288 1365 364 1404 uiri
406 1367 458 1405 ad
501 1366 704 1415 proelium
747 1366 979 1405 faciendum
1014 1365 1055 1405 in
1101 1365 1230 1405 aciem
1274 1367 1542 1414 uocabantur,

148 1420 311 1460 tertium
332 1432 407 1470 per
425 1421 597 1461 familiae
620 1421 1048 1473 (emancipationem,
1077 1421 1142 1462 cui
1171 1433 1242 1462 aes
1274 1427 1315 1462 et
1343 1422 1444 1462 libra
1475 1423 1544 1462 ad-

148 1477 369 1516 hiberetur.
1557 1507 1561 1509 -

112 1539 135 1574 4
234 1534 278 1572 In
308 1534 487 1572 codem
517 1533 659 1573 Laeli
694 1534 891 1574 Felicis
930 1534 1064 1574 libro
1096 1534 1200 1574 haec
1238 1535 1393 1586 scripta
1426 1540 1543 1575 sunt:

150 1591 194 1628 Is
229 1589 313 1638 qui
343 1601 446 1630 non
476 1594 528 1628 ut
559 1590 865 1630 uniuersum
896 1592 1165 1641 populum,
1212 1592 1307 1631 sed
1343 1595 1545 1640 partem

151 1644 369 1694 aliquam
401 1646 589 1685 adesse
625 1646 791 1694 iubet,
831 1658 931 1687 non
961 1646 1241 1696 ecomitia’‚
1270 1647 1362 1687 sed
1400 1649 1545 1687 ‘con-

153 1701 345 1741 cilium'
372 1702 584 1741 edicere
608 1703 775 1742 debet.
838 1702 1055 1742 Tribuni
1076 1708 1245 1743 autem
1267 1713 1435 1752 neque
1457 1703 1545 1741 ad·

151 1763 346 1798 uocant
375 1757 654 1808 patricios,
694 1770 856 1808 neque
894 1760 952 1798 ad
982 1770 1072 1799 eos
1109 1759 1308 1798 referre
1343 1759 1449 1798 ulla
1487 1759 1546 1798 de

152 1825 208 1852 re
238 1819 475 1864 possunt.
537 1815 612 1854 Ita
636 1827 698 1855 ne
725 1816 922 1864 ‘leges’
947 1814 1151 1865 quidem
1180 1813 1420 1864 proprie,
1442 1814 1546 1854 sed

153 1869 514 1919 eplebisscita'
548 1873 907 1921 appellantur,
949 1882 1078 1920 quae
1113 1869 1340 1910 tribunis
1371 1869 1545 1920 plebis

153 1926 447 1965 serentibus
496 1933 709 1978 accepta
748 1932 885 1974 sunt,
939 1926 1128 1976 quibus
1171 1925 1545 1976 rogationibus

154 1986 271 2021 ante
309 1982 520 2031 patricii
549 1995 650 2023 non
687 1983 1020 2034 tenebantur,
1058 1982 1222 2022 donec
1251 1983 1296 2031 Q.
1329 1982 1547 2022 Horten·

155 2036 263 2077 sius
290 2037 517 2079 dictator
544 2040 704 2089 legem
733 2039 872 2086 tulit,
904 2044 957 2078 ut
982 2050 1038 2078 co
1060 2037 1191 2085 iure,
1224 2037 1366 2088 quod
1392 2038 1544 2088 plebs

156 2093 462 2143 statuisset,
502 2106 679 2135 omnes
714 2095 944 2145 Quirites
982 2099 1306 2134 tenerentur.
1375 2095 1477 2133 ltem
1504 2093 1546 2133 in

156 2149 303 2188 eodem
337 2149 438 2189 libro
479 2151 559 2191 hoc
599 2152 794 2201 scriptum
829 2156 910 2190 est:
962 2152 1088 2190 ‘Cum
1125 2161 1176 2189 ex
1217 2149 1438 2200 generibus
1475 2150 1547 2190 ho·
1611 2153 1615 2156 '

156 2203 308 2244 minum
336 2205 577 2255 suffragium
607 2208 778 2255 feratur,
810 2206 1006 2246 ‘curiata’
1033 2206 1197 2245 comitia
1228 2217 1344 2255 esse,
1371 2217 1464 2246 cum
1495 2217 1548 2245 ex
1599 2216 1619 2235 -’

158 2269 286 2298 censu
311 2266 351 2299 et
383 2267 516 2300 aetate
548 2264 832 2310 ‘centuriataz
870 2274 962 2301 cum
991 2274 1043 2302 ex
1077 2262 1314 2312 regionibus
1349 2267 1390 2302 et
1427 2260 1546 2309 locis,
