1619 2476
635 496 693 556 A.
737 497 776 558 G
799 498 836 558 E
859 496 894 556 L
921 498 956 558 L
982 498 997 558 Ι
1021 497 1042 558 Ι

197 639 484 716 Nouum
526 639 907 714 ATTIGARVM
955 641 1148 715 LIBER
1187 638 1478 727 QVINTVS.

820 893 846 930 1.

141 994 250 1038 Quod
276 995 468 1030 Musonius
496 995 745 1041 philosophus
771 995 1014 1042 reprehendit
1043 995 1349 1040 inprobauitque‚
1382 994 1527 1030 laudari
1588 1026 1592 1027 ⁷

194 1050 460 1096 philosophum
498 1051 745 1087 disserentem
794 1063 815 1087 a
859 1052 1150 1088 uociferantibus
1184 1054 1220 1085 et
1262 1051 1299 1085 in
1335 1050 1527 1086 laudando

197 1106 454 1152 gestientibus.

103 1203 121 1236 l
249 1208 284 1251 [.
305 1210 394 1253 ...]
432 1205 715 1245 Musonium
753 1205 1046 1255 philosophum
1080 1205 1245 1245 solitum
1276 1205 1525 1255 accepimus.

138 1261 253 1298 eCum
271 1261 581 1310 philosophus'‚
608 1261 757 1309 inquit,
782 1265 793 1283 <
806 1262 1010 1308 hortatur,
1030 1266 1187 1308 monet,
1207 1262 1371 1308 suadet,
1393 1261 1526 1300 obiur-

136 1320 205 1364 gat
221 1316 384 1355 aliudue
403 1316 501 1365 quid
519 1316 825 1366 disciplinarum
844 1316 1029 1363 disserit,
1060 1321 1165 1363 tum,
1197 1316 1266 1365 qui
1283 1317 1466 1364 audiunt,
1492 1316 1526 1355 si

137 1371 188 1408 de
204 1383 364 1410 summo
384 1376 423 1410 et
439 1373 575 1411 soluto
594 1376 764 1421 pectore
790 1372 934 1411 obuias
957 1374 1232 1420 uulgatasque
1248 1373 1394 1412 laudes
1425 1372 1526 1412 effu·-

135 1426 252 1473 tiunt,
281 1427 314 1466 si
332 1427 537 1466 clamitant
555 1428 694 1474 etiam,
728 1427 762 1466 si
779 1427 969 1477 gestiunt,
1002 1427 1036 1467 si
1053 1438 1204 1467 uocum
1223 1427 1310 1467 eius
1330 1427 1524 1467 sestiuita-

137 1481 263 1529 tibus,
295 1482 329 1521 si
347 1482 522 1522 modulis
543 1483 784 1530 uerborum,
817 1483 851 1522 si
873 1483 1117 1532 quibusdam
1137 1483 1254 1532 quasi
1271 1483 1524 1522 fretamentis

137 1538 428 1585 (orationibus)
457 1544 700 1586 mouentur,
733 1538 991 1588 exagitantur
1008 1543 1048 1578 et
1064 1538 1265 1588 gestiunt,
1298 1548 1384 1579 tum
1401 1539 1524 1586 scias,

136 1593 261 1641 etqui
282 1593 378 1632 dicit
406 1599 447 1633 et
479 1594 547 1643 qui
571 1595 741 1634 audiunt
764 1596 915 1634 frustra
946 1605 1062 1642 esse,
1090 1606 1225 1643 neque
1257 1595 1312 1635 illi
1342 1595 1524 1644 philoso—

93 1650 115 1683 2
133 1649 259 1697 phum
276 1649 401 1698 loqui,
432 1651 507 1689 sed
524 1650 727 1690 tibicinem
746 1662 907 1690 canere.
944 1650 1149 1697 Animus'‚
1180 1650 1323 1700 inquit,
1342 1650 1524 1689 <audien-

135 1703 186 1743 tis
224 1704 537 1754 philosophum,
585 1711 722 1754 [cum]
763 1718 867 1755 quae
898 1706 1088 1745 dicuntur
1120 1705 1232 1744 utilia
1260 1717 1308 1745 ac
1344 1706 1526 1746 salubria

135 1765 291 1800 suntet
321 1772 506 1800 errorum
538 1767 660 1811 atque
691 1762 882 1802 uitiorum
905 1761 1128 1801 medicinas
1162 1763 1382 1809 f(u)erunt,
1414 1763 1523 1801 laxa-

135 1820 315 1854 mentum
347 1822 470 1865 atque
502 1818 628 1857 otium
653 1817 811 1867 prolixe
832 1819 1087 1867 profuseque
1113 1817 1307 1863 laudandi
1330 1818 1523 1858 non'ha-

96 1875 118 1909 3
134 1871 215 1909 bet.
277 1871 469 1921 Quisquis
500 1873 565 1912 ille
591 1879 672 1920 est,
708 1873 776 1922 qui
799 1873 930 1921 audit,
962 1872 1039 1912 nisi
1055 1872 1120 1912 ille
1146 1878 1210 1912 est
1231 1874 1353 1922 plane
1378 1874 1522 1923 deper-

135 1925 264 1974 ditus,
304 1927 410 1966 inter
446 1928 578 1977 ipsam
615 1928 851 1978 philosophi
888 1928 1116 1969 orationem
1153 1934 1194 1968 et
1228 1929 1523 1978 perhorrescat

136 1992 312 2021 necesse
351 1988 416 2022 est
445 1988 485 2022 et
522 1985 676 2033 pudeat
712 1984 859 2024 tacitus
900 1990 940 2023 et
968 1984 1174 2034 paeniteat
1205 1989 1246 2024 et
1273 1985 1452 2033 gaudeat
1483 1989 1523 2024 et

91 2036 370 2084 4admiretur‚
401 2039 541 2079 uarios
572 2040 676 2079 adeo
709 2041 846 2079 uultus
879 2040 1179 2090 disparilesque
1210 2051 1360 2079 sensus
1391 2046 1520 2089 gerat,

132 2091 306 2139 proinde
329 2097 374 2132 ut
399 2105 490 2133 eum
514 2095 892 2145 conscientiamque
918 2095 1006 2135 eius
1033 2096 1231 2135 adfecerit
1254 2100 1521 2144 utrarumque

132 2146 251 2185 animi
268 2148 462 2196 partium,
487 2155 557 2189 aut
572 2150 825 2190 sincerarum
843 2155 911 2190 aut
927 2162 1153 2201 aegrorum,
1178 2150 1415 2201 philosophi
1429 2162 1522 2200 per·

131 2202 349 2241 tractatio’.
