1619 2476
159 47 243 90 216
723 48 866 87 XVIII.
916 59 989 88 xu.

160 164 365 212 ponerent
398 170 444 198 ac
478 158 627 198 deinde
653 159 756 198 haec
786 159 879 198 uice
905 159 1011 200 inter
1038 172 1134 201 sese
1158 167 1300 202 mutua
1329 166 1558 202 uerterent.

119 215 430 257 2quentius
458 215 498 253 in
526 215 817 256 comoedia:

687 293 918 342 pallium,
944 295 1095 345 inquit,

216 348 394 390 Flecoi
426 350 611 398 [facio]
643 358 699 390 ut
728 350 1018 401 splendeat.

158 442 301 480 Nonne
320 442 399 481 hoc
423 440 618 490 inpendio
639 441 853 480 uenustius
871 441 1114 491 gratiusque
1131 446 1215 494 est,
1248 453 1370 491 quarn
1393 441 1428 482 si
1449 442 1556 482 dice-

119 503 142 538 3
159 503 239 536 ret:
272 498 562 536 ‘1naculetur'?
592 499 642 536 Pl
655 502 810 537 antus
833 498 955 537 etiam
970 509 1054 538 non
1072 497 1344 538 dissimiliter:

738 577 864 626 Quid
891 575 1110 618 esthoc?
1138 581 1296 627 rugat
1322 575 1556 627 pallium,

213 630 443 672 Ainictus
470 644 566 672 non
591 645 699 673 sum
724 632 1003 674 commode.

119 714 142 749 4
157 712 302 752 Itidem
317 713 534 752 Plautus
558 725 583 763 p
596 726 622 753 u
634 714 644 751 l
656 726 682 752 u
694 725 716 752 e
727 719 805 753 ret
827 713 936 762 dicit,
956 714 1070 764 quod
1086 724 1169 754 non
1187 714 1359 764 puluere
1374 713 1557 763 impleat,

158 774 223 808 set
244 769 380 818 ipsum
403 770 587 818 pulueris
605 771 774 820 plenum
792 770 861 810 sit:

213 832 401 882 Exitu,
435 836 593 883 Daue,
620 847 741 885 age,
780 835 998 887 sparge;
1039 837 1275 877 mundum
1305 837 1403 876 hoe
1433 835 1556 876 esse

991 891 1303 934 uestibuhim
1325 894 1461 933 uolo.

213 946 388 987 Venus
411 953 634 987 uentura
670 954 754 989 est
782 948 989 998 nostra,
1029 962 1132 990 non
1161 951 1258 990 hoc
1289 948 1554 1000 pulueret.

121 1026 203 1064 51n
249 1025 491 1065 Asinaria
551 1038 719 1076 quoque
775 1029 1104 1078 contemples
1158 1028 1256 1068 dicit
1306 1039 1383 1078 pro
1435 1029 1556 1066 ‘con-

155 1081 414 1130 templeris':

212 1148 446 1197 Me(e)i'11n
495 1156 652 1201 caput
697 1152 1052 1204 contemples‚
1103 1153 1146 1192 si
1187 1153 1389 1203 quidem
1436 1150 1458 1191 e
1504 1162 1557 1190 re

987 1208 1261 1249 consultas
1293 1214 1391 1249 ωτι

116 1285 236 1324 6Cn.
274 1284 475 1324 Gellius
515 1285 555 1324 in
606 1287 905 1326 annalibus:
950 1288 1228 1337 Postquam
1267 1293 1556 1338 tempestas

118 1340 393 1387 Tsedauit‚
432 1341 692 1380 Atherbal
737 1348 938 1382 taurum
976 1343 1275 1383 immolauit.
1347 1345 1401 1383 M.
1436 1345 1557 1385 Cato

155 1395 196 1434 in
243 1395 566 1444 originibus:
609 1398 801 1437 Eodem
840 1409 1115 1438 conuenae
1161 1401 1446 1450 conplures
1498 1413 1558 1442 ex

119 1458 279 1501 Sagro
306 1452 723 1493 accessitauere.
783 1455 850 1495 Eo
876 1465 960 1494 res
984 1466 1160 1495 eorum
1181 1456 1342 1496 auxit.
1386 1458 1556 1498 Varro

154 1507 330 1555 libris,
363 1520 470 1557 quos
507 1509 568 1548 ad
595 1511 898 1550 Marcellum
927 1511 985 1550 de
1016 1511 1198 1561 lingua
1226 1512 1411 1552 Latina
1439 1514 1557 1553 fecit:

154 1563 200 1602 in
229 1563 413 1612 priore
436 1566 600 1606 uerbo
625 1578 815 1616 graues
838 1567 1148 1617 prosodiae,
1173 1580 1302 1618 quae
1323 1570 1556 1618 fuerunt,

154 1626 382 1668 manent;
429 1622 671 1671 reliquae
713 1628 911 1663 mutant
954 1623 1087 1674 inquit
1126 1625 1434 1675 elegantissime
1478 1638 1556 1677 pro

116 1682 137 1717 9
155 1680 431 1716 ‘mutantur'.
492 1679 637 1719 Potest
663 1679 784 1719 etiam
812 1680 854 1718 id
881 1691 1050 1730 quoque
1070 1681 1121 1719 ab
1148 1682 1298 1721 eodem
1318 1683 1558 1723 Varrone

154 1732 194 1770 in
219 1733 442 1781 septimo
478 1734 780 1775 diuinarum
815 1736 1002 1776 similiter
1035 1736 1189 1776 dictum
1211 1737 1365 1777 uideri:
1412 1739 1559 1778 Inter

156 1788 282 1827 duas
323 1789 467 1829 filias
499 1802 673 1840 regum
711 1792 831 1841 quid
869 1798 1052 1840 mutet,
1082 1793 1217 1832 inter
1238 1794 1557 1844 Antigonam

101 1849 202 1885 loet
241 1844 478 1893 Tulliam,
519 1852 599 1887 est
632 1848 1069 1889 animaduertere.
1129 1850 1272 1890 Verba
1314 1854 1452 1890 autem
1486 1863 1556 1902 pa-

154 1899 284 1939 tiendi
328 1913 406 1951 pro
448 1903 666 1952 agentibus
712 1905 752 1944 in
797 1905 988 1946 omnibus
1025 1907 1327 1947 fermemodum
1366 1911 1556 1948 ueterum

156 1956 323 2005 scriptis
358 1959 664 2021 repperiuntur.
732 1962 795 2000 Ex
832 1962 983 2011 quibus
1015 1967 1113 2002 sunt
1141 1973 1277 2013 pauca
1312 1963 1412 2011 ista,
1449 1975 1556 2013 quae.

157 2023 266 2051 nune
291 2014 575 2055 meminimus:
606 2019 820 2057 ‘muneror
840 2021 897 2057 te'
921 2030 998 2069 pro
1018 2021 1225 2059 ‘munero'
1248 2024 1289 2059 et
1307 2019 1552 2069 ‘significor'

157 2079 233 2116 pro
267 2069 489 2118 ‘significo'
516 2078 556 2111 et
590 2073 836 2114 ‘sacrificor’
868 2085 945 2125 pro
976 2075 1201 2116 ‘sacrifico'
1231 2081 1271 2115 et
1306 2076 1553 2117 ‘adsentior'

156 2134 232 2171 pro
258 2125 482 2165 ‘adsentio’
508 2133 550 2167 et
571 2129 796 2169 ‘faeneror'
820 2142 896 2179 pro
922 2131 1127 2171 ‘faenero'
1155 2136 1196 2171 et
1218 2132 1448 2182 ‘pigneror'
1475 2143 1552 2182 pro

157 2178 364 2227 pignero'
399 2187 439 2221 et
464 2183 542 2222 alia
572 2184 807 2225 istiusmodi
827 2188 1049 2240 pleraque,
1081 2198 1209 2240 quae,
1240 2188 1418 2238 proinde
1438 2193 1484 2228 ut
1512 2187 1552 2226 in
1610 2230 1619 2236 ,

156 2232 332 2280 legendo
359 2238 508 2278 fuerint
531 2240 672 2286 obuia,
705 2242 969 2281 notabuntur.
1592 2245 1598 2250 ’
