1603 2508
459 78 609 116 INDEX
652 77 1014 116 CAPITVLORVM.
1417 78 1446 119 9

142 191 260 228 XXII.
290 193 344 229 De
374 197 485 229 uento
518 193 660 240 iapyge
692 191 812 239 deque
838 192 996 228 aliorum
1018 197 1215 229 uentorum
1247 196 1444 232 uocabulis

28 248 323 296 regionibusque
341 253 496 297 accepta
518 260 566 285 ex
580 249 758 285 Fauorini
776 250 1026 285 sermonibus.

142 305 275 342 XXIII.
306 305 536 343 Consultatio
555 304 850 353 diiudicatioque
873 307 1042 342 locorum
1060 307 1157 343 sacta
1173 318 1220 343 ex
1245 308 1445 345 comoedia

29 361 227 398 Menandri
244 367 279 399 et
296 362 468 407 Caecilii,
487 373 582 410 quae
598 363 767 398 Plocium
784 363 963 409 inscripta
983 366 1052 399 est.

142 418 290 455 XXIIII.
316 419 369 455 De
392 424 520 456 uetere
547 419 800 466 parsimonia3
835 418 955 466 deque
984 420 1144 466 antiquis
1170 421 1316 468 legibus
1345 432 1446 458 sum-

28 476 200 522 ptuariis.

142 531 262 568 XXV.
305 532 403 577 Quid
440 533 571 569 Graeci
615 522 853 581 ἀντιλογίαν,
898 532 988 578 quid
1034 538 1163 569 contra
1214 525 1447 582 ἀνωμαλίαν

33 592 180 625 uocent.

142 645 278 681 XXVI.
306 644 509 682 Sermones
534 645 585 681 M.
603 645 802 681 Frontonis
821 649 855 680 et
870 645 1046 681 Fauorini
1064 645 1282 694 philosophi
1310 647 1356 684 de
1381 660 1444 696 ge-

31 703 183 739 neribus
200 703 368 738 colorum
383 703 652 748 uocabulisque
670 713 800 738 eorum
821 701 974 738 Graecis
991 707 1026 738 et
1045 703 1206 749 Latinis,
1198 715 1206 722 ·
1225 708 1334 751 atque
1353 706 1444 742 inibi

31 759 136 795 color
153 758 291 806 spadix
307 758 521 795 cuiusmodi
543 759 602 795 sit.

14 814 18 815 ⁷
140 815 293 851 XXVII.
324 815 481 860 QuidT
503 814 703 852 Castricius
733 816 952 852 existimarit
982 827 1095 863 super
1121 816 1290 854 Sallustii
1318 819 1444 855 uerbis

31 876 67 908 et
80 870 344 908 Demosthenis
357 873 517 919 ‚quibus
536 874 627 909 alter
641 872 854 919 Philippum
874 872 1098 919 descripsit,
1117 874 1210 910 alter
1224 873 1445 911 Sertorium.

141 928 310 965 XXVIII.
352 929 437 965 Non
468 940 554 966 esse
581 934 832 977 compertum,
867 931 925 965 cui
956 929 1026 965 deo
1060 941 1140 966 rem
1171 931 1339 968 diuinam
1362 931 1444 969 fieri

33 988 220 1033 oporteat,
237 996 322 1022 cum
334 989 435 1022 terra
449 991 589 1022 mouet.

142 1042 331 1078 XXVIIII.
357 1044 556 1090 Apologus
572 1044 715 1090 Aesopi
733 1043 897 1090 Phrygis
915 1048 1123 1080 memoratu
1139 1055 1214 1080 non
1232 1046 1385 1082 inutilis.

141 1098 260 1134 XXX.
302 1098 401 1143 Quid
424 1101 665 1135 obseruatum
697 1100 742 1135 sit
773 1100 810 1134 in
839 1099 1027 1136 undarum
1057 1102 1239 1146 motibus,
1280 1113 1375 1148 quae
1407 1104 1444 1138 in

29 1156 123 1191 mari
145 1156 217 1192 alio
234 1159 344 1202 atque
371 1156 443 1192 alio
460 1156 573 1191 modo
592 1156 683 1192 fiunt
706 1157 842 1192 austris
867 1154 1043 1192 flantibus
1072 1158 1398 1205 aquilonibusque.

409 1240 672 1280 CAPITVLA
711 1239 851 1279 LIBRI
890 1241 1076 1280 TERTII.

141 1317 170 1353 Ι.
210 1317 429 1363 Quaesitum
455 1322 564 1364 atque
590 1320 805 1361 tractatum,
840 1328 951 1364 quam
983 1319 1029 1354 ob
1062 1329 1217 1355 causam
1243 1317 1444 1357 Sallustius

17 1374 226 1411 »auaritiam
243 1374 379 1411 dixerit
404 1385 479 1410 non
504 1375 668 1410 animum
694 1374 807 1410 modo
836 1375 1000 1419 uirilem,
1033 1375 1101 1410 sed
1128 1386 1266 1422 corpus
1295 1387 1443 1424 quoque

28 1431 153 1478 ipsum
169 1430 404 1469 effeminare.

140 1488 186 1524 ΙΙ.
217 1488 425 1533 Quemnam
450 1498 536 1523 esse
566 1488 728 1523 natalem
761 1487 859 1523 diem
883 1488 934 1524 M.
962 1488 1085 1524 Varro
1112 1488 1231 1533 dicat,
1266 1489 1328 1535 qui
1358 1494 1443 1525 ante

21 1545 149 1587 ,noctis
167 1545 300 1581 horam
318 1549 463 1581 sextam
478 1548 613 1591 postue
631 1555 716 1580 eam
732 1545 807 1581 nati
825 1549 929 1588 sunt;
962 1549 1072 1592 atque
1093 1546 1182 1582 inibi
1203 1545 1249 1582 de
1268 1547 1443 1593 tempori-

29 1602 100 1640 bus
128 1601 372 1648 terminisque
401 1601 566 1645 dierum,
595 1602 657 1648 qui
683 1601 815 1638 ciuiles
839 1602 1079 1638 nominantur
1108 1607 1143 1638 et
1168 1613 1442 1650 usquequaque

29 1659 197 1706 gentium
213 1659 320 1695 uarie
338 1660 608 1702 obseruantur3
640 1662 675 1693 et
697 1662 896 1704 praetcrea
913 1658 1003 1705 quid
1021 1658 1065 1703 Q.
1084 1659 1231 1696 Mucius
1249 1661 1445 1706 scripserit

30 1726 145 1762 super
160 1726 206 1752 ea
221 1715 399 1759 muliere,
427 1725 521 1762 quae
547 1725 568 1750 a
594 1717 726 1751 marito
755 1726 830 1750 non
857 1715 937 1751 iure
964 1726 1004 1751 se
1026 1717 1308 1762 usurpauisset‚
1341 1717 1444 1763 quod

28 1772 212 1808 rationem
230 1772 352 1808 ciuilis
370 1772 458 1809 anni
474 1781 549 1807 non
563 1771 748 1807 habuerit.

0 1822 1 1826 ’
40 1867 42 1869 ‚
142 1829 203 1864 111.
233 1828 286 1864 De
303 1828 508 1865 noscendis
526 1828 844 1875 explorandisque
861 1828 980 1864 Plauti
1005 1828 1233 1873 comoediis,
1265 1830 1443 1876 quoniam

26 1885 218 1932 promisce
237 1895 350 1921 uerae
368 1889 478 1932 atque
497 1885 614 1921 salsae
634 1886 784 1921 nomine
801 1885 882 1921 eius
899 1886 1103 1932 inscriptae
1122 1886 1311 1931 seruntur3
1331 1890 1442 1934 atque

18 1934 139 1987 inibi,
156 1940 258 1988 quod
273 1942 426 1978 Plautus
443 1946 479 1978 et
494 1941 661 1978 Naeuius
678 1943 716 1978 in
734 1952 886 1978 carcere
904 1942 1051 1979 fabulas
1072 1942 1327 1989 scriptitarint.

143 1998 222 2034 IIII.
253 1998 364 2042 Quod
386 1999 428 2034 P.
444 1998 624 2034 Africano
651 2003 687 2034 et
705 1999 789 2035 aliis
815 2002 901 2035 tunc
919 1999 1010 2034 uiris
1030 2000 1217 2035 nobilibus
1237 2003 1322 2035 ante
1342 2004 1443 2036 aeta-

29 2056 104 2090 tem
121 2058 313 2091 senectam
329 2056 485 2092 barbam
508 2058 544 2090 et
559 2066 680 2102 genas
698 2055 833 2092 radere
851 2066 934 2091 mos
951 2056 1096 2102 patrius
1114 2057 1195 2092 fuit.

18 2114 29 2159 J
141 2112 192 2147 V.
221 2111 449 2147 Deliciarum
474 2112 604 2147 uitium
629 2116 665 2148 et
688 2113 864 2148 mollities
897 2113 1092 2148 oculorum
1125 2117 1161 2148 et
1193 2113 1363 2159 corporis
1395 2113 1441 2149 ab

27 2166 202 2205 Arcesila
216 2167 444 2215 philosopho
462 2168 613 2205 cuidam
630 2170 857 2215 obprobrata
884 2170 1018 2205 acerbe
1046 2170 1155 2205 simul
1183 2173 1219 2204 et
1245 2170 1441 2205 sestiuiter.

26 2222 46 2260 ’.
141 2225 207 2260 VI.
233 2224 287 2260 De
306 2225 343 2260 ui
360 2229 470 2271 atque
486 2229 618 2261 natura
642 2226 789 2272 palmae
817 2225 962 2261 arboris
978 2254 986 2270 ,
1020 2225 1122 2273 quod
1148 2227 1292 2274 lignum
1321 2237 1368 2262 ex
1397 2236 1443 2261 ea

26 2279 262 2325 ,ponderibus
277 2281 412 2330 positis
429 2281 623 2317 renitatur.
