1619 2476
142 31 226 72 224
733 31 895 70 XVlnl.
919 42 958 70 v.

104 144 264 195 2liares
297 143 396 191 mei,
430 141 691 191 eloquentiae
723 147 792 182 aut
823 143 1114 194 philosophiae
1142 147 1390 185 sectatores.
1453 143 1552 183 Erat

143 201 359 241 nobiscum
383 199 445 238 uir
465 200 601 238 bonus
634 210 685 237 ex
712 198 984 249 peripatetica
1001 200 1241 252 disciplina,
1268 200 1378 239 bene
1403 199 1552 240 doctus

103 271 125 306 3
143 262 183 296 et
206 255 523 295 Aristotelis
547 254 667 294 unice
695 255 1045 297 studiosissimus.
1107 259 1146 297 Is
1178 267 1258 297 nos
1279 267 1431 307 aquam
1453 257 1553 296 mul-

140 319 222 351 tam
249 324 299 351 ex
327 311 453 350 diluta
476 311 571 351 niue
593 311 785 351 bibentes
809 313 1035 353 coercebat
1054 313 1333 363 seueriusque
1363 312 1551 362 increpa-

141 370 212 408 bat
230 368 537 418 adhibebatque
562 368 684 408 nobis
703 369 976 410 auctoritates
1002 370 1202 410 nobilium
1225 368 1484 408 medicorum
1513 374 1554 408 et

143 424 380 474 cumprimis
399 423 718 464 Aristotelis
739 425 995 476 philosophi,
1026 427 1085 466 rei
1103 425 1238 467 omnis
1261 426 1466 464 humanae
1483 437 1552 474 pe·
1616 427 1619 432 ⁴

141 480 342 528 ritissimi‚
378 480 446 530 qui
470 492 621 530 aquam
647 480 825 520 niualem
853 483 1045 532 frugibus
1070 494 1172 523 sane
1198 487 1239 522 et
1255 481 1475 521 arboribus
1498 482 1536 520 fe

142 538 319 578 eundum
342 538 518 585 diceret,
551 538 627 577 sed
652 538 888 578 hominibus
916 545 1018 589 potu
1036 539 1160 580 nimio
1178 538 1432 579 insalubrem
1457 549 1554 578 esse

141 596 363 643 tabemque
381 599 422 633 et
440 594 610 634 morbos
629 594 783 633 sensim
806 600 931 644 atque
947 596 986 634 in
1007 596 1116 636 diem
1135 597 1301 646 longam
1318 593 1552 635 uisceribus
1618 589 1619 595 ¹

99 714 126 746 4
142 662 523 756 mseilfflg‘clrguidem
540 706 605 746 ille
623 708 675 746 ad
691 718 769 747 nos
787 708 1013 757 prudenter
1037 714 1079 748 et
1093 708 1287 748 beniuole
1313 712 1353 747 et
1379 707 1554 747 adsidue
1617 719 1619 766 j

143 764 367 803 dictitabat.
430 764 513 803 Sed
535 774 628 803 cum
649 763 853 803 bibendae
878 765 984 804 niuis
1002 777 1136 816 pausa
1158 765 1277 804 fieret
1296 765 1430 812 nulla,
1459 775 1553 814 pro-

143 821 213 859 mit
232 832 254 859 e
272 819 522 859 bibliotheca
539 820 713 868 Tiburti,
747 831 854 870 quae
871 826 970 861 tunc
996 822 1035 861 in
1054 821 1244 861 Herculis
1271 821 1424 870 templo
1452 820 1552 859 satis
1618 844 1619 847 =

143 877 364 917 commode
381 876 583 916 instructa
606 876 719 916 libris
740 883 838 924 erat,
868 878 957 917 Ari
975 878 1188 918 stotelis
1205 877 1353 916 librum
1375 887 1554 926 eumque

144 935 194 972 ad
218 945 296 972 nos
327 933 460 972 adfert
492 938 533 972 et
555 933 699 973 ‘huius
734 935 918 981 saltem'‚
946 934 1100 984 inquit,
1133 932 1453 984 <sapientissimi
1479 932 1555 972 uiri

143 989 282 1029 uerbis
309 989 462 1029 credite
488 1001 536 1028 ae
557 989 733 1029 desinite
752 990 1020 1030 ualitudinem
1039 996 1222 1031 uestram
1239 989 1496 1040 profligare'.

101 1054 122 1087 5
224 1048 266 1084 In
291 1058 340 1085 eo
360 1046 462 1086 libro
482 1046 682 1095 scriptum
708 1046 800 1094 fuit,
833 1046 1097 1087 deterrimam
1119 1058 1215 1088 esse
1240 1051 1343 1097 potu
1361 1057 1511 1096 aquam
1533 1057 1556 1085 e

145 1103 240 1142 niue
265 1102 447 1151 itemque
474 1103 648 1142 solidius
674 1103 882 1152 latiusque
905 1109 1144 1143 concretam
1168 1114 1265 1144 esse
1287 1114 1399 1151 eam,
1432 1114 1556 1152 quam

146 1155 476 1208 (κρύσταλλον
502 1160 648 1199 Gracci
673 1161 904 1209 appellant;
938 1171 1150 1210 causaque
1175 1159 1229 1199 ibi
1254 1159 1467 1209 adscripta
1492 1163 1558 1199 est

108 1224 130 1258 6
149 1216 455 1255 huiuscemodi:
489 1221 501 1238 ³
517 1216 731 1266 quoniam,
765 1227 857 1255 cum
881 1228 990 1266 aqua
1011 1217 1165 1266 frigore
1185 1215 1291 1256 aeris
1320 1216 1492 1255 duratur
1517 1220 1558 1254 et

147 1272 249 1320 coit,
280 1282 503 1312 necessum
538 1277 621 1320 est,
654 1272 742 1311 fieri
768 1273 1112 1321 euaporationem
1137 1278 1177 1312 et
1205 1272 1413 1322 quandam
1436 1271 1556 1321 quasi

107 1335 126 1370 7
145 1340 285 1367 auram
309 1328 594 1368 tenuissimam
620 1329 793 1376 exprimi
820 1341 871 1367 ex
895 1340 943 1367 ea
966 1334 1007 1368 et
1039 1339 1246 1368 emanare.
1306 1328 1353 1367 Id
1383 1330 1554 1379 autem'‚

145 1384 297 1433 inquit,
330 1385 384 1423 ‘in
405 1396 454 1423 ea
473 1384 729 1424 leuissimum
747 1389 831 1432 est,
862 1385 976 1433 quod
1010 1389 1284 1434 euaporatur3
1316 1389 1456 1423 manet
1486 1395 1555 1423 au-

146 1447 241 1488 tern,
277 1441 390 1489 quod
408 1446 472 1480 est
496 1441 678 1490 grauius,
712 1446 753 1480 et
773 1440 986 1480 sordidius
1006 1446 1046 1480 et
1066 1439 1334 1494 insalubrius,
1352 1445 1476 1490 atque
1499 1440 1553 1489 id,

147 1498 271 1547 pulsu
293 1497 400 1536 aeris
417 1498 693 1545 uerberatum,
713 1496 752 1536 in
780 1497 947 1537 modum
973 1498 1243 1547 coloremque
1269 1508 1444 1547 spumae
1462 1507 1555 1536 can-

110 1560 133 1594 8
151 1553 272 1592 didae
303 1553 444 1593 oritur.
507 1554 591 1593 Sed
614 1554 888 1603 aliquantum,
925 1554 1039 1603 quod
1061 1558 1126 1594 est
1145 1553 1374 1603 salubrius,
1406 1553 1555 1593 difflari

149 1616 273 1659 atque
295 1610 515 1660 euaporari
539 1622 589 1649 ex
615 1611 730 1658 niue,
763 1610 957 1650 indicium
977 1610 1078 1650 illud
1101 1615 1186 1658 est,
1217 1610 1331 1660 quod
1355 1609 1489 1650 minor
1510 1610 1556 1649 fit

147 1667 234 1714 illo,
269 1667 382 1716 quod
402 1672 497 1706 ante
521 1668 672 1715 fuerat,
705 1678 827 1716 quam
852 1671 1159 1707 concresceret.

112 1731 133 1766 9
233 1723 476 1773 Verbaipsa
493 1723 813 1764 Aristotelis
834 1735 886 1763 ex
908 1735 957 1763 eo
976 1723 1079 1763 libro
1099 1734 1236 1773 pauca
1251 1722 1411 1773 sumpsi
1430 1728 1470 1763 et
1486 1723 1555 1762 ad-

149 1779 319 1829 scripsi:
359 1777 466 1820 Διὰ
508 1780 560 1818 τί
594 1775 654 1819 τὰ
689 1774 790 1819 ἀπὸ
832 1776 1046 1845 χιόνος
1063 1776 1152 1819 καὶ
1187 1775 1555 1831 κρυστάλλων

149 1830 323 1875 ὕδατα
347 1832 532 1888 φαῦλά
550 1833 720 1884 ἐστινς
739 1829 850 1876 Ότι
879 1832 1085 1884 παντὸς
1109 1829 1315 1884 ὕδατος
1340 1848 1554 1888 πηγνυ-

150 1890 319 1943 μένου
336 1891 391 1931 τὸ
410 1888 751 1932 λεπτότατον
774 1889 864 1932 καὶ
886 1888 1240 1958 κουφότατον
1264 1889 1553 1958 ἐξατμίζει.

151 1949 400 2012 Σημεῐον
433 1947 512 2002 δέ,
547 1943 630 1988 ὅτι
661 1948 902 1989 ἔλαττον
932 1949 1152 2013 γίνεται
1191 1941 1220 2001 ἢ
1250 1961 1554 2015 upqupov3

151 1998 284 2044 ὅταν
335 2005 470 2070 τακῇ
529 2002 715 2071 παγέν.
787 2000 1233 2071 Ἀπεληλυθότος
1294 2003 1395 2044 οὐν
1449 2017 1551 2044 του

150 2054 572 2129 ὑγιεινοτάτου,
607 2056 817 2114 ἀνάγκη
846 2057 950 2115 ἀεί,
981 2057 1038 2101 τὸ
1061 2058 1552 2114 καταλειπόμενον

97 2121 341 2167 Ιοχεῑρον
375 2112 538 2158 εἶναι.
580 2119 671 2158 Hoc
694 2119 764 2157 ubi
778 2119 975 2169 legimus
1003 2117 1157 2168 placuit
1179 2118 1382 2158 honorem
1400 2116 1551 2158 doctis-

152 2172 255 2212 simo
273 2174 363 2214 uiro
381 2174 524 2213 haberi
543 2177 581 2214 A
595 2175 782 2215 ristote
795 2175 844 2214 li.
905 2177 1044 2224 Atque
1062 2174 1116 2214 ita
1133 2181 1282 2224 postea
1298 2186 1376 2225 ego
1398 2174 1551 2213 bellurn

153 2232 193 2265 et
214 2229 352 2269 odium
369 2230 452 2269 niui
475 2231 624 2278 indixi,
654 2231 719 2270 alii
738 2231 916 2272 indutias
936 2242 1027 2270 cum
1045 2242 1095 2270 ea
1109 2230 1224 2271 uarie
1241 2231 1491 2270 factitabant.
1574 2233 1580 2235 ⁴
