1619 2476
157 57 239 98 222
738 52 901 92 XVIIII.
925 63 970 91 11.

158 168 372 211 uocabulis
388 165 532 206 Graeci
548 167 757 216 appellant
772 166 838 205 uel
856 157 1084 215 [ἀκρατεῖς
1092 165 1185 213 uel]
1205 168 1217 188 ³
1229 158 1553 214 ἀκολάστους’;

154 238 237 266 nos
271 236 345 264 eos
371 224 437 262 uel
465 221 816 262 ‘incontinentes’
851 220 1025 260 dicimus
1054 222 1122 260 uel
1154 220 1554 272 ‘intemperantes':

159 276 435 327 ἀκολάστους
467 278 596 331 enim,
630 278 665 318 si
698 276 958 328 interpretari
986 276 1170 317 coactius
1199 277 1326 326 uelis,
1363 277 1483 317 nimis
1513 277 1557 317 id

121 345 143 380 3
159 338 331 378 uerbum
353 336 537 375 insolens
559 334 647 374 erit.
708 336 816 374 Istae
839 338 975 374 autem
998 335 1234 384 uoluptates
1267 334 1374 374 duae
1405 339 1554 384 gustus

160 399 284 444 atque
324 397 479 438 tactus,
513 392 554 431 id
590 396 654 431 est
686 390 875 430 libidines
904 390 943 429 in
981 389 1096 430 eibos
1131 394 1256 440 atque
1281 390 1321 430 in
1346 390 1555 430 Venerem

161 450 382 501 prodigae,
415 450 530 488 solae
553 452 650 487 sunt
685 447 917 488 hominibus
956 457 1198 487 communes
1233 457 1327 487 eum
1359 445 1492 486 beluis
1515 451 1556 485 et

158 506 311 546 idcirco
340 505 380 544 in
408 506 615 555 pecudum
640 505 904 553 ferorumque
922 503 1156 543 animalium
1178 514 1351 543 numero
1366 502 1553 550 habetur,

120 571 142 605 4
161 562 349 613 quisquis
367 566 432 601 est
448 561 510 601 his
533 560 672 600 ferinis
697 559 981 610 uoluptatibus
998 559 1288 610 praeuinetus;
1323 563 1484 599 ceterae
1502 569 1554 598 ex

158 619 289 659 tribus
320 617 409 657 aliis
443 618 635 657 sensibus
670 616 985 667 proficiscentes
1027 615 1238 657 hominum
1268 626 1365 656 esse
1395 619 1553 655 tantum

159 675 352 726 propriae
382 674 585 713 uidentur.

123 740 143 772 5
242 731 381 770 Verba
409 741 536 780 supe1
556 731 632 769 hac
658 741 703 769 re
725 728 1042 770 Aristotelis
1064 727 1301 779 philosophi
1328 727 1553 778 adscripsi;

163 793 205 827 ut
234 789 301 827 uel
324 787 550 826 auctoritas
577 787 674 826 clari
704 791 828 836 atque
848 785 990 825 incluti
1011 785 1090 825 uiri
1109 790 1192 825 tam
1224 784 1443 825 infamibus
1476 795 1554 824 nos

160 843 443 907 uoluptatibus
462 844 708 883 deterreret:
734 838 842 882 Διὰ
870 842 922 881 τί
944 840 998 882 oc
1023 836 1157 882 κατὰ
1169 838 1291 906 τὴν
1299 841 1393 893 τῆς
1413 835 1554 905 ἁφῆς

160 893 186 952 ἢ
219 895 464 965 γεύσεως
501 894 716 951 ἡδονὴν
750 895 1122 952 γιγνομένην,
1161 890 1232 937 ἂν
1245 891 1555 967 ὑπερβάλ-

161 958 358 1008 λωσιν,
392 949 651 1021 ἀκρατεῖς
687 954 970 1007 λέγονται;
1007 954 1060 995 οἵ
1096 968 1150 994 τε
1191 948 1298 1007 γὰρ
1335 951 1464 1006 περὶ
1495 947 1555 992 τὰ

161 986 464 1065 ἀφροδίσια
490 1007 793 1053 ἀκόλαστοι
827 1025 1102 1060 τοιουτοι,
1134 1009 1188 1051 οί
1214 1023 1270 1051 τε
1305 1007 1432 1076 περὶ
1464 1004 1557 1058 τὰς

161 1070 255 1133 τῆς
285 1069 499 1134 τροφῆς
528 1063 888 1117 ἀπολαύσεις·
919 1069 1024 1108 τῶν
1058 1065 1115 1108 δὲ
1144 1062 1280 1108 κατὰ
1305 1061 1415 1134 τὴν
1427 1079 1556 1133 τρο-

162 1121 290 1178 φήν,
322 1120 408 1165 ἀπ’
447 1123 613 1164 ἐνίων
643 1122 743 1177 μὲν
772 1123 830 1164 ἐν
864 1125 924 1179 τῇ
964 1120 1183 1190 γλώττῃ
1220 1118 1277 1163 τὸ
1309 1118 1437 1189 ἡδύ,
1468 1115 1552 1162 ἀπ’

163 1181 328 1221 ἐνίων
371 1180 427 1222 δὲ
464 1179 522 1221 ἐν
563 1182 633 1237 τῷ
672 1178 937 1247 λάρυγγι,
986 1176 1077 1222 διὸ
1125 1178 1214 1221 καὶ
1251 1154 1558 1228 Φιλόξενος

161 1235 411 1304 γεράνου
446 1223 695 1291 λάρυγγα
732 1233 925 1290 εύχετο
967 1237 1137 1303 ἔχειν·
1169 1231 1198 1289 ἢ
1241 1231 1332 1276 διὰ
1366 1231 1424 1276 τὸ
1465 1229 1558 1283 τὰς

162 1289 266 1352 ἀπὸ
307 1292 521 1334 τούτων
556 1293 897 1361 γιγνομένας
935 1288 1145 1357 ἡδονὰς
1186 1288 1379 1340 κοινὰς
1408 1285 1558 1332 εἶναι

162 1345 293 1403 ἡμῖν
333 1349 424 1389 και
463 1355 576 1397 τοις
616 1345 806 1397 αλλοις
842 1347 1023 1398 ζώοιςς
1079 1344 1170 1388 ἅτε
1209 1343 1396 1388 οὐσῶν
1435 1360 1559 1387 κοι-

163 1406 296 1458 νῶν,
355 1401 687 1470 ἀτιμόταταί
731 1405 840 1445 εἰσι
877 1403 965 1445 καὶ
1001 1402 1264 1472 μάλιστα,
1311 1397 1339 1457 ἢ
1367 1401 1558 1469 μόναι

164 1461 570 1514 ἐπονείδιστοι,
602 1456 670 1510 ὡς
709 1457 809 1501 τὸν
840 1455 944 1501 ὑπὸ
984 1457 1200 1501 τούτων
1236 1456 1560 1514 ἡττώμενον

164 1516 420 1585 ψέγομεν
443 1516 533 1558 και
581 1512 793 1570 ἀκρατῆ
832 1516 922 1557 καὶ
966 1512 1276 1558 ἀκόλαστον
1321 1516 1560 1569 λέγομεν

166 1572 254 1615 διὰ
296 1571 357 1615 τὸ
397 1569 503 1615 ὑπὸ
543 1574 652 1614 τῶν
682 1574 982 1639 χειρίστων
1016 1568 1254 1639 ἡδονῶν
1266 1568 1558 1639 ἡττᾶσθαι.

169 1629 366 1672 Οὐσων
398 1629 453 1671 δε
482 1632 589 1670 τῶν
630 1627 952 1695 αἰσθήσεων
982 1626 1260 1695 πέντε,τά
1292 1624 1427 1670 ἅλλα
1457 1628 1561 1677 ζῶα

166 1682 269 1727 ἀπὸ
309 1688 421 1727 τῶν
462 1683 559 1727 δύο
604 1683 792 1753 μόνων
822 1681 1039 1752 ἥδεται,
1081 1660 1216 1726 κατὰ
1253 1682 1310 1726 δε
1340 1680 1432 1733 τὰς
1461 1679 1559 1725 αλ·-

166 1746 260 1792 λας
303 1738 330 1796 ἢ
377 1740 515 1791 όλως
572 1738 667 1795 οὐχ
709 1737 906 1794 ἥδεται
954 1737 982 1795 ἢ
1025 1737 1160 1782 κατὰ
1205 1736 1561 1795 συμβεβηκὸς

129 1807 150 1841 6
167 1801 330 1840 τοῦτο
361 1797 573 1851 πάσχει.
637 1799 733 1849 Quis
757 1799 879 1849 igitur
894 1799 1052 1839 habens
1070 1798 1223 1848 aliquid
1238 1798 1406 1838 humani
1427 1798 1561 1847 pudo-

167 1857 223 1896 ris
245 1857 528 1906 uoluptatibus
544 1856 633 1896 istis
658 1857 818 1895 duabus
836 1855 1013 1895 coeundi
1029 1859 1153 1905 atque
1170 1852 1429 1902 comedendi,
1454 1863 1561 1903 quae

132 1918 151 1953 7
170 1918 266 1952 sunt
281 1913 435 1953 homini
454 1924 546 1952 cum
569 1924 643 1952 sue
667 1916 792 1961 atque
808 1912 924 1952 asino
950 1922 1204 1959 communes,
1234 1911 1439 1960 gaudeat?
1469 1909 1561 1949 So-

172 1974 343 2008 crates
367 1969 531 2018 quidem
555 1968 717 2007 dicebat
739 1970 891 2008 multos
915 1968 1104 2008 homines
1126 1971 1352 2017 propterea
1371 1967 1479 2006 uelle
1503 1965 1561 2005 ui·

169 2036 289 2073 uere,
321 2030 367 2064 ut
383 2026 553 2064 ederent
574 2030 614 2063 et
633 2025 839 2072 biberent,
871 2036 918 2064 se
943 2024 1083 2063 bibere
1105 2027 1229 2072 atque
1249 2034 1356 2071 esse,
1384 2027 1435 2062 ut-
1447 2021 1561 2061 uiue-

135 2086 246 2122 gret.
308 2081 664 2131 Hippocrates
700 2085 854 2128 autem,
887 2080 1025 2120 diuina
1047 2079 1111 2119 uir
1142 2079 1329 2127 seientia,
1365 2079 1418 2118 de
1449 2077 1559 2117 coitu

171 2137 339 2177 uenerio
356 2137 412 2176 ita
434 2137 711 2184 existimabat,
743 2141 901 2186 partem
925 2147 1021 2176 esse
1038 2135 1244 2185 quandam
1264 2134 1396 2175 morbi
1410 2138 1557 2174 taeter-

173 2192 273 2239 rimi,
292 2204 414 2242 quem
430 2193 561 2232 nostri
571 2192 847 2232 comitialem’
860 2192 1070 2239 dixerunt
1089 2203 1267 2241 namque
1283 2202 1413 2241 lpsius
1430 2190 1558 2230 uerba

172 2247 274 2286 haee
293 2249 529 2287 traduntur:
563 2243 660 2299 ετὴν
683 2247 930 2287 συνουσίαν
959 2242 1072 2287 εἶναι
1095 2243 1261 2300 μικρὰν
1290 2244 1557 2298 ἐπιληψίαν’.
1564 2245 1570 2249 ”
