1603 2508
651 86 715 124 ΙΙΙ.
743 96 787 123 11.
806 96 867 124 111.
1333 50 1337 52 *
1370 81 1450 123 115

61 201 226 238 noctem
249 196 479 236 inlucescit.
519 198 587 236 Ad
612 197 691 236 hoc
719 196 820 236 ritus
845 208 1013 247 quoque
1038 202 1079 236 et
1097 208 1189 236 mos
1212 195 1452 246 auspicandi
1467 206 1510 238 10

62 254 237 294 eandem
263 264 358 293 esse
376 254 713 294 obseruationem
738 254 882 293 docet:
906 265 1000 293 narn
1018 253 1303 302 magistratus,
1327 263 1452 302 quan-

62 311 116 350 do
136 320 221 349 uno
246 309 313 349 die
337 309 397 349 eis
419 310 720 360 auspicandum
752 314 816 349 est
839 316 878 348 et
905 310 966 357 id,
998 321 1126 359 super
1153 321 1235 358 quo
1266 308 1454 359 auspica-

61 370 231 414 uerunt,
255 366 475 415 agendum,
497 372 595 416 post
616 365 791 405 mediam
813 371 980 406 noctem
1003 366 1271 415 auspicantur
1295 370 1334 404 et
1356 370 1455 415 post

62 421 273 462 meridiem
302 423 392 462 sole
416 426 583 471 magn[0
614 427 758 472 ag]unt
794 422 1079 472 auspicatique
1117 433 1212 462 esse
1243 427 1283 461 et
1315 422 1452 471 egisse

64 480 212 519 eodem
233 478 300 518 die
323 478 527 518 dicuntur.
567 480 788 518 Praeterea
805 478 956 518 tribuni
980 478 1135 529 plebei,
1170 489 1277 528 quos
1298 480 1453 518 nullum
1469 487 1510 521 11

64 535 170 574 diem
199 535 351 574 abesse
381 536 514 575 Roma
544 535 656 583 licet,
690 546 782 574 cum
815 541 912 585 post
945 535 1121 574 mediam
1144 540 1309 575 noctem
1331 535 1454 584 profi-

28 611 35 613 *
64 592 276 631 ciscuntur
305 596 346 630 et
375 596 474 642 post
501 592 675 642 primam
700 593 830 630 facem
866 597 960 631 ante
994 592 1172 631 mediam
1210 597 1454 640 sequentem

62 652 347 695 reuertuntur,
385 659 467 688 non
501 648 695 687 uidentur
731 649 887 688 afuisse
914 661 1041 688 unum
1079 648 1207 695 diem,
1247 648 1453 697 quoniam,

63 709 158 743 ante
186 704 332 744 horam
361 705 496 744 noctis
527 709 686 744 sextam
716 705 917 754 regressi,
955 710 1074 755 parte
1111 705 1248 753 aliqua
1276 704 1383 744 illius
1416 704 1455 742 in

61 760 164 800 urbe
183 761 316 801 Roma
339 766 448 800 sunt.

145 817 224 866 [Q.]
243 828 412 867 quoque
429 818 647 858 Mucium
670 819 996 859 iureconsultum
1019 818 1156 858 dicere
1178 817 1344 859 solitum
1362 817 1452 866 legi,
1471 825 1514 858 12

62 885 143 914 non
171 884 267 913 esse
292 878 535 924 usurpatam
556 874 788 922 mulierem,
820 886 947 924 quae,
978 887 1070 915 eum
1093 874 1290 914 Kalendis
1314 875 1455 913 Ianua-

62 929 131 969 riis
152 930 264 979 apud
282 929 418 970 uirum
439 931 686 971 matrimonii
708 942 835 970 causa
856 943 951 971 esse
972 932 1202 983 coepisset,
1229 936 1325 972 ante
1347 930 1455 969 diem

62 987 144 1026 1111.
175 986 385 1026 Kalendas
414 988 623 1027 Ianuarias
665 994 890 1037 sequentes
927 994 1172 1038 usurpatum
1209 988 1332 1028 isset:
1372 999 1455 1026 non
1471 993 1514 1028 13

63 1042 171 1081 enim
197 1054 328 1092 posse
356 1042 517 1094 impleri
548 1044 804 1092 trinoctium,
843 1046 956 1093 quod
986 1045 1136 1085 abesse
1163 1056 1187 1084 a
1219 1044 1308 1085 uiro
1338 1055 1457 1083 usur-

63 1098 190 1148 pandi
211 1109 338 1138 causa
360 1109 412 1138 ex
433 1101 532 1141 duo
546 1100 657 1139 deci
671 1113 710 1139 m
732 1101 813 1140 tab
824 1101 925 1140 ulis
948 1102 1138 1148 deberet,
1166 1101 1360 1151 quoniam
1378 1105 1456 1139 ter-

66 1155 143 1194 tiae
175 1155 308 1194 noctis
342 1156 588 1205 posterioris
621 1168 696 1196 sex
728 1157 856 1197 borae
885 1158 1052 1197 alterius
1075 1158 1170 1197 anni
1193 1162 1355 1204 essent,
1389 1156 1458 1206 qui

62 1211 262 1260 inciperet
283 1222 334 1251 ex
353 1212 565 1252 Kalendis.

147 1268 282 1307 Istaec
312 1272 449 1307 autem
471 1268 609 1309 omnia
631 1270 681 1308 de
703 1270 861 1309 dierum
884 1270 1141 1321 temporibus
1168 1276 1209 1311 et
1228 1271 1378 1310 finibus
1404 1270 1453 1309 ad
1472 1276 1515 1311 14

65 1323 402 1364 obseruatIOnem
422 1324 767 1376 disciplinamque
796 1327 894 1366 iuris
920 1328 1075 1377 antiqui
1096 1328 1343 1378 pertinentia
1365 1338 1458 1366 eum

62 1380 111 1419 in
140 1379 290 1420 libris
317 1386 557 1421 ueterum
583 1382 886 1431 inueniremus,
918 1396 1001 1424 non
1026 1384 1334 1428 dubitabamus,
1360 1384 1455 1433 quin

62 1436 334 1487 Vergilius
362 1449 530 1488 quoque
562 1438 605 1478 id
632 1439 768 1489 ipsum
795 1441 1043 1488 ostenderit,
1075 1452 1157 1481 non
1189 1440 1379 1491 exposite
1400 1445 1457 1479 at-

65 1504 146 1542 que
167 1497 330 1543 aperte,
364 1495 459 1542 sed,
495 1500 540 1534 ut
564 1495 771 1535 hominem
795 1497 932 1537 decuit
953 1497 1139 1547 poeticas
1163 1509 1231 1537 res
1254 1501 1457 1546 agentem,

0 1577 2 1579 -
63 1549 280 1589 recondita
302 1555 342 1588 et
366 1551 485 1600 quasi
509 1557 655 1602 operta
676 1552 831 1592 ueteris
855 1553 956 1593 ritus
981 1554 1305 1603 significatione:

176 1616 422 1666 Torquet,
445 1617 598 1668 inquit,
624 1618 826 1658 medios
848 1631 949 1660 nox
968 1620 1137 1659 umida
1159 1631 1343 1660 cursus
1473 1627 1516 1661 15

120 1672 179 1712 Et
199 1684 272 1711 me
293 1683 482 1714 saeuus
509 1674 657 1724 equis
683 1675 861 1715 oriens
885 1676 1093 1716 afflauit
1123 1676 1343 1716 anhelis.

29 1730 44 1795 ἶ
63 1739 138 1779 His
168 1740 275 1779 enim
305 1740 500 1780 uersibus
530 1741 717 1790 oblique,
751 1742 871 1782 sicuti
910 1742 1011 1790 dixi,
1053 1743 1280 1783 admonere
1313 1740 1457 1788 uoluit,
1475 1746 1516 1782 16

30 1795 192 1890 ςῖἸΙίθῐη,
215 1808 337 1860 quem
358 1797 533 1836 Romani
556 1800 567 1819 ‘
582 1797 769 1837 ciuilem'
788 1800 1115 1849 appellauerunt,
1138 1810 1163 1839 a
1181 1803 1300 1838 sexta
1323 1797 1459 1838 noctis

31 1862 43 1871 “
95 1863 169 1892 ora
193 1864 302 1892 0r1r1.

726 1957 791 1996 111.

64 2033 119 2071 De
138 2037 342 2074 noscendis
361 2038 679 2085 explorandisque
696 2041 815 2076 Plauti
834 2039 1055 2083 comoediis,
1081 2041 1254 2086 quoniam
1271 2041 1459 2087 promisce

122 2103 236 2128 uerae
253 2097 363 2140 atque
384 2095 503 2130 falsae
520 2096 669 2130 nomine
690 2097 770 2131 eius
793 2097 995 2142 inscriptae
1018 2097 1205 2140 seruntur3
1229 2100 1339 2143 atque
1356 2097 1459 2142 inihi,

124 2148 225 2194 quod
247 2150 400 2186 Plautus
425 2155 460 2186 et
479 2151 645 2188 Naeuius
668 2153 704 2186 in
728 2163 879 2188 carcere
908 2153 1053 2189 fabulas
1076 2153 1331 2199 scriptitarint.

152 2224 308 2264 Verum
336 2236 431 2266 esse
464 2227 717 2277 comperior,
759 2229 872 2277 quod
903 2229 1107 2277 quosdam
1137 2229 1243 2268 bene
1274 2229 1495 2270 literatosl

32 2307 36 2315 .
68 2277 256 2319 homines
274 2280 412 2321 dicere
428 2282 586 2330 audiui,
609 2284 678 2333 qui
694 2285 917 2333 plerasque
941 2286 990 2323 Pl
1005 2285 1109 2324 auti
1131 2286 1370 2325 comoedias
1394 2297 1460 2324 cu-

1127 2340 1182 2380 8*
