1619 2476
111 65 165 105 56
740 63 770 102 1.
802 74 894 102 xm.

110 177 183 218 tibi
202 178 298 217 dato
317 181 368 223 et,
389 176 486 226 qnid
507 176 674 216 omnino
694 177 875 223 faceres,
895 174 1064 215 definito
1077 207 1086 222 ‚
1100 180 1246 217 contra
1263 175 1361 226 quid
1380 175 1518 214 facere

113 235 288 281 debeas,
324 234 358 273 si
390 245 438 272 eo
458 234 565 272 sacto
584 233 714 272 uideri
732 233 868 283 possit
884 243 950 272 res
969 237 1170 272 euentura
1184 231 1430 284 prosperius
1448 242 1517 270 ex—

73 304 95 338 2
114 303 195 342 que
212 290 384 330 utilitate
403 290 513 336 eius,
548 290 617 339 qui
650 289 690 328 id
722 289 793 328 tibi
818 288 1030 338 negotium
1063 289 1286 329 mandauit.
1346 290 1518 338 Anceps

113 347 302 399 quaestio
324 352 363 385 et
381 346 418 386 in
438 351 655 396 utramque
674 351 831 396 partem
859 357 883 384 a
900 345 1174 395 prudentibus
1197 345 1297 385 uiris
1324 344 1519 384 arbitrata

75 416 98 451 3
115 411 192 445 est.
255 403 360 443 Sunt
379 403 486 442 enim
507 415 588 442 non
608 402 741 452 pauci,
762 402 829 452 qui
847 402 1094 442 sententiam
1112 413 1228 442 suam
1244 413 1328 442 una
1342 401 1381 440 in
1401 405 1519 450 parte

114 461 332 501 defixerint
360 465 419 501 et.
438 471 481 498 re
501 461 630 499 semel
648 464 799 498 statuta
818 459 1148 508 deliberataque,
1175 460 1225 498 ab
1244 470 1315 507 eo,
1343 457 1460 497 cuius
1477 457 1519 496 id

113 518 326 568 negotium
344 517 685 568 pontificiumque
705 521 830 563 esset,
843 526 1106 565 nequaquam
1124 514 1360 565 putauerint
1376 518 1520 554 contra

113 576 266 614 dictum
285 574 373 613 eius
393 584 487 612 esse
507 573 762 619 faciendum,
798 572 958 612 etiamsi
984 572 1226 623 repentinus
1252 571 1377 621 aliqui
1395 581 1520 610 casus

112 644 199 671 rem
217 630 478 671 commodius
497 630 562 679 agi
580 641 709 679 posse
726 629 1005 679 polliceretur,
1025 640 1102 687 ne,
1118 628 1153 668 si
1171 640 1271 679 spes
1289 627 1519 674 fefellisset,

73 694 96 728 4
113 690 235 738 eulpa
252 687 516 738 inpatientiae
537 691 575 725 ct
593 698 729 736 poena
747 685 1064 735 indeprecabilis
1083 685 1303 725 subeunda
1319 688 1454 732 esset,
1486 682 1522 722 si

113 756 180 784 res
200 746 305 783 sorte
324 744 470 782 melius
489 743 705 788 uertisset,
741 742 804 781 dis
840 742 1007 791 quidem
1037 742 1170 792 gratia
1198 742 1410 788 habenda,
1444 739 1521 779 sed

113 802 349 851 exemplum
368 806 506 839 tamen
526 799 810 839 intromissum
827 798 1059 846 uideretur,
1094 810 1176 849 quo
1202 799 1309 838 bene
1327 798 1522 837 consulta

72 858 286 898 5consilia
327 857 525 906 religione.
576 856 755 895 mandati
803 857 939 895 soluta
986 860 1366 905 corrumperentur.
1440 852 1520 893 Alfi

115 914 477 960 existimauerunt,
504 913 769 952 incommoda
785 912 921 962 prius,
942 923 1049 961 quae
1065 912 1289 951 metuenda
1305 914 1468 958 essent,
1487 911 1522 949 si

114 983 183 1011 res
201 976 319 1021 gesta
336 971 453 1009 aliter
471 971 594 1017 soret,
624 980 746 1018 quam
763 969 1009 1019 imperatum
1027 974 1109 1016 est,
1129 979 1223 1008 eum
1241 969 1520 1008 emolumento

115 1028 205 1079 spei
221 1027 469 1077 pensitanda
487 1038 581 1066 esse
600 1032 638 1065 et
656 1059 663 1070 ,
690 1026 723 1065 si
748 1037 795 1064 ea
813 1025 970 1065 leuiora
987 1025 1251 1075 minoraque,
1282 1023 1435 1064 utilitas
1453 1033 1522 1062 au-

114 1090 198 1124 tem
239 1089 383 1123 contra
414 1083 583 1133 grauior
612 1088 651 1121 et
682 1083 858 1132 amplior
890 1093 966 1132 spe
999 1087 1198 1131 quantum
1235 1085 1375 1132 potest
1403 1080 1523 1119 firma

116 1142 421 1187 ostenderetur,
440 1145 527 1179 tum
545 1151 674 1189 posse
693 1140 916 1178 aduersum
934 1139 1129 1178 mandata
1145 1138 1235 1178 fieri
1254 1139 1522 1183 censuerunt,

74 1201 95 1236 6
113 1209 165 1237 ne
183 1199 321 1238 oblata
340 1197 535 1236 diuinitus
555 1197 614 1235 rei
631 1197 737 1235 bene
755 1196 964 1245 gerendae
982 1195 1149 1236 occasio
1168 1194 1436 1242 amitteretur,
1454 1203 1524 1232 ne-

115 1266 195 1304 que
212 1254 441 1294 timendum
460 1254 695 1303 exemplum
714 1263 796 1291 non
815 1251 988 1302 parendi
1014 1252 1300 1299 crediderunt,
1333 1250 1369 1290 si
1400 1249 1523 1290 ratio-

76 1313 95 1349 7
116 1322 190 1350 nes
210 1312 423 1350 dumtaxat
442 1309 733 1349 huiuscemodi
751 1320 832 1348 non
848 1309 1059 1348 abessent.
1123 1306 1368 1358 Cumprimis
1386 1311 1523 1346 autem

113 1367 421 1418 respiciendum
454 1371 705 1416 putauerunt
737 1365 944 1415 ingenium
966 1371 1240 1415 naturamque
1269 1363 1399 1411 illius,
1432 1362 1524 1403 cuia

113 1435 181 1463 res
229 1430 584 1474 praeceptumque
631 1427 769 1462 esset:
821 1433 872 1461 ne
892 1423 1030 1469 ferox,
1079 1422 1231 1470 durus,
1280 1419 1522 1468 indomituS,

112 1480 468 1529 inexorabilisque
531 1480 582 1519 sit
602 1512 608 1521 ,
667 1479 803 1529 qualia
857 1480 1023 1518 fuerunt
1077 1477 1346 1519 Postumiana
1396 1476 1524 1527 impe·
1572 1510 1578 1512 ,

76 1537 177 1578 Sria
219 1543 258 1576 et
295 1536 514 1576 Manliana.
576 1537 676 1575 Nam
708 1536 742 1575 si
782 1535 849 1574 tali
875 1535 1141 1586 praeceptori
1172 1534 1277 1575 ratio
1308 1533 1525 1574 reddenda

115 1594 188 1642 sit,
237 1594 333 1632 nihil
367 1593 599 1632 faciendum
638 1603 733 1632 esse
765 1597 1014 1632 monuerunt
1045 1592 1182 1640 aliter,
1231 1602 1356 1642 quam
1405 1600 1524 1642 prae-

116 1657 281 1702 ceptum
299 1656 375 1689 est.

71 1713 93 1749 9
196 1706 443 1747 Instructius
463 1706 815 1755 deliberatiusque
833 1707 922 1745 sore
940 1704 1188 1744 arbitramur
1205 1703 1524 1744 theorematium

115 1765 196 1804 hoc
230 1765 281 1803 de
314 1763 519 1803 mandatis
553 1762 843 1802 huiuscemodi
878 1761 1186 1811 obsequendis,
1220 1760 1256 1800 si
1287 1761 1524 1810 exemplum
1565 1784 1571 1786 ἡ

116 1832 285 1870 quoque
301 1821 344 1859 Ρ.
365 1819 502 1859 Crassi
518 1819 716 1867 Muciani,
737 1819 834 1858 clari
855 1829 903 1857 ac
919 1818 1062 1857 incluti
1079 1817 1167 1864 uiri,
1185 1816 1523 1868 apposuerimus.

59 1878 151 1917 101s
171 1879 347 1917 Crassus
365 1888 389 1914 a
414 1876 441 1916 S
455 1887 526 1915 ein
538 1889 564 1926 p
577 1888 630 1916 ro
644 1876 726 1915 nio
753 1875 999 1915 Asellion
1013 1885 1034 1913 e
1068 1879 1109 1913 et
1126 1873 1338 1924 plerisque
1359 1873 1449 1913 aliis
1467 1872 1525 1912 hi-
1574 1874 1577 1875 ⁷

117 1934 272 1974 storiae
296 1934 510 1973 Romanae
528 1931 803 1982 scriptoribus
828 1932 1004 1970 traditur
1029 1930 1235 1971 habuisse
1253 1930 1437 1982 quinque
1461 1939 1524 1969 re-

114 2003 207 2029 rum
223 1991 429 2029 bonarum
447 1990 625 2028 maxima
643 1994 682 2028 et
705 1988 950 2038 praecipua:
978 1988 1092 2037 quod
1110 1992 1225 2027 esset
1243 1986 1523 2034 ‘ditissimus'‚
1579 2021 1584 2027 .

117 2047 233 2096 quod
251 2046 585 2094 ‘nobilissimus',
600 2046 714 2095 quod
733 2044 1152 2095 <eloquentissimus’‚
1171 2043 1285 2093 quod
1304 2041 1524 2082 ‘iuriscon-
1561 2032 1584 2093 L]

62 2109 99 2143 11
119 2102 403 2150 sultissimus’,
424 2103 538 2152 quod
556 2107 567 2124 ³
573 2101 760 2153 pontifex
777 2101 1014 2141 maximus'.
1076 2101 1116 2139 Is
1135 2111 1229 2139 cum
1245 2098 1285 2138 in
1303 2099 1523 2139 consulatu
1574 2106 1582 2143 ’ἲ

117 2159 324 2209 optineret
340 2158 482 2198 Asiam
508 2158 766 2209 prouinciam
785 2163 825 2197 et
852 2157 1159 2197 circumsedere
1191 2165 1523 2206 oppugnareque
1567 2154 1581 2183 ε’

113 2217 274 2255 Leucas
305 2220 471 2265 pararet
503 2226 696 2265 opusque
729 2219 843 2253 esset
874 2214 993 2252 firma
1023 2217 1150 2261 atque
1179 2222 1359 2262 procera
1388 2211 1522 2259 trabe,
1563 2206 1579 2246 ’-

116 2272 186 2322 qui
209 2272 379 2311 arietem
407 2272 574 2319 faceret,
598 2283 679 2320 quo
698 2281 841 2310 muros
860 2269 949 2310 eius
969 2268 1113 2319 oppidi
1131 2272 1333 2318 quateret,
1355 2266 1524 2318 scripsit
1559 2286 1577 2315 ,χ
