1603 2508
647 63 754 102 VIII.
790 74 950 103 V.-—xl.
1438 66 1520 110 231

787 177 837 219 V.

94 255 97 258 ¹
183 263 283 310 Quid
303 263 396 300 illud
414 264 472 307 sit,
486 262 588 310 quod
599 260 632 295 V
643 272 662 296 e
674 271 690 296 r
701 271 724 308 g
736 261 746 296 i
758 262 768 296 l
780 260 790 295 i
802 271 826 296 u
838 271 854 296 s
872 260 1036 296 ‘eaelum
1054 266 1154 298 stare
1163 263 1356 309 puluere’,
1373 268 1408 300 et
1420 265 1522 311 quod

8 313 37 348 '⁵⁸2
103 321 130 357 L
142 332 166 358 u
178 321 327 358 cilius
346 321 496 368 ‘pectus
516 319 686 356 sentibus
705 315 822 354 stare'
835 316 941 353 dixit.
966 319 1020 363 [u.
1040 318 1072 354 N
1084 330 1105 354 o
1117 330 1154 355 n.
1168 319 1236 355 Ma
1249 331 1309 357 re.
1329 333 1360 357 s.
1373 333 1408 359 u.
1420 326 1520 359 stare

102 389 141 425 p.
164 380 234 417 391
257 389 314 425 sq.
333 378 402 422 M.]
796 438 828 478 Ἰ

771 439 804 479 Ῡ
833 469 841 478 .

187 521 281 559 Cum
301 526 387 569 post
404 520 703 558 offensiunculas
720 523 758 557 in
775 522 935 568 granam
959 520 1154 566 redeatur,
1189 525 1518 570 expostulationes

99 581 183 616 fieri
200 584 350 615 mutuas
369 579 522 615 minime
540 579 628 614 utile
645 590 730 614 esse
746 607 754 622 ,
778 589 966 625 superque
984 589 1029 614 ea
1047 589 1087 614 re
1103 583 1137 614 et
1155 591 1279 616 sermo
1292 580 1351 616 Ta
1365 583 1434 618 uri
1455 594 1518 618 ex-

97 638 246 684 positus
264 641 300 672 et
314 636 432 672 uerba
450 646 498 671 ex
514 635 577 672 Th
589 648 608 672 e
622 647 643 671 o
655 636 740 682 phr
752 646 772 671 a
784 636 847 671 sti
876 636 970 672 libro
990 641 1158 683 sumpta;
1194 641 1228 672 et
1246 637 1337 684 quid
1353 639 1403 674 31.
1426 650 1519 686 quo-

99 705 173 741 que
186 693 213 731 C
223 694 234 730 i
246 705 265 730 c
275 705 295 730 e
306 704 323 729 r
333 705 354 729 o
375 692 422 729 de
433 703 561 729 amore
574 693 762 729 amicitiae
776 693 949 737 senserit,
962 704 1046 730 eum
1057 693 1177 740 Ipsius
1190 695 1316 731 uerbis
1330 695 1517 733 additum.

766 781 855 821 vll.

175 864 232 901 Ex
249 863 544 901 Aristotelis
563 863 668 908 libro,
683 864 744 910 qui
757 855 1043 912 [περὶμνήμης]
1060 865 1265 912 inscriptus
1280 871 1348 910 est,
1361 868 1514 914 cognita

97 926 331 969 acceptaque
341 920 388 956 de
405 924 538 956 natura
556 921 762 956 memoriae
780 925 815 955 et
830 920 980 965 habitu;
1001 926 1112 968 atque
1132 922 1220 958 inibi
1239 923 1313 959 alla
1324 925 1514 970 quaedam

97 978 146 1014 de
166 979 410 1015 exuberantia
435 982 497 1014 aut
521 978 673 1013 interitu
692 978 772 1013 eius
790 978 886 1014 lecta
912 977 1128 1025 auditaque.
1161 980 1215 1024 [u.
1235 980 1298 1015 Νο
1314 991 1352 1016 n.
1370 981 1407 1017 M
1421 992 1467 1017 ar
1481 993 1513 1018 c.

97 1048 130 1072 s.
154 1047 193 1072 u.
214 1035 433 1072 meminisse
465 1046 503 1082 p.
527 1037 596 1072 441
620 1034 686 1079 Μ.]

755 1111 861 1152 VIII.

185 1208 286 1254 Quid
303 1208 394 1244 mihi
421 1220 491 1244 usu
512 1208 678 1251 uenerit,
709 1208 946 1253 interpretari
967 1212 1001 1243 et
1025 1210 1132 1254 quasi
1158 1209 1339 1258 effingere
1371 1212 1512 1248 uolenti

61 1295 63 1297 .
97 1266 204 1303 locos
221 1264 410 1313 quosdam
432 1266 509 1301 Pla
521 1269 598 1300 ton
611 1265 620 1300 i
632 1275 650 1299 e
663 1275 683 1299 o
697 1277 713 1300 s
735 1265 867 1300 Latina
884 1266 1066 1302 oratione.

747 1355 871 1395 VIIII.

0 1467 4 1485 s
182 1437 293 1482 Quod
318 1436 691 1484 Theophrastus
721 1436 997 1484 philosophus,
1030 1439 1152 1474 omnis
1187 1450 1279 1476 suae
1299 1442 1433 1478 aetatis
1458 1443 1512 1478 sa-

0 1483 18 1494 *
94 1494 369 1539 eundissimus,
391 1495 510 1530 uerba
526 1505 650 1541 pauca
670 1493 718 1530 ad
739 1495 921 1541 populum
937 1494 1211 1532 Atheniensem
1234 1498 1415 1543 facturus,
1447 1498 1512 1535 de-

0 1529 21 1606 Ξ
75 1545 78 1547 ’
94 1551 264 1587 turbatus
281 1550 513 1587 uerecundia
531 1552 747 1595 obticuerit;
771 1551 948 1598 quodque
965 1552 1066 1588 idem
1082 1553 1154 1589 hoe
1172 1553 1202 1590 D
1214 1565 1233 1590 e
1245 1566 1312 1591 mo
1324 1567 1341 1591 s
1353 1554 1429 1591 the
1441 1557 1509 1600 ni,

0 1605 28 1678 ζ’
95 1607 200 1655 apud
220 1608 434 1655 Phihppum
457 1619 587 1655 regem
610 1609 726 1643 uerba
748 1608 921 1652 facienti,
957 1612 1140 1646 euenerit.

775 1692 826 1731 X.

177 1771 307 1817 Qualis
325 1773 418 1810 mihi
435 1774 545 1810 fuerit
563 1774 601 1809 in
618 1774 758 1821 oppido
778 1774 956 1809 Eleusine
975 1773 1198 1821 disceptatio
1217 1785 1302 1811 cum
1320 1787 1509 1823 gramma-

93 1828 167 1865 tico
189 1830 353 1876 quodam
373 1831 649 1879 praestigioso,
679 1836 853 1878 tempora
876 1832 1080 1867 uerborum
1111 1836 1145 1867 et
1166 1832 1328 1878 puerilia
1348 1835 1509 1872 medita-

91 1889 219 1922 menta
251 1887 474 1934 ignorante,
506 1892 737 1924 remotarum
760 1892 886 1924 autem
912 1888 1176 1934 quaestionum
1194 1889 1352 1926 nebulas
1378 1896 1413 1927 et
1434 1893 1508 1930 for-

92 1941 256 1979 midines
273 1944 470 1991 capiendis
492 1945 751 1991 imperitorum
769 1946 902 1980 animis
922 1948 1146 1981 ostentante.

12 2031 13 2035 ,
178 1997 227 2045 [2³]
257 1999 529 2048 halophantam
559 2002 786 2039 mendaeem
815 2002 917 2038 uelit.
957 2002 1014 2047 [Ν
1026 2013 1096 2039 011.
1120 2003 1262 2040 Mare.
1286 2015 1315 2039 S.
1339 2017 1377 2041 u.
1401 2005 1508 2077 halo-

0 2057 20 2105 5,
88 2053 267 2100 phantam
296 2069 334 2105 p.
357 2061 426 2097 120
446 2058 514 2102 Μ.]

0 2113 37 2178 {2
762 2133 830 2171 xl.

0 2181 17 2212 ξ
173 2217 295 2262 Quam
319 2220 456 2258 festiue
478 2222 720 2269 respondem
746 2222 987 2270 Xanthippae
1011 2225 1118 2260 uxori
1145 2224 1170 2262 S
1187 2237 1266 2262 ocr
1281 2231 1409 2272 ates,
1436 2238 1503 2275 pe-

0 2272 54 2371 ἐξ,
85 2273 198 2319 tenti,
221 2279 262 2312 ut
279 2286 349 2325 per
364 2277 551 2327 Dionysia
568 2281 732 2326 largiore
753 2284 902 2327 sumptu
923 2281 1147 2318 cenitarent.
