1619 2476
641 514 701 574 A.
750 512 1060 577 GELLll

219 671 510 747 Nocnvm
549 672 1167 861 Arnsssslsszfflsussffl
1207 672 1484 749 rrssrlvs

837 1055 867 1093 Ι.

150 1147 345 1195 InquisitIO
363 1148 565 1184 uerborum
582 1147 738 1182 istorum
755 1147 806 1183 M.
823 1147 918 1183 Tulli
942 1147 1139 1190 curiosior,
1169 1156 1264 1193 quae
1286 1147 1354 1183 fuit
1371 1147 1408 1182 in
1429 1147 1551 1194 primo

206 1204 509 1240 Antonianarum
531 1204 645 1239 libro:
682 1204 796 1239 multa
823 1208 945 1239 autem
962 1202 1178 1250 impendere
1204 1202 1377 1239 uidentur
1403 1207 1546 1249 praeter

207 1264 377 1296 naturam
407 1261 519 1296 etiam
541 1263 763 1306 praeterque
790 1260 925 1305 satum3
950 1263 1240 1305 tractatumque,
1271 1269 1319 1295 an
1348 1259 1447 1295 idem
1476 1258 1550 1294 duo

208 1317 277 1352 ista
298 1316 529 1362 significent,
561 1317 675 1351 satum
694 1320 803 1361 atque
826 1320 979 1358 natura,
1015 1327 1063 1350 an
1087 1315 1289 1350 diuersum.

112 1423 131 1454 1
226 1392 438 1453 Marcus
471 1413 653 1453 Cicero
686 1413 725 1452 in
754 1413 915 1463 primo
933 1412 1350 1453 Antonianarum
1380 1413 1552 1453 itascri-

150 1471 263 1510 btum
291 1470 474 1520 reliquit:
515 1471 656 1508 Hunc
683 1469 841 1519 igitur
869 1475 921 1508 ut
951 1480 1211 1519 sequerer
1241 1470 1551 1519 properaui,

151 1538 300 1575 quem
330 1530 648 1576 praesentes
678 1538 777 1566 non
809 1533 926 1565 sunt
956 1525 1153 1573 secuti;
1197 1537 1295 1565 non
1334 1529 1386 1565 ut
1427 1537 1552 1575 pro-

150 1583 362 1621 ficerem
394 1582 615 1630 aliquid,
663 1593 832 1630 neque
876 1582 1010 1621 enim
1056 1581 1337 1632 sperabam
1373 1581 1424 1620 id
1461 1593 1553 1621 nec

150 1643 424 1688 praestare
455 1643 706 1687 poteram,
754 1639 842 1678 sed
882 1643 955 1686 ut,
1000 1638 1044 1678 si
1076 1637 1197 1688 quid
1228 1637 1351 1677 mihi
1380 1638 1552 1677 huma-

149 1695 290 1734 nitus
323 1694 631 1742 accidisset,
663 1696 820 1734 multa
851 1700 1017 1734 autem
1042 1694 1349 1744 impendere
1374 1693 1552 1734 uiden-

148 1757 231 1790 tur
277 1754 487 1800 praeter
531 1755 766 1790 naturam
815 1751 963 1790 etiam
1006 1754 1327 1801 praeterque
1372 1752 1550 1798 fatum,

149 1807 301 1846 huius
335 1806 443 1845 diei
472 1818 650 1847 uocem
687 1812 874 1846 testem
911 1806 1242 1857 reipublicae
1281 1806 1552 1856 relinque-

149 1874 251 1902 rem
288 1874 429 1902 meae
465 1868 752 1913 perpetuae
788 1874 910 1912 erga
938 1874 992 1903 se
1022 1862 1332 1902 uoluntatis.
1394 1863 1552 1902 Prae-

108 1925 221 1961 Qter
250 1923 509 1967 naturam,
542 1919 692 1967 inquit,
730 1925 1039 1969 praeterque
1070 1920 1237 1958 fatum.
1300 1919 1364 1957 An
1397 1923 1551 1958 utrum-

151 1986 232 2025 que
254 1975 365 2014 idem
385 1977 526 2014 ualere
552 1974 730 2015 uoluerit
760 1977 914 2014 fatum
943 1979 1067 2024 atque
1102 1978 1338 2013 naturam
1370 1979 1411 2013 et
1445 1974 1549 2014 duas

150 2043 217 2070 res
236 2024 342 2070 καθ’
364 2025 464 2078 ἑνὸς
479 2025 781 2082 ὑποκειμένου
806 2030 1014 2081 posuerit,
1037 2042 1088 2069 an
1105 2041 1206 2070 uero
1226 2030 1414 2070 diuiserit
1430 2041 1550 2080 sepa-

150 2086 353 2136 raritque,
381 2092 426 2126 ut
453 2086 556 2127 alios
587 2098 709 2126 casus
741 2092 887 2127 natura
906 2088 1013 2126 ferre
1030 2086 1240 2134 uideatur,
1270 2086 1374 2127 alios
1406 2088 1547 2134 fatum,

152 2143 502 2182 considerandum
533 2143 723 2192 equidem
755 2148 877 2193 puto,
911 2148 1034 2192 atque
1065 2142 1108 2181 id
1137 2142 1314 2182 maxime
1335 2143 1549 2192 requiren-

152 2199 261 2245 dum,
291 2209 372 2247 qua
401 2198 561 2238 ratione
582 2199 748 2246 dixerit,
780 2198 969 2238 accidere
999 2200 1127 2238 multa
1158 2197 1393 2238 humanitus
1418 2208 1552 2248 posse,

152 2259 315 2302 praeter
333 2255 471 2303 satum,
491 2255 655 2304 quando
676 2255 734 2294 sic
757 2255 860 2294 ratio
879 2259 919 2294 et
937 2256 1039 2295 ordo
1058 2260 1098 2295 et
1116 2254 1406 2305 insuperabilis
1424 2264 1546 2303 quae·
