1603 2508
0 0 52 137 ξ
124 38 132 41 ’
366 42 588 76 VARIETAS
613 41 838 75 LECTIONIS
867 43 1197 78 GRONOVIANAE.
1454 45 1514 76 VII

0 136 11 162 3‘
47 138 194 177 habere,
221 146 325 178 qUOS,
353 147 422 169 non
447 154 495 160 —
519 148 596 170 eum
623 137 750 169 habere
779 134 794 180 Η
828 135 869 170 13
893 164 899 170 .
929 142 959 168 et
985 142 1168 179 propterea
1203 133 1230 182 Η
1249 137 1330 169 1112
1357 162 1366 176 ,
1392 138 1513 178 inquit,

47 185 172 217 mirum
200 179 217 228 Η
245 182 267 216 8
293 184 434 226 paulum
459 201 507 206 —
541 177 818 225 ἀναγκάζονται
852 174 976 214 ἄσιτοι
1008 177 1109 214 εἶναι
1133 200 1178 206 -
1208 184 1232 225 ἡ
1259 182 1386 214 κοιλία
1413 181 1431 228 Η
1457 185 1516 216 ΙΙΠ

47 229 198 274 populus
223 230 398 263 Romanus
430 249 478 254 —
510 229 765 272 frequentarent
803 226 819 272 Η
858 229 875 261 1
911 228 1038 261 bellum
1064 229 1176 261 indico
1205 226 1220 273 Η
1256 231 1278 262 2
1302 229 1406 262 haec:
1434 228 1455 249 *
1478 231 1514 262 Iu

47 277 250 320 magistratu
283 275 320 311 C.
357 277 467 311 Laelii
498 295 546 299 —
577 276 719 314 hastile,
755 276 859 318 ligna,
887 274 1062 318 *napum‚
1091 275 1255 317 pabulum
1273 294 1321 299 ——
1344 287 1445 318 quem
1472 278 1516 309 ad

48 328 161 356 utrum
187 332 304 355 eorum
331 325 384 356 ius
410 325 472 356 erit
498 320 517 367 Η
548 323 569 356 3
597 333 604 354 :
633 328 665 355 et
689 329 725 354 ut
752 323 869 354 citanti
894 319 912 365 Η
945 323 968 354 4
992 322 1117 354 deinde
1143 323 1190 353 ita
1215 340 1262 345 —
1286 321 1308 343 *
1328 330 1445 366 posset
1471 341 1516 346 —

45 369 201 403 hostisue
237 366 256 413 Η
292 370 313 403 5
337 370 532 413 praedictus
569 367 584 414 Η
621 369 652 401 V
677 368 698 401 3
722 369 930 409 sinistraque
957 370 1044 400 iuter
1068 369 1204 400 ianuam
1229 375 1402 410 tectaque,
1429 380 1516 411 quae

45 422 125 448 sunt
150 416 227 448 uiae
252 416 380 455 iuncta,
409 416 558 458 spatium
583 415 805 457 relinquitur3
831 420 931 455 atque
962 414 977 458 ζ,
1013 415 1034 447 6
1061 413 1081 435 *
1105 415 1291 448 uehemens
1319 413 1334 459 Η
1367 416 1410 449 10
1436 427 1515 448 con-

45 463 186 495 stitione
217 460 234 506 Η
263 462 303 495 11
334 463 497 496 debemus
520 480 568 485 —
593 473 653 496 om.
685 462 911 504 scriptoribus
940 459 955 505 Η
989 463 1030 494 12
1053 461 1177 503 quibus
1204 469 1234 494 et
1260 469 1346 494 uest.
1378 461 1393 505 Ji
1423 463 1468 494 VI
1495 464 1514 494 7

47 509 224 550 Pomponii
241 509 467 552 fragmentum
489 519 584 541 unum
606 519 738 541 uersum
766 509 880 549 efficit.
912 505 927 551 Η
971 507 1012 540 13
1036 508 1249 551 pontificium
1279 505 1293 552 Η
1333 509 1378 541 14
1402 511 1517 552 ponti-

46 556 160 588 ficium
177 573 224 578 —
250 555 420 599 appellari
445 555 602 588 bidentes
633 552 648 600 Η
682 555 723 588 15
746 555 838 586 Haec
862 554 979 597 Higiui
1004 572 1051 577 ——
1076 553 1201 596 uideri]
1238 555 1383 587 iudicari
1412 553 1426 599 Η
1456 556 1517 587 VII

46 612 108 635 om.
137 609 169 634 et
194 599 210 646 Η
239 603 260 635 5
286 602 464 635 lauandria
488 620 536 625 —-
570 601 779 634 fullonicam.
818 601 949 642 Ecquid
969 620 1016 624 —
1034 601 1156 643 ecquid
1186 598 1204 646 Η
1230 602 1252 634 6
1278 602 1314 633 in
1340 602 1515 641 Restione,

48 648 363 682 calabarriunculos
395 666 440 672 —
476 648 730 681 calabarriones
768 645 785 689 Η
821 648 842 680 8
877 646 1157 681 Cacomemmone
1192 668 1237 673 —
1270 659 1333 691 ego
1358 647 1362 692 Ι
1384 648 1437 681 Me
1470 667 1518 671 —

46 692 67 714 *
95 695 182 727 duos
215 705 350 729 menses
383 694 532 735 (uersum
562 696 708 727 restitnit
740 693 952 735 Fleckeisen)
979 692 995 735 Η
1029 694 1051 727 9
1077 692 1211 726 *Natal
1237 694 1345 737 (corr.
1371 696 1446 735 H.)
1472 716 1517 721 --

45 742 224 784 pictatium
252 741 341 782 (item
366 741 479 784 infr-a)
506 759 553 765 -
574 767 583 781 ,
612 742 732 782 inquit,
758 741 919 782 capitium
946 739 1085 783 (uersus
1117 742 1290 774 ordinauit
1311 740 1381 783 ΓΙ.)
1417 739 1432 785 Η
1475 742 1517 775 10

46 788 201 819 Perenna
227 783 243 832 Η
274 789 317 822 12
343 788 549 821 arulatorem
573 806 620 811 —
645 786 665 807 *
681 787 745 820 hoc
770 786 883 818 hercle
910 787 987 830 plus
1015 788 1143 830 negotii
1170 794 1232 826 est,
1261 789 1368 829 inquit
1395 788 1512 822 Cocio:

46 834 109 867 sed
134 833 257 867 aedilis
282 835 421 869 uiderit.
450 834 606 877 (eaehz‘bui
629 836 716 867 coni.
740 834 795 869 Η.
820 837 974 874 proccz'me
999 835 1046 866 ad
1068 834 1227 866 librorum
1251 845 1327 869 mss.
1348 836 1518 868 lectionem

46 881 278 917 accedentem,-
302 883 375 922 ipse
383 881 547 923 praefert
560 883 716 914 alteram:
745 879 837 911 Duos
861 882 1010 912 uxores?
1035 880 1147 913 hercle
1166 880 1230 914 hoc
1252 881 1328 924 plus
1353 882 1516 925 negotist,

47 927 150 968 quam
176 927 268 968 qnod
294 929 382 960 cotio
405 926 409 971 Ι
433 927 502 960 Sex
526 928 655 960 aediles
675 926 842 968 uiderat.)
870 924 888 969 ἶ,
920 926 963 960 13
991 928 1165 969 inscripsit
1190 946 1236 950 -—
1261 928 1399 968 quidem
1414 929 1516 961 modo

47 983 114 1015 quo
151 990 198 996 —-·
230 966 438 1015 οὐδετέρως
475 971 490 1018 Η
529 975 572 1007 14
603 973 749 1008 Tetram.
776 973 890 1008 bacch.
919 976 1055 1016 agnouit
1079 974 1132 1009 ΓΙ,
1165 970 1181 1017 Η
1210 974 1327 1007 x'1116
1349 976 1456 1006 Varro
1484 976 1518 1006 in

48 1019 136 1052 libro
163 1020 206 1052 de
231 1017 247 1064 Η
275 1019 297 1052 9
323 1045 331 1060 ,
359 1021 396 1053 id
422 1019 483 1052 alii
513 1017 529 1064 Η
562 1021 603 1054 10
629 1019 838 1052 eiuscemodi
867 1018 882 1063 Η
913 1020 955 1053 12
973 1020 1101 1052 malum
1116 1026 1165 1052 est
1190 1037 1235 1044 —
1262 1021 1390 1053 malum
1405 1028 1468 1054 est.

51 1065 93 1099 13
108 1076 170 1100 om.
199 1076 285 1107 quae
305 1072 387 1108 post
412 1068 572 1110 opposita
598 1064 616 1110 Η
649 1068 690 1100 15
715 1077 776 1099 om.
804 1067 872 1098 iam
899 1063 919 1110 Η
949 1066 992 1099 16
1012 1073 1042 1099 et
1070 1066 1201 1099 inutilis
1226 1086 1273 1093 —
1299 1075 1461 1109 sequetur

48 1112 141 1144 VIIII
167 1112 184 1144 l
206 1113 304 1153 Jom.
333 1111 403 1156 [aut
431 1116 571 1154 ‘susque
598 1114 709 1154 deque
735 1110 852 1155 sum.']
885 1110 906 1155 Η
929 1114 950 1145 2
974 1114 1031 1154 qui
1058 1114 1094 1145 id
1119 1113 1262 1146 uerbum
1291 1111 1307 1158 Η
1335 1114 1390 1147 4*
1406 1114 1518 1146 lentus

49 1168 85 1190 es
112 1157 222 1200 (corr.
247 1157 324 1201 Fl.)
349 1177 396 1182 —-
421 1158 442 1180 *
459 1160 575 1192 uerbis
600 1160 741 1192 nefariis
766 1160 882 1190 utitur.
911 1160 1007 1200 (item
1033 1169 1122 1193 corr.
1145 1159 1217 1202 Fl.)
1247 1157 1262 1204 Η
1297 1161 1328 1192 X
1352 1159 1376 1193 4
1399 1161 1459 1194 ille
1486 1157 1504 1206 Η

48 1205 70 1237 5
97 1229 105 1236 .
132 1214 211 1236 nam
238 1205 278 1243 Q.
303 1225 350 1231 —
375 1206 559 1249 proletario
585 1207 665 1247 quoi
699 1207 774 1248 quis
812 1204 826 1249 Η
863 1205 885 1238 6
911 1206 1135 1248 proletarius,
1163 1207 1193 1238 si
1219 1208 1284 1244 uis,
1312 1204 1328 1251 Η
1358 1207 1401 1241 10
1427 1207 1518 1239 salu·

47 1256 136 1283 tatus
161 1253 371 1284 —trecenti
401 1250 418 1296 Η
452 1252 494 1285 15
512 1250 533 1271 *
555 1259 612 1284 aut
638 1252 679 1284 ab
706 1252 861 1290 assibus,
891 1253 925 1284 id
952 1259 1013 1291 est,
1043 1263 1118 1285 aere
1146 1250 1163 1296 Η
1191 1253 1239 1286 XI
1264 1255 1284 1286 2
1311 1257 1427 1286 datum
1455 1259 1517 1292 est,

46 1302 84 1329 ut
121 1307 213 1340 serp.
252 1295 273 1343 Η
305 1297 327 1331 6
361 1309 415 1331 res
448 1301 632 1341 repetitum
660 1296 675 1343 Η
705 1299 726 1331 8
749 1300 862 1339 itaque
889 1310 1006 1331 eorum
1032 1299 1114 1332 fines
1146 1299 1162 1343 Η
1194 1300 1256 1332 XII
1281 1302 1304 1332 4
1329 1302 1428 1341 quasi
1453 1295 1518 1344 βοὶ-

48 1351 193 1375 σκανον
220 1362 268 1368 --
301 1346 400 1386 quasi
424 1343 646 1388 βασκαίνειν
682 1343 702 1389 Η
735 1345 754 1376 7
783 1345 966 1377 Fenerator
989 1364 1035 1368 —
1060 1347 1108 1377 uti
1136 1344 1153 1391 Η
1181 1346 1259 1378 XIII
1286 1347 1302 1379 1
1331 1352 1399 1385 est,
1427 1347 1519 1379 aliud

4 1388 6 1390 ’
48 1390 184 1423 dicitur.
227 1387 243 1434 Η
284 1392 305 1423 2
338 1402 380 1424 cx
414 1391 548 1424 colonia
582 1399 626 1424 ex
651 1391 781 1435 populo
809 1392 961 1424 Romano
988 1410 1034 1415 —-
1059 1398 1089 1425 et
1116 1403 1152 1425 se
1180 1391 1199 1438 Η
1226 1394 1248 1425 4
1274 1394 1447 1436 opinionis
1474 1411 1520 1416 —

48 1442 180 1469 mutare
213 1434 229 1481 Η
259 1437 280 1470 5
306 1437 488 1470 referenda
513 1434 532 1482 Η
561 1438 582 1471 6
608 1439 686 1479 nisi,
713 1440 864 1479 inquam,
893 1436 908 1482 Η
945 1438 1036 1471 XIIII
1061 1441 1132 1471 uim
1158 1440 1255 1472 uerbi
1279 1458 1327 1462 —
1350 1450 1411 1472 om.
1440 1435 1518 1472 ἔτυ-

0 1485 2 1487 “
48 1491 121 1524 μον
149 1500 197 1505 -
224 1484 281 1517 sit.
314 1481 330 1528 Η
361 1485 384 1517 4
401 1486 564 1517 momenti
588 1495 662 1517 esse
697 1482 711 1528 Η
741 1484 819 1517 XVI
847 1510 854 1524 ‚
883 1495 1001 1517 omnes
1028 1487 1061 1517 in
1087 1486 1207 1529 Paphl.
1240 1485 1257 1529 Η
1284 1485 1362 1518 XVI
1379 1485 1518 1519 *Prosa

61 1526 78 1573 Η
107 1528 128 1562 3
157 1529 309 1571 appellat
340 1541 455 1564 ramos
492 1528 508 1574 Η
549 1533 572 1564 4
606 1531 622 1547 *
643 1531 779 1572 quando
812 1549 859 1554 -—-
891 1533 1065 1564 nominata
1090 1538 1160 1572 cst,
1187 1533 1290 1565 Prosa
1313 1551 1356 1556 —
1378 1535 1461 1565 recti
1487 1531 1504 1576 Η

47 1574 142 1608 XVII
167 1576 188 1608 2
215 1576 250 1607 ln
275 1587 314 1608 eo
392 1577 502 1611 XVIII
527 1578 695 1618 quaedam
721 1588 822 1611 mem.
853 1575 868 1620 Η
902 1576 922 1610 3
949 1579 1079 1611 maiora
1105 1580 1148 1611 ad
1175 1590 1226 1611 oc.
1261 1576 1276 1623 Η
1307 1579 1433 1611 XVIIII
1458 1581 1478 1612 7
1498 1579 1519 1599 *

48 1622 80 1653 Is
103 1628 174 1654 tum
200 1627 319 1664 postea
394 1623 436 1656 19
461 1625 642 1664 requisitos
669 1622 684 1667 Η

139 1669 274 1700 XVII.
315 1669 330 1700 I
349 1667 537 1702 *Licinius
562 1688 609 1693 —
633 1680 694 1704 om.
722 1669 767 1703 M.
796 1687 840 1693 —-
866 1680 946 1702 uere
974 1668 989 1714 Η
1021 1671 1037 1702 1
1064 1673 1121 1712 qui
1146 1673 1185 1703 de
1211 1689 1257 1694 —-
1277 1669 1464 1704 *Licinius
1489 1670 1504 1716 Η

47 1715 70 1746 4
94 1715 233 1757 scripsit
265 1713 281 1760 Η
309 1715 331 1748 8
358 1717 408 1748 sic
431 1716 547 1749 hercle
575 1714 591 1761 Η
615 1716 636 1749 9
663 1722 694 1748 et
721 1727 740 1748 a
765 1717 931 1758 paenuria
958 1713 972 1760 Η
1003 1717 1031 1748 lI
1056 1716 1076 1750 3
1105 1744 1111 1750 .
1142 1718 1190 1749 lbi
1218 1718 1313 1749 iniat.
1338 1715 1355 1760 Η
1393 1720 1414 1751 4
1439 1718 1519 1750 sub-

48 1761 142 1800 nixo,
168 1766 246 1801 post
271 1763 396 1796 animo.
431 1764 568 1804 repetit.
605 1760 610 1807 1
659 1765 679 1796 5
704 1762 857 1798 frunisci.
882 1762 1026 1794 frunisci
1051 1764 1159 1795 rarius
1189 1761 1205 1808 Η
1241 1764 1263 1796 8
1290 1764 1447 1797 Atellana
1471 1783 1519 1787 —

49 1832 58 1846 ,
85 1808 179 1849 apud
213 1818 250 1840 se
285 1807 302 1825 *
321 1808 469 1841 frunitus
504 1815 566 1844 est.
608 1808 613 1854 Ι
659 1809 680 1842 9
709 1811 898 1852 copiantur.
938 1810 1067 1852 copiari
1093 1810 1236 1842 uerbum
1265 1808 1281 1854 Η
1313 1810 1355 1844 10
1381 1820 1517 1844 occaso,

48 1853 128 1885 Sole
158 1863 279 1886 occaso
313 1865 381 1888 non
411 1873 460 1878 —
482 1861 662 1888 uenustate
688 1862 735 1888 est
772 1874 818 1878 —
852 1865 990 1887 causam
1017 1857 1167 1888 conscito
1193 1874 1239 1880 —
1264 1866 1325 1890 om.
1355 1855 1393 1889 Si
1417 1858 1518 1890 ambo

47 1905 246 1942 praesentes
279 1897 296 1944 Η
331 1901 374 1934 11
401 1907 521 1944 putant
544 1920 591 1926 —
615 1913 677 1937 om.
715 1912 848 1944 quoque
884 1899 900 1946 Η
939 1902 979 1934 12
1012 1902 1287 1944 absolutioraque
1322 1900 1342 1948 Η
1376 1903 1421 1936 14
1456 1913 1518 1947 pro

49 1955 101 1985 eo,
129 1947 221 1987 quod
255 1944 271 1991 Η
317 1948 360 1981 15
393 1949 459 1980 uisi
495 1949 524 1980 si
556 1949 613 1989 qui
649 1946 664 1992 Η
703 1949 745 1980 17
765 1950 907 1985 rectius;
934 1949 1156 1981 sermocinari
1182 1950 1333 1982 crebrius
1361 1955 1430 1990 est,
1457 1951 1518 1983 sed

0 2025 8 2030 ,
49 1994 256 2035 corruptius.
285 1991 403 2027 *Sese
432 1991 449 2032 ΙΙ
479 1994 524 2027 20
545 1995 686 2037 putabat
712 1992 727 2039 Η
757 1995 799 2028 21
828 1993 1017 2037 sordidius]
1046 1996 1171 2028 rectius
1196 2014 1243 2018 —-
1270 1996 1440 2030 dixerunt.
1479 1996 1519 2028 Et

51 2039 266 2081 complures,
302 2041 432 2082 inquit,
460 2041 495 2072 in
525 2041 701 2074 laboribus
739 2042 948 2074 miserrimas
973 2043 1061 2073 uitas
1089 2048 1294 2086 exegerunt:
1323 2048 1354 2074 at
1381 2042 1437 2074 hic
1467 2044 1519 2074 ni-

0 2085 3 2126 ζ
50 2085 129 2117 miis
153 2085 189 2116 in
220 2083 236 2129 Η
273 2087 319 2118 24
351 2086 571 2125 obsidebant,
597 2085 619 2108 *
637 2088 876 2121 escendentem
907 2087 1074 2123 uiderant.
1109 2085 1130 2132 Η
1157 2090 1202 2122 25
1230 2089 1372 2121 uerbum
1396 2094 1458 2130 est,
1488 2086 1503 2132 Η

0 2158 3 2164 ,
49 2131 94 2164 26
120 2155 130 2172 ,
157 2132 319 2165 inusitate
344 2130 366 2177 Η
393 2134 437 2166 27
464 2142 531 2165 non
553 2143 663 2176 pauca
691 2132 706 2177 Η
734 2135 781 2166 ΙΙΙ
810 2133 830 2166 3
857 2132 947 2176 ipse]
985 2135 1046 2167 sed
1074 2131 1089 2179 Η
1119 2135 1181 2167 IIII
1206 2137 1228 2168 4
1249 2135 1443 2168 comoedias
1468 2146 1519 2167 re-

0 2175 3 2205 7
49 2176 194 2218 liquisse
223 2174 239 2222 Η
275 2179 296 2212 5
327 2189 390 2212 om.
417 2177 439 2199 *
460 2176 558 2222 [τοῦ]
597 2177 612 2223 Η
646 2181 677 2212 V
705 2180 725 2213 3
753 2179 947 2223 appellabat
976 2177 992 2225 Η
1024 2183 1045 2212 4
1075 2190 1185 2222 quoue
1217 2179 1232 2225 Η
1271 2181 1293 2214 8
1318 2189 1460 2223 utroque
1488 2180 1502 2220 li

0 2249 3 2260 Ε
52 2222 95 2255 12
117 2222 242 2265 faciat,
266 2225 321 2256 sui
348 2222 364 2269 Η
398 2226 440 2258 14
466 2237 475 2264 ;
502 2235 612 2266 neque
637 2243 684 2250 -—
706 2233 783 2259 sunt
804 2244 852 2249 —
874 2226 990 2258 inlutis
1011 2243 1059 2250 —-
1082 2226 1164 2271 uiriJ
1190 2228 1339 2260 hominis
1363 2226 1378 2272 Η
1406 2229 1452 2260 Vl
1484 2229 1517 2259 in

49 2269 200 2302 secundo
236 2269 399 2302 librorum
435 2269 451 2314 Η
492 2271 508 2303 1
538 2273 715 2304 committit
744 2271 759 2316 Η
789 2274 808 2304 2
834 2273 998 2315 scrIptum
1019 2274 1192 2306 inuentum
1221 2272 1236 2319 Η
1270 2275 1312 2308 10
1337 2285 1398 2307 om.
1428 2281 1459 2306 et
1487 2271 1503 2318 Η
