1603 2508
0 0 82 88 ff
148 34 158 37 “
662 41 713 81 Χ.
745 51 773 79 1.
798 51 920 81 11.111.
1463 39 1491 76 3

85 161 148 197 tra
166 156 318 196 foedus
343 160 384 195 et
403 160 490 195 tum
523 159 700 194 sextum.
764 151 910 193 Graeci
936 161 1106 201 quoque
1135 150 1177 191 in
1207 151 1490 202 significandis
1505 158 1546 194 ll

83 211 374 254 huiuscemodi
403 222 543 251 rerum
576 210 760 250 numeris
786 208 954 261 (τρίτον
983 206 1058 247 καὶ
1078 204 1307 261 τέταρτον
1335 208 1488 255 dicunt,

85 269 198 320 quod
218 267 410 318 congruit
441 279 534 307 cum
568 278 632 315 eo,
663 266 777 316 quod
797 265 941 305 Latine
963 264 1130 304 dicitur:
1166 265 1346 305 ‘tertium
1372 276 1491 315 quar-

82 327 288 376 tumque'.

758 426 805 465 11.

142 510 240 555 Quid
256 510 484 546 Aristoteles
502 509 548 545 de
566 520 720 545 numero
738 508 931 556 puerperii
953 509 1159 544 memoriae
1178 508 1431 545 mandauerit.

168 611 204 649 A
217 609 288 650 ris
299 614 316 649 t
328 621 351 651 ο
363 610 436 649 tel
448 620 470 649 e
482 621 502 650 s
533 608 810 660 philosophus
832 607 1056 648 memoriae
1074 607 1253 655 tradidit,
1277 607 1489 648 mulierem
1510 615 1528 649 l

82 666 122 706 in
140 667 338 717 Aegypto
360 677 444 706 uno
462 670 584 716 partu
604 665 786 716 quinque
802 675 958 714 pueros
978 664 1140 704 enixam
1152 678 1162 712 ;
1197 676 1375 714 eumque
1394 676 1490 705 esse

82 723 207 762 finem
225 722 326 762 dixit
346 721 584 771 multiiugae
604 721 815 762 hominum
837 721 1038 772 partionis
1063 733 1200 771 neque
1230 723 1373 771 plures
1405 734 1491 761 uni-

84 789 208 829 quam
240 778 363 819 simul
396 779 561 829 genitos
585 783 857 828 compertum,
887 778 996 817 hunc
1028 784 1164 817 autem
1187 789 1405 818 numerum
1438 779 1491 818 ait

84 847 181 876 esse
225 835 496 875 rarissimum.
558 835 643 875 Sed
675 840 715 874 et
739 834 855 874 diuo
893 837 1131 883 Augusto
1169 834 1461 884 imperante
1482 868 1489 883 ,
1507 843 1532 879 2

85 891 174 943 qui
209 897 503 942 temporum
547 892 665 931 eius
708 890 976 931 historiam
1013 903 1032 930 s
1048 891 1375 939 cribserunt‚
1422 904 1491 932 an-

85 949 218 988 cillam
242 948 432 989 Caesaris
449 948 629 998 Augusti
650 948 691 987 in
715 959 816 997 agro
839 948 1045 987 Laurente
1065 947 1283 998 peperisse
1307 948 1491 998 quinque

84 1015 241 1056 pueros
260 1004 402 1045 dicunt
418 1016 580 1055 eosque
598 1005 800 1055 pauculos
820 1004 908 1043 dies
926 1004 1083 1044 uixisse
1094 1018 1104 1052 3
1130 1010 1303 1044 matrem
1321 1016 1491 1056 quoque

84 1072 242 1109 eorum,
259 1073 344 1102 non
360 1062 487 1101 multo
508 1066 730 1112 postquam
747 1057 920 1111 peperit,
939 1066 1144 1101 mortuam
1161 1068 1490 1103 monumentum-

86 1128 167 1168 que
197 1117 234 1157 ei
273 1118 425 1158 factum
458 1118 577 1158 iussu
606 1117 785 1167 Augusti
819 1118 858 1156 in
890 1117 958 1156 uia
987 1117 1248 1165 Laurentina,
1279 1118 1406 1168 inque
1439 1130 1489 1160 eo

85 1173 284 1214 scribtum
303 1185 399 1214 esse
421 1185 637 1214 numerum
655 1174 866 1225 puerperii
892 1173 992 1221 eius,
1024 1174 1074 1213 de
1093 1185 1174 1224 quo
1194 1174 1385 1215 diximus.

746 1288 812 1328 111.

83 1369 268 1407 Locorum
299 1369 537 1417 quorundam
570 1371 783 1408 inlustrium
819 1372 981 1408 conlatio
1015 1374 1282 1420 contentioque
1313 1374 1413 1411 facta
1445 1386 1491 1411 ex

221 1426 451 1463 orationibus
476 1425 514 1464 C.
535 1426 694 1464 Gracchi
717 1432 751 1464 et
771 1429 820 1464 M.
843 1428 1032 1466 Ciceronis
1056 1433 1090 1466 et
1111 1431 1161 1466 M.
1187 1430 1353 1467 Catonis.

136 1515 270 1556 Fortis
287 1526 336 1554 ac
353 1515 609 1562 ue(he)mens
623 1519 762 1554 orator
779 1516 1029 1557 existimatur
1046 1529 1141 1559 esse
1156 1519 1196 1558 C.
1211 1519 1307 1558 Gra
1319 1530 1339 1558 c
1352 1519 1444 1558 chu
1455 1531 1488 1559 s.
1511 1531 1528 1563 1

83 1568 211 1607 Nemo
229 1567 271 1607 id
288 1573 425 1618 negat.
458 1569 543 1609 Sed
568 1571 681 1622 quod
699 1574 906 1614 nonnullis
931 1575 1094 1615 uidetur
1116 1575 1315 1623 seuerior,
1340 1576 1487 1624 acrior,

85 1624 345 1674 ampliorque
362 1636 458 1665 esse
479 1626 532 1664 Μ.
551 1627 684 1666 Tulli
701 1639 745 1675 0,
771 1629 866 1669 ferri
888 1631 929 1670 id
948 1632 1016 1681 qui
1034 1632 1200 1682 potest?
1229 1632 1487 1682 Legebamus
1504 1644 1529 1677 2

84 1679 191 1719 adeo
213 1692 346 1731 nuper
370 1681 663 1722 orationem
686 1684 906 1725 Gracchi
935 1687 1000 1727 de
1022 1687 1229 1738 legibus
1254 1691 1489 1738 promul-

86 1736 224 1785 gatis
243 1769 251 1786 ,
282 1737 322 1776 in
342 1749 424 1787 qua
439 1739 493 1777 M.
515 1739 690 1779 Marium
714 1746 754 1780 et
784 1744 989 1791 quosdam
1012 1755 1062 1783 ex
1086 1743 1318 1795 municipiis
1339 1745 1490 1786 Italicis

85 1792 290 1833 honestos
306 1793 421 1834 uiros
438 1794 565 1845 uirgis
582 1807 658 1846 per
677 1797 865 1838 iniuriam
884 1811 1032 1840 caesos
1051 1812 1074 1840 a
1091 1800 1400 1850 magistratibus
1416 1814 1491 1852 po-

86 1847 174 1898 puli
192 1850 388 1899 Romani,
423 1858 576 1901 quanta
592 1854 770 1893 maxima
786 1855 940 1895 inuidia
959 1862 1101 1907 potest
1123 1858 1405 1907 conqueritur.

161 1906 302 1946 Verba
319 1907 422 1947 haec
439 1913 548 1956 sunt,
562 1921 668 1959 quae
684 1922 812 1961 super
824 1923 872 1951 ea
890 1913 1064 1953 refecit:
1083 1915 1186 1963 Nup
1200 1925 1221 1953 e
1233 1926 1253 1953 r
1268 1915 1331 1955 Te
1343 1927 1488 1956 anum
1505 1920 1529 1956 3

86 1959 385 2003 Sidicinum
408 1967 774 2006 consuluenit.
837 1971 982 2010 onr
1014 1970 1130 2010 eius
1154 1970 1317 2019 dixit,
1345 1984 1403 2012 se
1433 1973 1489 2011 in

86 2017 292 2059 balneis
332 2019 590 2062 uirilibus
632 2024 810 2064 lauari
857 2028 1011 2066 uelle.
1090 2028 1376 2076 Quaestori
1414 2029 1489 2069 Si·

85 2073 260 2115 dicino
295 2087 320 2115 a
349 2077 404 2117 M.
439 2078 603 2119 Mario
641 2081 811 2120 datum
845 2088 925 2122 est
958 2083 1242 2133 negotium,
1274 2085 1349 2124 uti
1384 2086 1490 2125 bal·

84 2129 198 2170 neis
232 2131 595 2184 exigerentur,
628 2137 712 2187 qui
746 2139 1070 2179 lauabantur.
1131 2141 1275 2181 onr
1304 2154 1490 2182 renun-

82 2185 182 2226 tiat
209 2187 348 2237 uiro,
379 2201 556 2240 parum
594 2192 695 2234 cito
732 2193 834 2233 sibi
865 2196 1079 2236 balneas
1115 2198 1346 2239 traditas
1371 2210 1489 2240 esse

85 2247 134 2281 et
160 2254 335 2294 parum
364 2247 535 2287 lautas
558 2248 735 2290 fuisse.
798 2252 997 2292 Idcirco
1034 2254 1177 2303 palus
1202 2255 1486 2296 destitutus

1222 2310 1274 2349 1*
