1619 2476
96 72 177 114 196
609 72 677 110 VI.
696 72 820 118 (VII.)
837 82 911 110 v11.
931 82 1021 110 vm.

94 197 186 225 mus
216 190 256 224 et
285 183 544 234 ‘adprimus'
578 188 617 222 et
648 182 897 232 ‘adprime',
927 182 1096 222 intentio
1128 182 1169 222 in
1199 183 1263 224 his
1301 184 1492 226 omnibus

95 243 428 292 demonstratur,
460 251 595 289 neque
624 244 761 278 tamen
793 240 894 278 ‘ad'
922 239 1124 289 particula
1146 239 1247 279 satis
1272 242 1491 282 commode

56 299 266 338 Saecentu
297 303 418 337 acuto
448 297 749 347 pronuntiatur.
812 296 1090 346 ‘Adprobus'
1121 301 1272 346 tamen,
1301 298 1415 347 quod
1442 297 1492 337 si-

94 354 262 404 gnificat
290 355 435 394 <ualde
460 353 656 403 probus’,
691 364 773 392 non
802 351 951 392 infitias
983 363 1032 392 eo
1059 351 1155 402 quin
1178 352 1310 403 prima
1332 354 1493 404 syllaba

55 410 185 450 9acui
220 411 381 450 debeat.
459 409 717 450 Caecilius
753 409 790 448 in
839 408 1076 461 comoedia,
1115 420 1221 459 quae
1259 409 1494 450 inscribitur

93 467 261 507 Trium
276 468 426 517 plius,
454 467 657 506 uocabulo
680 466 760 505 isto
785 465 930 505 utitur:

149 546 426 587 Hierocles
467 546 662 595 hospes
715 543 791 583 e'st
838 544 1004 592 mi(hi)
1048 544 1361 584 adulescens
1407 543 1491 584 ad-

857 601 1065 650 probus.

35 700 80 734 10
174 695 278 733 Num
306 692 428 743 igitur
450 691 487 730 in
511 691 598 731 istis
620 690 816 739 uocibus,
858 702 961 741 quas
994 702 1077 731 non
1101 689 1192 730 aeui
1213 690 1412 740 diximus,
1443 704 1491 732 ea

93 762 219 790 causa
239 754 314 797 est,
339 749 451 799 quod
473 748 631 798 syllaba
651 747 882 797 insequitur
902 752 1050 787 natura
1071 746 1254 797 longior,
1280 759 1386 798 quae
1407 760 1491 788 non

93 808 219 846 ferme
240 806 392 856 patitur
416 804 506 844 acui
529 805 709 859 priorem
739 804 777 843 in
800 803 1016 844 uocabulis
1039 804 1291 854 syllabarum
1313 804 1489 855 plurium

35 869 77 903 11
94 875 216 912 quam
234 863 436 902 duarum?
463 861 739 911 ‘Adprimum’
760 866 896 900 autem
914 862 1037 910 longe
1055 859 1232 911 primum
1249 861 1292 900 L.
1314 860 1489 902 Liuius

89 919 129 958 in
155 919 384 970 Odyssia
407 918 503 957 dicit
528 917 566 957 in
592 918 671 957 hoc
694 928 838 957 uersu:

147 997 448 1048 Ibidemque
471 994 549 1036 uir
573 995 795 1037 summus
820 994 1083 1046 adprimus
1105 994 1396 1036 Patroclus.

35 1090 203 1129 lizldem
233 1087 412 1128 Liuius
443 1088 489 1127 in
513 1088 737 1139 Odyssia
771 1087 1091 1137 epraemodum’
1121 1085 1236 1133 dicit,
1276 1085 1394 1135 quasi
1421 1087 1490 1126 ad-

90 1146 272 1185 modum.
342 1147 692 1192 ‘Parcentes'‚
732 1143 883 1194 inquit,
927 1143 1331 1193 <praemodum’‚
1377 1143 1490 1193 quod

90 1201 293 1251 significat
331 1205 484 1252 ‘supra
526 1202 740 1248 modum’‚
777 1200 1014 1249 dictumque
1046 1203 1110 1240 est
1145 1198 1265 1249 quasi
1302 1202 1491 1249 ‘praeter

90 1258 304 1306 modum’3
336 1257 374 1297 in
401 1269 482 1308 quo
506 1257 661 1297 scilicet
686 1256 818 1307 prima
841 1257 1001 1307 syllaba
1021 1255 1112 1295 acui
1137 1255 1315 1295 debebit.

741 1369 844 1407 VIII.

87 1450 164 1487 Res
186 1448 282 1483 ultra
310 1446 424 1483 fidem
454 1445 588 1482 tradita
613 1457 726 1493 super
759 1449 925 1482 amatore
949 1443 1126 1492 delphino
1151 1448 1185 1480 et
1212 1456 1329 1491 puero
1353 1450 1487 1484 amalo,

53 1543 72 1576 1
168 1534 394 1585 Delphines
411 1533 606 1574 uenerios
626 1545 721 1573 esse
739 1538 779 1573 et
796 1531 975 1573 amasios
988 1543 1071 1572 non
1086 1532 1212 1584 modo
1230 1531 1369 1574 histo
1383 1533 1488 1574 riae

50 1597 322 1639 2ueteres‚
354 1591 431 1630 sed
462 1594 708 1630 recentes
743 1600 911 1639 quoque
945 1588 1225 1628 memoriae
1264 1589 1486 1630 declarant.

88 1651 189 1689 Nam
201 1652 241 1688 et
253 1648 330 1688 sub
343 1646 529 1687 Caesaris
546 1646 585 1685 in
596 1647 822 1686 Puteolano
841 1644 953 1693 mari,
965 1649 1011 1684 ut
1025 1646 1099 1695 Ap
1111 1645 1156 1685 io
1170 1657 1194 1684 n
1213 1645 1410 1696 scriptum
1427 1657 1488 1686 re-

89 1705 221 1755 liquit,
247 1708 288 1744 et
310 1702 468 1753 aliquot
497 1703 673 1743 saeculis
707 1707 802 1743 ante
825 1701 937 1752 apud
957 1701 1235 1750 Naupactum,
1258 1706 1303 1741 ut
1330 1703 1487 1742 Theo-

90 1763 333 1813 phrastus
365 1759 552 1808 tradidit,
598 1764 805 1800 amatores
851 1756 1159 1807 flagrantissimi
1199 1757 1487 1808 delphinorum

51 1823 72 1858 3
90 1817 244 1867 cogniti
267 1816 552 1867 compertique
575 1821 683 1856 sunt.
744 1816 887 1865 Neque
908 1814 949 1853 hi
976 1818 1218 1853 amauerunt
1248 1815 1361 1863 quod
1392 1820 1488 1855 sunt

88 1874 169 1925 ipsi
186 1885 334 1925 genus,
360 1873 435 1913 sed
456 1884 612 1922 pueros
632 1873 763 1912 forma
779 1870 935 1911 liberali
953 1870 993 1909 in
1011 1869 1210 1909 nauiculis
1233 1871 1339 1910 forte
1356 1876 1425 1911 aut
1446 1871 1486 1911 in

88 1930 207 1971 uadis
229 1930 393 1969 litorum
420 1934 672 1979 conspectos
697 1927 807 1968 miris
829 1933 869 1967 et
889 1925 1077 1967 humanis
1098 1925 1232 1966 modis
1258 1928 1461 1967 arserunt.

51 1992 74 2026 4
174 1986 314 2025 Verba
353 1985 584 2035 subscripsi
616 1980 894 2032 Ἀπίωνος,
935 1982 1095 2030 eruditi,
1115 1982 1193 2021 uiri
1230 1994 1282 2022 ex
1316 1984 1487 2034 Aegy-

89 2042 382 2106 ptiacorum
421 2041 551 2081 libro
592 2041 791 2090 quinto,
834 2040 981 2090 quibus
1017 2038 1198 2089 delphini
1233 2038 1408 2080 amantis
1449 2045 1489 2079 et

90 2099 207 2148 pueri
243 2109 327 2138 non
367 2097 628 2138 abhorrentis
660 2095 1005 2143 consuetudines,
1043 2096 1179 2143 lusus,
1217 2095 1487 2148 gestationes,

92 2154 373 2203 aurigationes
397 2155 523 2194 lesert
546 2164 679 2219 eaque
704 2152 840 2206 omnia
861 2162 956 2192 sese
976 2151 1113 2201 ipsum
1131 2126 1368 2201 milltosque
1384 2151 1488 2192 alios

53 2208 250 2251 5uidisse
272 2209 388 2249 dicit.
414 2204 599 2257 Αὐτὸς
625 2203 665 2248 δ’
686 2207 753 2248 αὐ
780 2203 931 2248 εἶδον
959 2203 1087 2257 περὶ
1111 2207 1488 2274 Δικαιαρχίαν

95 2260 347 2317 [παιδός],
364 2259 658 2313 Ῥάκινθος
684 2262 957 2317 ἐκαλεῖτο,
986 2260 1190 2311 πόθοις
1217 2259 1489 2317 ἐπτοημέ-
