1603 2508
1 74 34 97 e·
49 24 67 78 -·¹
89 63 110 86 ,1
534 55 606 116 YI.
635 55 762 104 (VII.)
784 66 889 95 xvn.
906 66 1028 95 xv111.
1409 54 1494 98 207

6 215 9 217 ,
161 171 214 210 Et
235 169 388 210 nebulo
416 167 584 218 quidem
606 168 694 216 ille,
726 169 797 209 ubi
828 170 909 209 hoc
942 168 1062 217 dixit,
1093 167 1310 219 digressus
1338 176 1423 219 est3
1458 172 1493 212 si
1507 181 1551 214 12

15 222 33 234 ’”
77 226 170 278 quis
187 230 327 266 autem
341 226 459 265 uolet
474 236 559 265 non
579 225 780 276 originem
798 227 931 266 solam
948 226 1066 266 uerbi
1084 226 1224 275 istius,
1244 228 1319 268 sed
1339 228 1492 279 signifi-

77 283 284 324 cationem
303 293 474 333 quoque
493 282 582 322 eius
599 282 927 333 uarietatemque
945 295 1188 332 recensere,
1212 290 1256 324 ut
1270 285 1351 325 hoc
1368 286 1491 325 etiam

72 339 362 382 Plautinum
379 344 554 390 spectet,
590 339 796 395 adscripsi
813 351 964 380 uersus
984 352 1035 380 ex
1051 340 1176 381 Asin
1189 341 1317 381 aria:

131 422 377 463 Maximas
417 419 718 472 opimitates
757 421 951 472 gaudio
993 421 1375 464 effer-tissimas

133 477 249 520 Suis
290 478 394 519 eris
431 478 518 518 ille
557 477 654 519 una
697 490 887 519 mecum
932 478 1105 530 pariet
1140 486 1401 531 gnatoque
1440 482 1491 522 et

904 537 1063 587 patri;

130 588 286 633 'Adeo
310 597 365 632 ut
395 596 615 632 aetatem
641 591 784 633 ambo
814 594 1062 634 ambobus
1090 591 1240 634 nobis
1273 594 1490 636 8111101)-

907 649 1049 691 noxii

129 706 319 747 Nostro
357 704 587 746 deuincti
616 706 894 747 beneficio.

72 800 160 850 Qua
185 809 287 839 uero
311 797 380 839 ille
397 798 691 850 grammaticus
720 798 907 839 linitione
925 810 1028 838 usus
1061 804 1146 847 est,
1180 811 1229 839 ea
1255 799 1421 840 uidetur
1445 801 1546 840 11113

69 856 201 901 uerbo
219 860 303 895 tam
336 856 550 907 multiplici
581 868 707 896 unam
738 857 1028 896 tantummodo
1060 856 1378 907 usurpationem
1397 857 1487 897 eius

70 917 264 960 notasse,
299 925 408 963 quae
426 913 594 964 quidem
618 913 811 963 congruit
841 925 936 953 cum
968 913 1226 967 significatu,
1255 925 1337 964 quo
1363 915 1486 954 Cae-

71 969 225 1010 cilius
247 981 351 1012 usus
372 977 436 1011 est
455 970 495 1010 in
515 970 740 1020 Chrysio
766 971 806 1009 in
824 970 886 1010 his
904 970 1120 1010 uersibus:

170 1092 179 1102 .
215 1063 531 1112 Quamquam
557 1074 651 1111 ego
676 1061 912 1101 mercede
945 1062 1041 1101 huc
1077 1062 1370 1104 conductus
1403 1069 1486 1103 tua

126 1118 394 1167 Adue'nio‚
428 1130 496 1158 ne
525 1117 617 1157 tibi
650 1130 729 1158 me
769 1118 890 1159 e'sse
927 1119 994 1158 ob
1028 1130 1133 1159 eam
1171 1131 1271 1160 rem
1315 1120 1487 1162 obno-

898 1175 1038 1215 xium

122 1230 311 1285 Reare‚
344 1231 553 1272 audibis
584 1230 738 1279 male,
772 1232 812 1271 si
841 1231 1118 1273 maledicis
1142 1233 1273 1273 milii.

701 1368 846 1410 XVIII.

65 1451 118 1487 De
145 1451 349 1488 obseruata
370 1450 635 1497 custoditaque
657 1451 759 1498 apud
780 1450 972 1488 Romanos
1003 1453 1249 1491 iurisiurandi
1278 1457 1481 1494 sanctimo-

123 1509 209 1552 nia3
241 1511 352 1555 atque
382 1508 474 1545 inibi
508 1507 553 1544 de
589 1508 722 1545 decem
749 1510 931 1556 captiuis,
966 1522 1060 1557 quos
1084 1511 1243 1548 Romam
1276 1512 1478 1559 Hannibal,

124 1564 271 1602 deiurio
300 1566 344 1601 ab
365 1565 425 1601 his
452 1569 634 1613 accepto,
664 1566 820 1611 legauit.

150 1651 442 1694 Iusiurandum
459 1654 573 1704 apud
588 1655 804 1695 Romanos
830 1653 1027 1694 inuiolate
1046 1661 1277 1706 sancteque
1294 1657 1478 1699 habitum
1496 1664 1515 1698 1

64 1715 361 1761 seruatumque
392 1715 469 1750 est.
531 1711 575 1750 Id
599 1716 640 1751 et
670 1711 855 1751 moribus
873 1711 1120 1762 legibusque
1137 1714 1274 1754 multis
1294 1715 1476 1754 ostendi-

62 1771 141 1816 tur,
159 1772 201 1807 et
215 1767 309 1816 hoc,
343 1768 457 1818 quod
475 1767 675 1816 dicemus,
695 1768 732 1808 01
752 1768 811 1808 rei
828 1780 911 1809 non
928 1773 1053 1808 tenue
1070 1776 1361 1820 argumentum
1379 1783 1476 1812 esse

62 1828 217 1875 potest.
254 1825 385 1874 [Post]
400 1824 605 1876 proelium
620 1826 836 1866 Cannense
848 1824 1065 1874 Hannibal,
1076 1827 1474 1878 Carthaginiensium
1489 1834 1512 1868 2

61 1880 310 1932 imperator,
346 1893 398 1922 ex
430 1881 606 1933 captiuis
632 1882 787 1923 nostris
813 1884 970 1922 electos
994 1884 1139 1923 decem
1158 1885 1334 1925 Romam
1365 1886 1476 1927 misit

20 1953 22 1956 ’
41 1938 360 1989 r'mandauitque
383 1938 442 1980 eis
459 1944 697 1991 pactusque
715 1945 791 1988 est,
824 1946 880 1988 ut,
914 1939 948 1980 si
968 1943 1127 1991 populo
1145 1943 1335 1982 Romano
1361 1942 1475 1984 uide—

61 2000 194 2045 retur,
226 1996 476 2047 permutatio
502 1998 622 2038 tieret
647 1997 908 2049 captiuorum
931 2002 971 2036 et
994 2010 1072 2048 pro
1103 1998 1186 2047 his,
1219 2011 1326 2050 quos
1358 1999 1475 2040 alteri

61 2053 204 2105 plures
222 2053 481 2104 acciperent,
514 2055 661 2095 darent
686 2055 846 2104 argenti
870 2055 1013 2104 pondo
1038 2055 1183 2095 libram
1201 2061 1242 2096 et
1264 2057 1472 2096 selibram.

61 2109 175 2162 Hoc,
207 2109 452 2176 priusquam
483 2111 874 2162 proficiscerentui,
903 2111 1189 2153 iusiiuandum
1214 2125 1289 2154 eos
1318 2113 1472 2165 adegit,
1489 2121 1512 2156 3

30 2166 273 2210 redituros
297 2178 394 2209 esse
425 2167 465 2208 in
495 2173 633 2209 casua
660 2168 862 2216 PoenIca‚
898 2168 933 2207 si
954 2169 1130 2209 Romani
1165 2170 1356 2221 captiuos
1388 2182 1471 2211 non

0 2214 33 2250 5
93 2229 361 2265 ermutarent.

64 2234 90 2273 p
145 2281 330 2321 Veniunt
344 2282 520 2322 Romam
538 2282 683 2322 decem
703 2282 867 2332 captiui.
929 2283 1169 2324 Mandatum
1186 2284 1316 2324 Poeni
1341 2284 1529 2335 impe-4.5
