1619 2476
108 39 191 82 186
669 41 794 79 XVII.
823 51 864 78 x.
885 51 944 78 x1.

51 159 95 195 19
109 153 260 192 dictum
275 184 284 199 ,
316 163 398 191 non
417 162 440 190 a
459 153 613 192 calore.
675 152 794 200 Quod
813 154 948 190 ‘saxa'
973 156 1110 190 autem
1127 153 1186 192 ‘et
1201 154 1403 204 scopulos
1420 165 1513 194 eru·

108 209 207 247 ctari
224 213 264 247 et
289 207 412 256 erigi’
435 208 693 257 eosdemque
716 208 834 258 ipsos
856 207 992 247 statim
1020 207 1249 258 ‘liquefieri
1273 213 1316 250 et
1341 221 1512 260 gemere
1565 243 1584 251 ⁷.

106 270 229 312 atque
246 263 467 312 glomerari
485 263 562 303 sub
583 266 729 303 auras'
751 263 870 312 dixit,
906 264 1018 311 hoc',
1049 263 1203 314 inquit,
1235 268 1337 305 ‘nec
1359 277 1384 305 a
1398 266 1512 306 Pin-

106 320 131 358 d
145 331 232 358 aro
254 319 453 368 scriptum
471 331 547 358 nec
571 331 766 369 umquam
785 320 910 359 fando
928 319 1112 370 auditum
1129 324 1171 360 et
1190 320 1386 371 omnium,
1403 334 1511 372 quae

105 380 291 415 monstra
310 375 514 424 dicuntur,
545 375 977 416 monstruosissimum
998 379 1098 415 est'.

774 489 842 528 XI.

105 565 216 610 Quod
237 566 455 603 Plutarchus
487 569 521 603 in
546 569 648 604 libris
671 569 924 615 Symposiacis
942 569 1159 615 opinionem
1183 568 1347 605 Platonis
1375 568 1423 604 de
1445 568 1513 606 ha·
1533 611 1541 615 „

162 623 237 658 bitu
255 628 365 670 atquc
393 628 524 660 natura
551 624 733 660 stomachi
754 626 976 671 fistulaeque
1003 625 1106 669 eius,
1130 635 1225 671 quae
1245 624 1403 674 τραχεῖα
1421 625 1526 662 dici—v

164 684 232 723 tur,
252 680 454 716 aduersum
471 680 736 716 Erasistratum
754 682 942 718 medicum
959 685 1097 717 tutatus
1119 685 1188 726 est,
1207 682 1429 718 auctoritate
1445 681 1512 718 ad-

161 735 276 772 hibita
300 737 438 783 antiqui
467 737 602 773 medici
625 738 880 784 Hippocratis.

67 827 85 860 1
186 823 236 860 Et
258 823 571 864 Plutarchus
598 830 637 863 et
659 825 722 863 alii
751 825 918 874 quidam
944 825 1056 865 docti
1080 825 1178 873 uiri,
1206 824 1509 875 reprehensum

106 889 201 917 esse
220 879 270 917 ab
289 880 617 920 Erasistrato
632 911 643 932 ⁷
670 882 795 921 nobili
812 881 986 930 medico,
1008 882 1272 921 Platonem
1289 880 1510 930 scripsere,

108 935 221 983 quod
254 941 398 984 potum
431 937 531 975 dixit
556 938 740 976 defluere
765 939 816 977 ad
837 940 1078 988 pulmonem
1113 948 1250 987 eoque
1273 937 1375 977 satis
1399 946 1511 976 ume-

107 995 215 1030 ctato
235 991 457 1031 demanare
478 1004 553 1042 per
577 1005 681 1041 euni,
706 994 800 1043 quia
822 995 876 1034 sit
890 994 1096 1042 rimosior,
1122 998 1163 1033 et
1184 993 1398 1034 confluere
1415 992 1512 1032 inde

105 1046 145 1085 in
164 1046 365 1095 uesicam3
399 1049 637 1098 errorisque
667 1051 784 1090 istius
807 1050 937 1090 fuisse
964 1052 1219 1090 Alcaeum
1246 1050 1414 1097 ducem,
1442 1046 1513 1098 qui

105 1101 145 1141 in
162 1103 366 1152 poematis
389 1104 475 1144 suis
502 1105 722 1145 scriberet:

169 1178 341 1232 Τέγγε
373 1178 662 1234 πνεύμονα
693 1185 844 1223 οἰνω·
883 1179 940 1224 τὸ
972 1180 1075 1238 γὰρ
1106 1179 1320 1237 ἄστρον
1350 1196 1512 1236 περι-

930 1239 1210 1292 τέλλεται,
1243 1280 1251 1287 ,

64 1333 88 1367 2
105 1326 241 1376 ipsum
259 1333 394 1367 autem
414 1327 794 1368 Erasistratum
813 1330 965 1377 dice1e‚
999 1331 1103 1370 duas
1128 1340 1225 1369 esse
1247 1328 1368 1378 quasi
1390 1339 1509 1367 cana·
1550 1358 1555 1372 ὁ

106 1384 249 1422 liculas
271 1384 471 1433 quasdam
492 1384 555 1421 uel
572 1384 732 1424 fistulas
751 1396 906 1435 easque
924 1386 974 1425 ab
993 1386 1076 1425 oris
1094 1385 1282 1425 faucibus
1299 1384 1511 1435 proficisci
1562 1399 1567 1401 ·

108 1440 329 1487 deorsum,
361 1451 437 1488 per
459 1450 684 1490 earumque
705 1442 873 1481 alteram
892 1442 1041 1481 deduci
1063 1442 1283 1491 delabique
1300 1442 1340 1480 in
1359 1446 1511 1481 stoma-

107 1496 227 1535 chum
246 1497 457 1536 esculenta
475 1497 612 1535 omnia
629 1502 668 1536 et
683 1500 897 1546 potulenta
915 1510 967 1538 ex
984 1510 1120 1549 eoque
1137 1499 1234 1538 ferri
1248 1499 1288 1537 in
1304 1497 1512 1538 uentricu·
1556 1527 1560 1530 Α
1600 1495 1602 1499 ’

106 1552 211 1599 lum,
245 1563 351 1601 quae
389 1553 545 1591 Graece
578 1555 809 1602 appellatur
847 1549 898 1606 (ἡ
931 1551 1049 1594 κάτω
1080 1555 1264 1601 κοιλία’,
1297 1558 1423 1603 atque
1453 1553 1510 1592 ibi
1555 1554 1599 1596 L.

107 1607 241 1657 subigi
263 1608 499 1658 digerique‚
529 1619 577 1647 ac
604 1609 753 1649 deinde
775 1611 953 1650 aridiora
971 1623 1022 1651 ex
1039 1611 1102 1652 his
1123 1615 1382 1651 recrementa
1397 1609 1437 1649 in
1454 1610 1510 1648 al·
1597 1631 1599 1638 ·

107 1675 204 1702 uum
228 1664 471 1712 conuenire,
506 1666 619 1714 quod
639 1667 795 1705 Graece
812 1663 997 1706 εκολ.ον’
1023 1668 1182 1716 dicitur,
1214 1667 1421 1710 umidiora
1434 1676 1512 1716 per
1548 1667 1561 1721 ’ἦ
1596 1680 1598 1687 ,

65 1725 90 1759 3
107 1731 228 1759 renes
251 1720 290 1758 in
307 1721 504 1759 uesicam.
565 1723 644 1760 Per
662 1724 831 1762 alteram
848 1729 984 1763 autem
1004 1725 1196 1772 fistulam,
1227 1735 1335 1774 quae
1352 1724 1510 1762 Graece
1542 1737 1563 1776 :J

108 1776 342 1815 nominatur
369 1781 564 1828 (τραχεῖα
586 1772 802 1831 ἀρτηρία’,
835 1780 1024 1830 spiritum
1046 1792 1070 1819 a
1087 1792 1248 1820 summo
1269 1791 1341 1819 ore
1363 1779 1403 1818 in
1423 1779 1510 1827 pul·
1543 1784 1566 1830 ³;

107 1842 284 1879 monem,
318 1837 443 1881 atque
459 1833 556 1872 inde
576 1845 743 1874 sursum
760 1835 800 1874 in
819 1848 867 1875 os
885 1842 925 1876 et
948 1836 988 1875 in
1006 1840 1128 1876 n'ares
1153 1846 1400 1883 commeare,
1418 1845 1510 1884 per·
1551 1864 1559 1870 ,ν

71 1892 95 1925 4
113 1898 193 1935 que
219 1889 394 1927 eandem
417 1889 526 1928 uiam
557 1891 674 1930 uocis
709 1903 878 1941 quoquc
902 1893 990 1931 sieri
1010 1898 1190 1932 meatum
1211 1902 1282 1941 ac,
1309 1903 1361 1930 ne
1377 1895 1509 1940 potus
1548 1918 1561 1937 „

109 1942 279 1982 cibusue
297 1944 470 1992 aridior,
504 1957 625 1994 quern
647 1953 860 1996 oporteret
875 1949 913 1986 in
932 1949 1218 1987 stomachum
1208 1959 1288 1995 1re‚
1318 1946 1510 1997 procide·
1548 1981 1562 1994 ,

106 2002 170 2035 ret
196 2009 248 2037 ex
275 2010 346 2038 ore
368 2001 659 2050 labereturque
686 2003 725 2040 in
749 2014 838 2041 eam
859 2005 1063 2051 fistulam,
1095 2015 1170 2053 per
1189 2015 1311 2053 quam
1337 2002 1509 2052 spiritus

107 2052 411 2104 reciprocatur,
444 2067 577 2104 eaque
612 2057 846 2097 offensione
876 2059 1224 2098 intercluderetur
1247 2059 1408 2098 animae
1427 2057 1508 2105 uia,
1551 2071 1557 2074 ·

106 2106 327 2157 inpositam
346 2122 440 2150 esse
466 2117 554 2151 arte
577 2114 754 2161 quadam
777 2119 817 2152 et
835 2125 962 2163 operc
979 2120 1150 2154 naturae
1174 2115 1270 2154 inde
1296 2113 1408 2164 apud
1424 2113 1507 2151 duo
1537 2160 1540 2161 ⁷

108 2161 187 2202 ista
204 2166 416 2215 foramina,
437 2179 543 2217 quae
560 2168 706 2208 dicitur
724 2167 1028 2233 (ἐπργλωττίςζ
1049 2170 1168 2220 quasi
1186 2173 1367 2210 claustra
1383 2179 1554 2218 quae·

70 2223 92 2256 5
111 2218 203 2257 darn
234 2222 420 2270 mobilia,
459 2223 693 2264 coniuentia
723 2225 908 2265 uicissim
947 2231 987 2265 et
1009 2227 1290 2276 resurgentia,
1330 2234 1547 2283 eamque.
1528 2242 1558 2250 -
1586 2240 1588 2268 5
