1635 2492
0 2300 10 2314 s
0 2207 8 2279 3-=-

732 57 842 98 XVI.
874 68 917 97 11.
1452 56 1535 100 149

805 171 854 211 11.

146 254 367 294 Cuiusmodi
397 256 445 292 sit
465 256 526 291 lex
548 254 651 302 apud
673 253 892 291 dialecticos
913 252 1166 301 percontandi
1189 253 1505 302 disserendique;

457 317 493 348 et
517 323 614 359 quae
636 313 683 348 sit
705 312 787 348 eius
812 312 909 359 legis
931 310 1194 358 reprehensio.

202 403 358 452 Legem
379 411 476 441 esse
498 400 613 441 aiunt
634 399 879 451 disciplinae
909 398 1171 447 dialecticae,
1199 398 1235 439 si
1258 400 1311 439 de
1339 400 1534 451 quapiam
1556 403 1570 436 1

118 470 164 499 re
184 462 412 508 quaeratur
433 457 751 509 disputeturque
773 462 899 507 atque
917 456 972 496 ibi
994 456 1094 506 quid
1115 466 1279 506 rogere,
1298 462 1343 496 ut
1361 468 1535 507 respon-

119 516 240 564 deas,
266 519 352 555 tum
382 526 434 555 ne
453 514 630 566 amplius
657 514 756 565 quid
781 514 917 562 dicas,
945 524 1070 564 quam
1099 513 1141 552 id
1167 515 1323 562 solum,
1350 515 1464 564 quod
1488 526 1534 554 es

117 577 313 624 rogatus,
332 577 402 612 aut
419 572 506 612 aias
529 577 600 613 aut
620 582 774 622 neges;
807 582 985 621 eamque
1008 572 1142 621 legem
1162 570 1231 621 qui
1254 583 1337 611 non
1362 577 1535 611 seruent

119 635 160 670 et
181 634 253 669 aut
268 630 361 680 plus
378 634 450 669 aut
471 629 600 678 aliter,
620 641 744 680 quam
769 634 867 670 sunt
886 627 1033 679 rogati,
1053 629 1353 678 respondeant,
1380 629 1534 669 existu-

118 691 284 726 mantur
297 686 539 737 indoctique
556 698 653 728 esse
672 685 995 738 disputandique
1013 696 1172 725 morem
1189 690 1315 735 atque
1332 686 1534 726 rationem

117 755 202 784 non
224 748 382 784 tenere.
421 745 514 784 Hoc
539 744 720 794 quidem,
741 744 856 795 quod
873 744 1028 791 dicunt,
1047 742 1086 781 in
1109 742 1323 793 plerisque
1339 743 1533 794 disputa-
1549 749 1570 783 2

115 800 299 842 tionibus
322 803 470 852 procul
490 801 616 842 dubio
637 801 726 841 fieri
745 806 925 853 oportet.
958 800 1202 840 Indefinitus
1221 811 1402 851 namque
1419 800 1532 840 inex·
1550 806 1573 841 3

116 857 406 908 plicabilisque
429 870 568 899 sermo
595 858 684 907 fiet,
718 858 797 899 nisi
820 857 1218 908 interrogationibus
1247 857 1534 908 responsioni-

115 916 281 966 busque
307 915 566 967 simplicibus
583 916 706 956 fuerit
730 915 1042 956 determinatus.

203 972 288 1013 Sed
306 973 413 1013 enim
430 984 527 1014 esse
549 974 754 1024 quaedam
776 974 983 1026 uidentur,
1004 973 1043 1012 in
1064 972 1214 1023 quibus
1236 972 1271 1012 si
1291 971 1475 1011 breuiter
1492 978 1532 1011 et
1548 980 1571 1013 4

116 1031 169 1070 ad
190 1030 244 1079 id,
264 1030 379 1080 quod
396 1035 568 1081 rogatus
590 1030 732 1079 fueris,
751 1031 1028 1081 respondeas,
1049 1030 1228 1080 capiare.
1260 1030 1362 1069 Nam
1385 1029 1421 1069 si
1439 1029 1530 1079 quis
1547 1037 1568 1070 5

115 1087 179 1127 his
197 1087 339 1127 uerbis
356 1087 605 1139 interroget:
637 1089 826 1128 ‘Postulo
845 1087 904 1127 uti
922 1088 1198 1137 respondeas,
1227 1086 1459 1126 desierisne
1477 1088 1532 1125 fa-

117 1155 213 1184 cere
242 1144 512 1193 adulterium,
544 1156 594 1184 an
628 1150 743 1193 non’,
765 1151 1086 1194 utrumcumque
1113 1144 1331 1183 dialectica
1356 1144 1447 1193 lege
1472 1154 1534 1182 re-

116 1200 364 1251 sponderis,
397 1200 487 1241 siue
517 1201 605 1241 aias
628 1212 704 1242 seu
726 1213 877 1252 neges,
914 1200 1107 1240 haerebis
1128 1201 1166 1240 in
1191 1200 1386 1250 captione
1401 1231 1410 1249 ‚
1432 1205 1533 1239 tam-

119 1269 241 1308 quam
266 1257 301 1298 si
322 1262 364 1298 te
392 1258 507 1299 dicas
539 1259 774 1299 adulterum
798 1263 912 1307 [....]
937 1265 1103 1308 negent.
1165 1259 1267 1298 Nam
1294 1256 1364 1307 qui
1394 1257 1532 1297 facere
1549 1263 1571 1299 6

114 1326 199 1355 non
221 1314 383 1363 desinit,
415 1327 499 1356 non
521 1316 563 1355 id
586 1316 827 1357 necessario
853 1316 975 1355 etiam
998 1315 1106 1355 fecit.
1168 1316 1290 1355 Falsa
1315 1314 1438 1364 igitur
1468 1320 1532 1354 est
1549 1319 1570 1355 7

115 1371 280 1422 species
297 1371 416 1413 istius
435 1372 639 1423 captionis
661 1378 977 1423 etnequaquam
995 1373 1228 1423 procedere
1245 1372 1357 1411 adid
1377 1377 1532 1422 potest,

113 1433 160 1469 ut
174 1428 327 1480 conligi
357 1430 637 1481 concludique
660 1430 809 1481 possit,
829 1442 923 1470 eum
947 1431 1085 1470 facere
1103 1429 1368 1481 adulterium,
1389 1429 1459 1479 qui
1485 1440 1532 1469 se

113 1485 330 1536 negauerit
353 1487 490 1527 facere
511 1488 690 1528 desisse.
755 1488 860 1538 Quid
880 1493 1018 1527 autem
1036 1487 1138 1538 legis
1157 1487 1276 1527 istius
1295 1497 1533 1537 propugna-
1548 1490 1572 1525 8

116 1547 229 1583 tores
246 1542 287 1582 in
302 1543 372 1582 illa
389 1544 654 1594 captiuncula
670 1545 842 1593 facient,
862 1544 901 1584 in
924 1556 1005 1595 qua
1022 1545 1196 1584 haerere
1213 1555 1287 1584 eos
1307 1554 1531 1583 necessum

114 1604 191 1649 est,
210 1599 245 1640 si
263 1599 360 1639 nihil
377 1601 568 1651 amplius,
593 1613 716 1651 quam
736 1603 850 1651 quod
874 1602 1116 1652 interrogati
1136 1606 1276 1647 erunt,
1301 1600 1531 1650 responde-

112 1655 219 1713 rint?
239 1658 340 1696 Nam
353 1689 362 1705 ,
381 1657 416 1697 si
435 1657 492 1697 ita
509 1669 588 1708 ego
606 1658 782 1699 istorum
802 1658 983 1708 aliquem
1008 1669 1174 1708 rogem:
1199 1657 1424 1707 ‘Quicquid
1447 1668 1530 1696 non
1548 1663 1571 1698 9

112 1713 349 1764 perdidisti,
383 1714 618 1763 habeasne,
653 1726 704 1754 an
740 1727 823 1756 non
852 1716 1030 1763 habeas,
1065 1716 1233 1764 postulo
1266 1720 1313 1754 ut
1343 1714 1430 1754 aias
1460 1718 1532 1753 aut

111 1774 283 1821 neges’‚
314 1776 634 1822 utrumcumque
652 1772 834 1812 breuiter
852 1771 1138 1822 responderit,
1167 1771 1366 1822 capietur.
1428 1771 1530 1810 Nam
1544 1778 1589 1813 10

113 1827 149 1867 si
167 1839 252 1868 non
282 1828 439 1869 habere
469 1840 516 1869 se
544 1828 782 1879 negauerit‚
813 1830 928 1879 quod
950 1840 1033 1868 non
1066 1828 1262 1878 perdidit,
1297 1828 1528 1877 colligetur,

112 1886 260 1925 oculos
287 1896 382 1925 eum
406 1897 491 1926 non
513 1887 691 1934 habere,
726 1887 839 1936 quod
865 1897 948 1926 non
974 1885 1156 1936 perdidit
1172 1898 1181 1932 ;
1237 1886 1299 1926 sin
1326 1896 1427 1925 uero
1460 1885 1529 1923 ha-

110 1941 212 1981 bere
243 1953 291 1982 se
314 1942 484 1992 dixerit,
514 1943 753 1993 colligetur,
783 1943 938 1983 habere
973 1954 1066 1982 eum
1091 1953 1271 1990 cornua,
1305 1953 1412 1992 quae
1445 1953 1527 1982 non

110 1997 305 2048 perdidit.
350 2000 520 2041 Rectius
545 2000 670 2051 igitur
686 2000 934 2050 cautiusque
950 1999 1005 2040 ita
1020 2000 1368 2050 respondebitur:
1397 1998 1526 2048 ‘quie
1544 2006 1585 2040 ll

112 2054 213 2105 quid
231 2055 375 2104 habui,
407 2056 448 2096 id
469 2057 627 2106 habeo,
660 2057 695 2098 si
718 2057 759 2097 id
777 2069 860 2097 non
882 2056 1084 2108 perdidi'.
1133 2056 1217 2097 Sed
1234 2055 1527 2096 huiuscemodi
1542 2064 1585 2098 12

110 2111 333 2162 responsio
364 2125 448 2153 non
481 2114 526 2154 fit
554 2125 606 2154 ex
640 2126 689 2154 ea
724 2116 835 2164 lege,
877 2125 1000 2164 quam
1031 2113 1232 2154 diximus:
1275 2114 1370 2164 plus
1406 2112 1526 2159 enim,

111 2179 236 2219 quam
265 2170 381 2219 quod
412 2176 584 2221 rogatus
611 2177 694 2220 est,
727 2171 970 2222 respondet.
1032 2172 1261 2222 Propterea
1291 2171 1333 2209 id
1356 2181 1525 2220 quoque
1543 2177 1588 2212 13

109 2225 163 2264 ad
180 2235 271 2265 eam
287 2226 422 2276 legem
439 2227 536 2267 addi
554 2229 674 2277 solet,
692 2240 774 2268 non
794 2239 890 2268 esse
910 2228 1108 2278 captiosis
1127 2227 1521 2278 interrogationibus

109 2282 465 2333 respondendum.
