<?xml version="1.0" encoding="UTF-8"?>
<!DOCTYPE html PUBLIC "-//W3C//DTD XHTML 1.0 Transitional//EN"
    "http://www.w3.org/TR/xhtml1/DTD/xhtml1-transitional.dtd">
<html xmlns="http://www.w3.org/1999/xhtml" xml:lang="en" lang="en">
 <head>
  <title>
</title>
<meta http-equiv="Content-Type" content="text/html;charset=utf-8" />
  <meta name='ocr-system' content='tesseract 3.04.00' />
  <meta name='ocr-capabilities' content='ocr_page ocr_carea ocr_par ocr_line ocrx_word'/>
</head>
<body>
  <div class='ocr_page' id='page_1' title='image "./agelliinoctivmat00gelluoft_0422.png"; bbox 0 0 1619 2476; ppageno 0'>
   <div class='ocr_carea' id='block_1_1' title="bbox 149 15 952 80">
    <p class='ocr_par' dir='ltr' id='par_1_1' title="bbox 149 15 952 80">
     <span class='ocr_line' id='line_1_1' title="bbox 149 15 952 80; baseline 0.001 -25"><span class='ocrx_word' id='word_1_1' title='bbox 149 15 229 56; x_wconf 89' lang='grc'>136</span> <span class='ocrx_word' id='word_1_2' title='bbox 736 17 835 80; x_wconf 48' lang='lat' dir='ltr'>XV?</span> <span class='ocrx_word' id='word_1_3' title='bbox 864 28 952 56; x_wconf 88' lang='lat' dir='ltr'>x111.</span> 
     </span>
    </p>
   </div>
   <div class='ocr_carea' id='block_1_2' title="bbox 106 126 1541 288">
    <p class='ocr_par' dir='ltr' id='par_1_2' title="bbox 106 126 1541 288">
     <span class='ocr_line' id='line_1_2' title="bbox 145 126 1541 178; baseline 0.006 -13"><span class='ocrx_word' id='word_1_4' title='bbox 145 129 302 177; x_wconf 88' lang='lat' dir='ltr'>pretor&#39;</span> <span class='ocrx_word' id='word_1_5' title='bbox 329 126 629 176; x_wconf 82' lang='lat' dir='ltr'>significatione</span> <span class='ocrx_word' id='word_1_6' title='bbox 655 127 870 178; x_wconf 84' lang='lat' dir='ltr'>reciproca</span> <span class='ocrx_word' id='word_1_7' title='bbox 888 127 1091 169; x_wconf 85' lang='lat' dir='ltr'>dicuntur.</span> <span class='ocrx_word' id='word_1_8' title='bbox 1138 130 1242 170; x_wconf 86' lang='lat' dir='ltr'><strong>Sunt</strong></span> <span class='ocrx_word' id='word_1_9' title='bbox 1258 136 1392 172; x_wconf 88' lang='lat' dir='ltr'>autem</span> <span class='ocrx_word' id='word_1_10' title='bbox 1413 133 1541 172; x_wconf 86' lang='lat' dir='ltr'>uerba</span> 
     </span>
     <span class='ocr_line' id='line_1_3' title="bbox 106 183 1540 234; baseline 0.004 -13"><span class='ocrx_word' id='word_1_11' title='bbox 106 188 127 221; x_wconf 78' lang='lat'><strong>2</strong></span> <span class='ocrx_word' id='word_1_12' title='bbox 144 183 247 222; x_wconf 84' lang='lat' dir='ltr'>haee</span> <span class='ocrx_word' id='word_1_13' title='bbox 272 183 407 222; x_wconf 83' lang='lat' dir='ltr'>omnia</span> <span class='ocrx_word' id='word_1_14' title='bbox 431 194 482 221; x_wconf 85' lang='lat' dir='ltr'>ex</span> <span class='ocrx_word' id='word_1_15' title='bbox 499 183 627 221; x_wconf 87' lang='lat' dir='ltr'>altera</span> <span class='ocrx_word' id='word_1_16' title='bbox 645 189 762 233; x_wconf 85' lang='lat' dir='ltr'>parte</span> <span class='ocrx_word' id='word_1_17' title='bbox 779 183 973 224; x_wconf 85' lang='lat' dir='ltr'>inusitata</span> <span class='ocrx_word' id='word_1_18' title='bbox 999 189 1057 234; x_wconf 89' lang='lat' dir='ltr'>et,</span> <span class='ocrx_word' id='word_1_19' title='bbox 1091 196 1141 225; x_wconf 88' lang='lat' dir='ltr'>an</span> <span class='ocrx_word' id='word_1_20' title='bbox 1160 186 1268 227; x_wconf 83' lang='lat' dir='ltr'>dicta</span> <span class='ocrx_word' id='word_1_21' title='bbox 1295 187 1376 229; x_wconf 87' lang='lat' dir='ltr'>sint</span> <span class='ocrx_word' id='word_1_22' title='bbox 1394 188 1434 228; x_wconf 92' lang='lat' dir='ltr'>in</span> <span class='ocrx_word' id='word_1_23' title='bbox 1452 200 1540 228; x_wconf 86' lang='lat' dir='ltr'>eam</span> 
     </span>
     <span class='ocr_line' id='line_1_4' title="bbox 144 239 836 288; baseline 0.001 -10"><span class='ocrx_word' id='word_1_24' title='bbox 144 250 311 288; x_wconf 91' lang='lat' dir='ltr'>quoque</span> <span class='ocrx_word' id='word_1_25' title='bbox 332 243 511 288; x_wconf 84' lang='lat' dir='ltr'>partem,</span> <span class='ocrx_word' id='word_1_26' title='bbox 542 239 685 288; x_wconf 88' lang='lat' dir='ltr'>quaeri</span> <span class='ocrx_word' id='word_1_27' title='bbox 717 241 836 279; x_wconf 88' lang='lat' dir='ltr'>solet.</span> 
     </span>
    </p>
   </div>
   <div class='ocr_carea' id='block_1_3' title="bbox 105 303 926 347">
    <p class='ocr_par' dir='ltr' id='par_1_3' title="bbox 105 303 926 347">
     <span class='ocr_line' id='line_1_5' title="bbox 105 303 926 347; baseline 0.002 -5"><span class='ocrx_word' id='word_1_28' title='bbox 105 313 127 347; x_wconf 86' lang='lat'><strong>3</strong></span> <span class='ocrx_word' id='word_1_29' title='bbox 221 304 464 343; x_wconf 86' lang='lat' dir='ltr'>Afranius</span> <span class='ocrx_word' id='word_1_30' title='bbox 496 303 535 342; x_wconf 88' lang='lat' dir='ltr'>in</span> <span class='ocrx_word' id='word_1_31' title='bbox 563 305 926 345; x_wconf 85' lang='lat' dir='ltr'>Consobrinis:</span> 
     </span>
    </p>
   </div>
   <div class='ocr_carea' id='block_1_4' title="bbox 196 368 1425 478">
    <p class='ocr_par' dir='ltr' id='par_1_4' title="bbox 196 368 1425 478">
     <span class='ocr_line' id='line_1_6' title="bbox 197 368 1400 428; baseline 0.006 -19"><span class='ocrx_word' id='word_1_32' title='bbox 197 371 319 408; x_wconf 85' lang='lat' dir='ltr'>Hem</span> <span class='ocrx_word' id='word_1_33' title='bbox 350 369 452 411; x_wconf 74' lang='lat' dir='ltr'>istd</span> <span class='ocrx_word' id='word_1_34' title='bbox 480 376 755 421; x_wconf 78' lang='lat' dir='ltr'>parentum</span> <span class='ocrx_word' id='word_1_35' title='bbox 783 377 861 411; x_wconf 89' lang='lat' dir='ltr'>est</span> <span class='ocrx_word' id='word_1_36' title='bbox 891 368 1006 411; x_wconf 88' lang='lat' dir='ltr'>uita</span> <span class='ocrx_word' id='word_1_37' title='bbox 1035 371 1160 414; x_wconf 88' lang='lat' dir='ltr'>uilis</span> <span class='ocrx_word' id='word_1_38' title='bbox 1191 372 1400 428; x_wconf 84' lang='lat' dir='ltr'>liberis,</span> 
     </span>
     <span class='ocr_line' id='line_1_7' title="bbox 196 425 1425 478; baseline 0.005 -14"><span class='ocrx_word' id='word_1_39' title='bbox 196 426 290 464; x_wconf 87' lang='lat' dir='ltr'>Vbi</span> <span class='ocrx_word' id='word_1_40' title='bbox 322 425 516 467; x_wconf 76' lang='lat' dir='ltr'>malunt</span> <span class='ocrx_word' id='word_1_41' title='bbox 542 428 717 476; x_wconf 90' lang='lat' dir='ltr'>metui,</span> <span class='ocrx_word' id='word_1_42' title='bbox 748 426 897 478; x_wconf 75' lang='lat' dir='ltr'>quam</span> <span class='ocrx_word' id='word_1_43' title='bbox 926 429 1100 468; x_wconf 87' lang='lat' dir='ltr'>uereri</span> <span class='ocrx_word' id='word_1_44' title='bbox 1130 441 1183 470; x_wconf 90' lang='lat' dir='ltr'>se</span> <span class='ocrx_word' id='word_1_45' title='bbox 1214 429 1270 470; x_wconf 73' lang='lat' dir='ltr'>ab</span> <span class='ocrx_word' id='word_1_46' title='bbox 1303 432 1425 472; x_wconf 89' lang='lat' dir='ltr'>suis.</span> 
     </span>
    </p>
   </div>
   <div class='ocr_carea' id='block_1_5' title="bbox 77 492 1538 2056">
    <p class='ocr_par' dir='ltr' id='par_1_5' title="bbox 101 492 1538 777">
     <span class='ocr_line' id='line_1_8' title="bbox 141 492 1537 545; baseline 0.006 -14"><span class='ocrx_word' id='word_1_47' title='bbox 141 492 215 531; x_wconf 88' lang='lat' dir='ltr'>Hic</span> <span class='ocrx_word' id='word_1_48' title='bbox 242 493 416 532; x_wconf 87' lang='lat' dir='ltr'>uereri</span> <span class='ocrx_word' id='word_1_49' title='bbox 447 505 498 534; x_wconf 86' lang='lat' dir='ltr'>ex</span> <span class='ocrx_word' id='word_1_50' title='bbox 525 506 574 534; x_wconf 87' lang='lat' dir='ltr'>ea</span> <span class='ocrx_word' id='word_1_51' title='bbox 593 500 710 544; x_wconf 82' lang='lat' dir='ltr'>parte</span> <span class='ocrx_word' id='word_1_52' title='bbox 736 495 887 534; x_wconf 83' lang='lat' dir='ltr'>dietum</span> <span class='ocrx_word' id='word_1_53' title='bbox 915 500 996 543; x_wconf 90' lang='lat' dir='ltr'>est,</span> <span class='ocrx_word' id='word_1_54' title='bbox 1031 507 1111 545; x_wconf 84' lang='lat' dir='ltr'>qua</span> <span class='ocrx_word' id='word_1_55' title='bbox 1136 502 1200 536; x_wconf 89' lang='lat' dir='ltr'>est</span> <span class='ocrx_word' id='word_1_56' title='bbox 1226 509 1310 537; x_wconf 89' lang='lat' dir='ltr'>non</span> <span class='ocrx_word' id='word_1_57' title='bbox 1335 497 1537 539; x_wconf 85' lang='lat' dir='ltr'><strong>usitatior.</strong></span> 
     </span>
     <span class='ocr_line' id='line_1_9' title="bbox 101 549 1536 601; baseline 0.006 -14"><span class='ocrx_word' id='word_1_58' title='bbox 101 549 333 592; x_wconf 80' lang='lat' dir='ltr'>4N0uius</span> <span class='ocrx_word' id='word_1_59' title='bbox 350 549 390 588; x_wconf 89' lang='lat' dir='ltr'>in</span> <span class='ocrx_word' id='word_1_60' title='bbox 407 550 648 599; x_wconf 80' lang='lat' dir='ltr'>Lignaria</span> <span class='ocrx_word' id='word_1_61' title='bbox 669 552 862 599; x_wconf 86' lang='lat' dir='ltr'>uerbum,</span> <span class='ocrx_word' id='word_1_62' title='bbox 888 552 1001 601; x_wconf 87' lang='lat' dir='ltr'>quod</span> <span class='ocrx_word' id='word_1_63' title='bbox 1024 552 1284 601; x_wconf 67' lang='lat' dir='ltr'>estnfitur,</span> <span class='ocrx_word' id='word_1_64' title='bbox 1305 565 1357 593; x_wconf 88' lang='lat' dir='ltr'>ex</span> <span class='ocrx_word' id='word_1_65' title='bbox 1379 560 1536 594; x_wconf 86' lang='lat' dir='ltr'>contra-</span> 
     </span>
     <span class='ocr_line' id='line_1_10' title="bbox 140 604 477 654; baseline 0.003 -11"><span class='ocrx_word' id='word_1_66' title='bbox 140 604 199 643; x_wconf 86' lang='lat' dir='ltr'>ria</span> <span class='ocrx_word' id='word_1_67' title='bbox 219 610 337 654; x_wconf 88' lang='lat' dir='ltr'>parte</span> <span class='ocrx_word' id='word_1_68' title='bbox 363 606 477 644; x_wconf 86' lang='lat' dir='ltr'>dicit:</span> 
     </span>
     <span class='ocr_line' id='line_1_11' title="bbox 199 669 1538 722; baseline 0.005 -13"><span class='ocrx_word' id='word_1_69' title='bbox 199 669 324 720; x_wconf 83' lang='lat' dir='ltr'>Quia</span> <span class='ocrx_word' id='word_1_70' title='bbox 353 673 596 721; x_wconf 78' lang='lat' dir='ltr'>supellex</span> <span class='ocrx_word' id='word_1_71' title='bbox 624 671 797 720; x_wconf 81' lang='lat' dir='ltr'>multa,</span> <span class='ocrx_word' id='word_1_72' title='bbox 842 684 971 722; x_wconf 91' lang='lat' dir='ltr'>quae</span> <span class='ocrx_word' id='word_1_73' title='bbox 1002 684 1105 712; x_wconf 92' lang='lat' dir='ltr'>non</span> <span class='ocrx_word' id='word_1_74' title='bbox 1135 671 1321 722; x_wconf 79' lang='lat' dir='ltr'>utitur,</span> <span class='ocrx_word' id='word_1_75' title='bbox 1352 676 1538 717; x_wconf 78' lang='lat' dir='ltr'>emitur</span> 
     </span>
     <span class='ocr_line' id='line_1_12' title="bbox 967 733 1161 777; baseline 0 -9"><span class='ocrx_word' id='word_1_76' title='bbox 967 733 1161 777; x_wconf 86' lang='lat' dir='ltr'>tamen,</span> 
     </span>
    </p>

    <p class='ocr_par' dir='ltr' id='par_1_6' title="bbox 99 783 1536 891">
     <span class='ocr_line' id='line_1_13' title="bbox 99 783 1535 838; baseline 0.005 -16"><span class='ocrx_word' id='word_1_77' title='bbox 99 783 178 831; x_wconf 84' lang='lat' dir='ltr'>5id</span> <span class='ocrx_word' id='word_1_78' title='bbox 203 788 266 822; x_wconf 91' lang='lat' dir='ltr'>est</span> <span class='ocrx_word' id='word_1_79' title='bbox 287 787 412 832; x_wconf 74' lang='lat' dir='ltr'>‘quae</span> <span class='ocrx_word' id='word_1_80' title='bbox 430 784 521 823; x_wconf 87' lang='lat' dir='ltr'>usui</span> <span class='ocrx_word' id='word_1_81' title='bbox 540 796 622 823; x_wconf 90' lang='lat' dir='ltr'>non</span> <span class='ocrx_word' id='word_1_82' title='bbox 641 788 736 824; x_wconf 87' lang='lat' dir='ltr'>est&#39;.</span> <span class='ocrx_word' id='word_1_83' title='bbox 796 786 849 824; x_wconf 92' lang='grc' dir='ltr'>Μ.</span> <span class='ocrx_word' id='word_1_84' title='bbox 885 787 1003 825; x_wconf 87' lang='lat' dir='ltr'>Cato</span> <span class='ocrx_word' id='word_1_85' title='bbox 1030 785 1070 824; x_wconf 90' lang='lat' dir='ltr'>in</span> <span class='ocrx_word' id='word_1_86' title='bbox 1103 785 1279 835; x_wconf 87' lang='lat' dir='ltr'>quinta</span> <span class='ocrx_word' id='word_1_87' title='bbox 1309 787 1535 838; x_wconf 87' lang='lat' dir='ltr'>origine:</span> 
     </span>
     <span class='ocr_line' id='line_1_14' title="bbox 137 839 1536 891; baseline 0.005 -14"><span class='ocrx_word' id='word_1_88' title='bbox 137 839 455 887; x_wconf 81' lang='lat' dir='ltr'>Exercitum,</span> <span class='ocrx_word' id='word_1_89' title='bbox 475 840 616 890; x_wconf 89' lang='lat' dir='ltr'>inquit,</span> <span class='ocrx_word' id='word_1_90' title='bbox 636 852 777 880; x_wconf 91' lang='lat' dir='ltr'>suum</span> <span class='ocrx_word' id='word_1_91' title='bbox 795 853 1061 891; x_wconf 88' lang='lat' dir='ltr'>pransum,</span> <span class='ocrx_word' id='word_1_92' title='bbox 1079 848 1333 891; x_wconf 82' lang='lat' dir='ltr'>paratum,</span> <span class='ocrx_word' id='word_1_93' title='bbox 1358 845 1536 884; x_wconf 83' lang='lat' dir='ltr'>cohor-</span> 
     </span>
    </p>

    <p class='ocr_par' dir='ltr' id='par_1_7' title="bbox 100 896 1538 1227">
     <span class='ocr_line' id='line_1_15' title="bbox 100 896 1536 950; baseline 0.005 -16"><span class='ocrx_word' id='word_1_94' title='bbox 100 910 121 945; x_wconf 79' lang='lat'>5</span> <span class='ocrx_word' id='word_1_95' title='bbox 140 900 296 935; x_wconf 87' lang='lat' dir='ltr'>tatum</span> <span class='ocrx_word' id='word_1_96' title='bbox 320 896 503 935; x_wconf 83' lang='lat' dir='ltr'>eduxit</span> <span class='ocrx_word' id='word_1_97' title='bbox 523 898 667 936; x_wconf 84' lang='lat' dir='ltr'>foras</span> <span class='ocrx_word' id='word_1_98' title='bbox 693 902 850 947; x_wconf 84' lang='lat' dir='ltr'>atque</span> <span class='ocrx_word' id='word_1_99' title='bbox 876 897 1144 938; x_wconf 84' lang='lat' dir='ltr'>instruxit.</span> <span class='ocrx_word' id='word_1_100' title='bbox 1179 899 1416 939; x_wconf 70' lang='lat' dir='ltr'>‘Consolor&#39;</span> <span class='ocrx_word' id='word_1_101' title='bbox 1436 914 1536 950; x_wconf 90' lang='lat' dir='ltr'>quo-</span> 
     </span>
     <span class='ocr_line' id='line_1_16' title="bbox 139 951 1537 1007; baseline 0.004 -16"><span class='ocrx_word' id='word_1_102' title='bbox 139 963 219 1001; x_wconf 90' lang='lat' dir='ltr'>que</span> <span class='ocrx_word' id='word_1_103' title='bbox 234 951 274 990; x_wconf 89' lang='lat' dir='ltr'>in</span> <span class='ocrx_word' id='word_1_104' title='bbox 290 957 454 1002; x_wconf 88' lang='lat' dir='ltr'>partem</span> <span class='ocrx_word' id='word_1_105' title='bbox 468 954 648 1001; x_wconf 83' lang='lat' dir='ltr'>alteram,</span> <span class='ocrx_word' id='word_1_106' title='bbox 666 959 956 1003; x_wconf 80' lang='lat' dir='ltr'>praeterquam</span> <span class='ocrx_word' id='word_1_107' title='bbox 970 954 1048 993; x_wconf 84' lang='lat' dir='ltr'>diei</span> <span class='ocrx_word' id='word_1_108' title='bbox 1061 953 1226 994; x_wconf 90' lang='lat' dir='ltr'>solitum</span> <span class='ocrx_word' id='word_1_109' title='bbox 1244 959 1319 1003; x_wconf 86' lang='lat' dir='ltr'>est,</span> <span class='ocrx_word' id='word_1_110' title='bbox 1338 956 1537 1007; x_wconf 79' lang='lat' dir='ltr'>scriptum</span> 
     </span>
     <span class='ocr_line' id='line_1_17' title="bbox 135 1007 1537 1061; baseline 0.004 -14"><span class='ocrx_word' id='word_1_111' title='bbox 135 1007 367 1048; x_wconf 88' lang='lat' dir='ltr'>inuenimus</span> <span class='ocrx_word' id='word_1_112' title='bbox 379 1008 417 1047; x_wconf 93' lang='lat' dir='ltr'>in</span> <span class='ocrx_word' id='word_1_113' title='bbox 436 1009 666 1058; x_wconf 82' lang='lat' dir='ltr'>epistula</span> <span class='ocrx_word' id='word_1_114' title='bbox 684 1011 728 1058; x_wconf 80' lang='lat' dir='ltr'>Q.</span> <span class='ocrx_word' id='word_1_115' title='bbox 741 1010 956 1057; x_wconf 87' lang='lat' dir='ltr'>Metelli,</span> <span class='ocrx_word' id='word_1_116' title='bbox 977 1021 1111 1059; x_wconf 86' lang='lat' dir='ltr'>quam,</span> <span class='ocrx_word' id='word_1_117' title='bbox 1126 1010 1267 1049; x_wconf 85' lang='lat' dir='ltr'>cumin</span> <span class='ocrx_word' id='word_1_118' title='bbox 1277 1011 1397 1052; x_wconf 85' lang='lat' dir='ltr'>exilio</span> <span class='ocrx_word' id='word_1_119' title='bbox 1410 1019 1537 1061; x_wconf 86' lang='lat' dir='ltr'>esset,</span> 
     </span>
     <span class='ocr_line' id='line_1_18' title="bbox 137 1065 1538 1119; baseline 0.004 -16"><span class='ocrx_word' id='word_1_120' title='bbox 137 1065 197 1103; x_wconf 89' lang='lat' dir='ltr'>ad</span> <span class='ocrx_word' id='word_1_121' title='bbox 215 1065 291 1103; x_wconf 87' lang='lat' dir='ltr'>Cn.</span> <span class='ocrx_word' id='word_1_122' title='bbox 310 1070 356 1103; x_wconf 93' lang='lat' dir='ltr'>et</span> <span class='ocrx_word' id='word_1_123' title='bbox 373 1065 727 1105; x_wconf 83' lang='lat' dir='ltr'>adL.D0miti0</span> <span class='ocrx_word' id='word_1_124' title='bbox 743 1078 761 1105; x_wconf 89' lang='lat' dir='ltr'>s</span> <span class='ocrx_word' id='word_1_125' title='bbox 782 1066 906 1105; x_wconf 87' lang='lat' dir='ltr'>dedit.</span> <span class='ocrx_word' id='word_1_126' title='bbox 938 1069 1002 1105; x_wconf 88' lang='lat' dir='ltr'>At</span> <span class='ocrx_word' id='word_1_127' title='bbox 1019 1077 1125 1105; x_wconf 83' lang='lat' dir='ltr'>eum</span> <span class='ocrx_word' id='word_1_128' title='bbox 1143 1066 1374 1116; x_wconf 85' lang='lat' dir='ltr'>animum,</span> <span class='ocrx_word' id='word_1_129' title='bbox 1392 1068 1538 1119; x_wconf 88' lang='lat' dir='ltr'>inquit,</span> 
     </span>
     <span class='ocr_line' id='line_1_19' title="bbox 136 1122 1533 1170; baseline 0.004 -11"><span class='ocrx_word' id='word_1_130' title='bbox 136 1128 367 1159; x_wconf 88' lang='lat' dir='ltr'>uestrum</span> <span class='ocrx_word' id='word_1_131' title='bbox 396 1132 516 1170; x_wconf 83' lang='lat' dir='ltr'>erga</span> <span class='ocrx_word' id='word_1_132' title='bbox 544 1133 616 1161; x_wconf 91' lang='lat' dir='ltr'>me</span> <span class='ocrx_word' id='word_1_133' title='bbox 636 1122 809 1170; x_wconf 87' lang='lat' dir='ltr'>uideo,</span> <span class='ocrx_word' id='word_1_134' title='bbox 839 1122 1182 1163; x_wconf 86' lang='lat' dir='ltr'>uehementer</span> <span class='ocrx_word' id='word_1_135' title='bbox 1212 1126 1465 1164; x_wconf 88' lang='lat' dir='ltr'>consolor</span> <span class='ocrx_word' id='word_1_136' title='bbox 1490 1133 1533 1167; x_wconf 86' lang='lat' dir='ltr'>et</span> 
     </span>
     <span class='ocr_line' id='line_1_20' title="bbox 136 1176 1533 1227; baseline 0.003 -13"><span class='ocrx_word' id='word_1_137' title='bbox 136 1176 269 1216; x_wconf 85' lang='lat' dir='ltr'>fides</span> <span class='ocrx_word' id='word_1_138' title='bbox 295 1177 576 1227; x_wconf 85' lang='lat' dir='ltr'>uirtusque</span> <span class='ocrx_word' id='word_1_139' title='bbox 597 1183 776 1218; x_wconf 86' lang='lat' dir='ltr'>uestra</span> <span class='ocrx_word' id='word_1_140' title='bbox 798 1178 913 1217; x_wconf 87' lang='lat' dir='ltr'>mihi</span> <span class='ocrx_word' id='word_1_141' title='bbox 940 1184 1052 1217; x_wconf 87' lang='lat' dir='ltr'>ante</span> <span class='ocrx_word' id='word_1_142' title='bbox 1077 1181 1256 1219; x_wconf 85' lang='lat' dir='ltr'>oculos</span> <span class='ocrx_word' id='word_1_143' title='bbox 1273 1186 1533 1220; x_wconf 88' lang='lat' dir='ltr'>uersatur.</span> 
     </span>
    </p>

    <p class='ocr_par' dir='ltr' id='par_1_8' title="bbox 98 1233 1538 1339">
     <span class='ocr_line' id='line_1_21' title="bbox 98 1233 1538 1286; baseline 0.001 -12"><span class='ocrx_word' id='word_1_144' title='bbox 98 1239 117 1274; x_wconf 96' lang='grc'>7</span> <span class='ocrx_word' id='word_1_145' title='bbox 137 1233 334 1271; x_wconf 69' lang='lat' dir='ltr'>&lt;Testata&#39;</span> <span class='ocrx_word' id='word_1_146' title='bbox 353 1234 492 1273; x_wconf 86' lang='lat' dir='ltr'>itidem</span> <span class='ocrx_word' id='word_1_147' title='bbox 509 1240 549 1274; x_wconf 86' lang='lat' dir='ltr'>et</span> <span class='ocrx_word' id='word_1_148' title='bbox 571 1235 869 1286; x_wconf 76' lang='lat' dir='ltr'>‘interpretata&#39;</span> <span class='ocrx_word' id='word_1_149' title='bbox 892 1236 1037 1274; x_wconf 87' lang='lat' dir='ltr'>eadem</span> <span class='ocrx_word' id='word_1_150' title='bbox 1060 1235 1218 1275; x_wconf 88' lang='lat' dir='ltr'>ratione</span> <span class='ocrx_word' id='word_1_151' title='bbox 1235 1235 1336 1274; x_wconf 86' lang='lat' dir='ltr'>dixit</span> <span class='ocrx_word' id='word_1_152' title='bbox 1354 1237 1511 1276; x_wconf 89' lang='lat' dir='ltr'>M.Tul</span> <span class='ocrx_word' id='word_1_153' title='bbox 1525 1255 1538 1260; x_wconf 92' lang='lat'>-</span> 
     </span>
     <span class='ocr_line' id='line_1_22' title="bbox 135 1288 1536 1339; baseline 0.003 -13"><span class='ocrx_word' id='word_1_154' title='bbox 135 1288 240 1328; x_wconf 87' lang='lat' dir='ltr'>lius</span> <span class='ocrx_word' id='word_1_155' title='bbox 266 1289 304 1327; x_wconf 92' lang='lat' dir='ltr'>in</span> <span class='ocrx_word' id='word_1_156' title='bbox 327 1289 491 1339; x_wconf 88' lang='lat' dir='ltr'>primo</span> <span class='ocrx_word' id='word_1_157' title='bbox 517 1291 652 1331; x_wconf 86' lang='lat' dir='ltr'>libro</span> <span class='ocrx_word' id='word_1_158' title='bbox 679 1292 737 1330; x_wconf 88' lang='lat' dir='ltr'>de</span> <span class='ocrx_word' id='word_1_159' title='bbox 759 1290 1102 1338; x_wconf 83' lang='lat' dir='ltr'>diuinatione,</span> <span class='ocrx_word' id='word_1_160' title='bbox 1130 1296 1176 1330; x_wconf 91' lang='lat' dir='ltr'>ut</span> <span class='ocrx_word' id='word_1_161' title='bbox 1199 1294 1362 1330; x_wconf 70' lang='lat' dir='ltr'>‘testor’</span> <span class='ocrx_word' id='word_1_162' title='bbox 1399 1293 1536 1332; x_wconf 71' lang='lat' dir='ltr'>‘inter-</span> 
     </span>
    </p>

    <p class='ocr_par' dir='ltr' id='par_1_9' title="bbox 99 1346 1535 1508">
     <span class='ocr_line' id='line_1_23' title="bbox 99 1346 1535 1394; baseline 0.004 -12"><span class='ocrx_word' id='word_1_163' title='bbox 99 1347 380 1394; x_wconf 76' lang='lat' dir='ltr'>Spretor’que</span> <span class='ocrx_word' id='word_1_164' title='bbox 411 1347 539 1385; x_wconf 88' lang='lat' dir='ltr'>uerba</span> <span class='ocrx_word' id='word_1_165' title='bbox 573 1347 806 1386; x_wconf 83' lang='lat' dir='ltr'>communia</span> <span class='ocrx_word' id='word_1_166' title='bbox 837 1346 969 1386; x_wconf 88' lang='lat' dir='ltr'>uideri</span> <span class='ocrx_word' id='word_1_167' title='bbox 993 1347 1182 1385; x_wconf 86' lang='lat' dir='ltr'>debeant.</span> <span class='ocrx_word' id='word_1_168' title='bbox 1239 1346 1535 1388; x_wconf 86' lang='lat' dir='ltr'>Sallustius</span> 
     </span>
     <span class='ocr_line' id='line_1_24' title="bbox 138 1401 1535 1452; baseline 0.003 -13"><span class='ocrx_word' id='word_1_169' title='bbox 138 1411 306 1449; x_wconf 86' lang='lat' dir='ltr'>quoque</span> <span class='ocrx_word' id='word_1_170' title='bbox 324 1401 472 1440; x_wconf 91' lang='lat' dir='ltr'>eodem</span> <span class='ocrx_word' id='word_1_171' title='bbox 490 1403 637 1442; x_wconf 91' lang='lat' dir='ltr'>modo:</span> <span class='ocrx_word' id='word_1_172' title='bbox 658 1402 926 1452; x_wconf 83' lang='lat' dir='ltr'>dilargitis</span> <span class='ocrx_word' id='word_1_173' title='bbox 943 1402 1367 1452; x_wconf 84' lang='lat' dir='ltr'>proscriptorum</span> <span class='ocrx_word' id='word_1_174' title='bbox 1383 1404 1535 1443; x_wconf 88' lang='lat' dir='ltr'>bonis</span> 
     </span>
     <span class='ocr_line' id='line_1_25' title="bbox 138 1456 1477 1508; baseline 0.004 -14"><span class='ocrx_word' id='word_1_175' title='bbox 138 1456 247 1505; x_wconf 81' lang='lat' dir='ltr'>dicit,</span> <span class='ocrx_word' id='word_1_176' title='bbox 258 1461 469 1506; x_wconf 86' lang='lat' dir='ltr'>tamquam</span> <span class='ocrx_word' id='word_1_177' title='bbox 486 1459 661 1498; x_wconf 89' lang='lat' dir='ltr'>uerbum</span> <span class='ocrx_word' id='word_1_178' title='bbox 674 1458 859 1508; x_wconf 71' lang='lat' dir='ltr'>‘largior’</span> <span class='ocrx_word' id='word_1_179' title='bbox 882 1458 935 1497; x_wconf 85' lang='lat' dir='ltr'>sit</span> <span class='ocrx_word' id='word_1_180' title='bbox 951 1469 1002 1497; x_wconf 87' lang='lat' dir='ltr'>ex</span> <span class='ocrx_word' id='word_1_181' title='bbox 1018 1458 1158 1498; x_wconf 89' lang='lat' dir='ltr'>uerbis</span> <span class='ocrx_word' id='word_1_182' title='bbox 1177 1459 1477 1499; x_wconf 84' lang='lat' dir='ltr'>communibus.</span> 
     </span>
    </p>

    <p class='ocr_par' dir='ltr' id='par_1_10' title="bbox 100 1512 1536 1902">
     <span class='ocr_line' id='line_1_26' title="bbox 100 1512 1535 1566; baseline 0.001 -12"><span class='ocrx_word' id='word_1_183' title='bbox 100 1519 121 1554; x_wconf 89' lang='lat'><strong>9</strong></span> <span class='ocrx_word' id='word_1_184' title='bbox 225 1512 444 1552; x_wconf 68' lang='lat' dir='ltr'>‘Veritum&#39;</span> <span class='ocrx_word' id='word_1_185' title='bbox 467 1519 616 1563; x_wconf 85' lang='lat' dir='ltr'>autem,</span> <span class='ocrx_word' id='word_1_186' title='bbox 639 1514 744 1554; x_wconf 84' lang='lat' dir='ltr'>sicut</span> <span class='ocrx_word' id='word_1_187' title='bbox 761 1515 980 1565; x_wconf 70' lang='lat' dir='ltr'>‘puditum’</span> <span class='ocrx_word' id='word_1_188' title='bbox 1000 1522 1040 1553; x_wconf 89' lang='lat' dir='ltr'>et</span> <span class='ocrx_word' id='word_1_189' title='bbox 1058 1514 1274 1564; x_wconf 72' lang='lat' dir='ltr'>epigitum&#39;,</span> <span class='ocrx_word' id='word_1_190' title='bbox 1293 1526 1375 1555; x_wconf 92' lang='lat' dir='ltr'>non</span> <span class='ocrx_word' id='word_1_191' title='bbox 1392 1527 1535 1566; x_wconf 88' lang='lat' dir='ltr'>perso-</span> 
     </span>
     <span class='ocr_line' id='line_1_27' title="bbox 138 1568 1536 1618; baseline 0.004 -12"><span class='ocrx_word' id='word_1_192' title='bbox 138 1568 284 1607; x_wconf 87' lang='lat' dir='ltr'>naliter</span> <span class='ocrx_word' id='word_1_193' title='bbox 298 1581 374 1618; x_wconf 88' lang='lat' dir='ltr'>per</span> <span class='ocrx_word' id='word_1_194' title='bbox 391 1569 594 1610; x_wconf 90' lang='lat' dir='ltr'>infinitum</span> <span class='ocrx_word' id='word_1_195' title='bbox 611 1573 780 1611; x_wconf 90' lang='lat' dir='ltr'>modum</span> <span class='ocrx_word' id='word_1_196' title='bbox 798 1572 950 1611; x_wconf 82' lang='lat' dir='ltr'>dletum</span> <span class='ocrx_word' id='word_1_197' title='bbox 968 1582 1077 1618; x_wconf 86' lang='lat' dir='ltr'>esse,</span> <span class='ocrx_word' id='word_1_198' title='bbox 1100 1582 1182 1611; x_wconf 91' lang='lat' dir='ltr'>non</span> <span class='ocrx_word' id='word_1_199' title='bbox 1201 1583 1225 1610; x_wconf 85' lang='lat' dir='ltr'>a</span> <span class='ocrx_word' id='word_1_200' title='bbox 1241 1571 1536 1612; x_wconf 85' lang='lat' dir='ltr'>uetustioribus</span> 
     </span>
     <span class='ocr_line' id='line_1_28' title="bbox 135 1626 1535 1678; baseline 0.004 -16"><span class='ocrx_word' id='word_1_201' title='bbox 135 1630 294 1663; x_wconf 86' lang='lat' dir='ltr'>tantum</span> <span class='ocrx_word' id='word_1_202' title='bbox 312 1626 517 1674; x_wconf 87' lang='lat' dir='ltr'>uidemus,</span> <span class='ocrx_word' id='word_1_203' title='bbox 542 1628 616 1666; x_wconf 91' lang='lat' dir='ltr'>sed</span> <span class='ocrx_word' id='word_1_204' title='bbox 636 1639 659 1666; x_wconf 84' lang='lat' dir='ltr'>a</span> <span class='ocrx_word' id='word_1_205' title='bbox 685 1628 738 1666; x_wconf 90' lang='lat' dir='ltr'>M.</span> <span class='ocrx_word' id='word_1_206' title='bbox 761 1639 929 1678; x_wconf 90' lang='lat' dir='ltr'>quoque</span> <span class='ocrx_word' id='word_1_207' title='bbox 949 1628 1119 1667; x_wconf 92' lang='lat' dir='ltr'>Tullio</span> <span class='ocrx_word' id='word_1_208' title='bbox 1149 1627 1189 1666; x_wconf 91' lang='lat' dir='ltr'>in</span> <span class='ocrx_word' id='word_1_209' title='bbox 1214 1628 1444 1667; x_wconf 86' lang='lat' dir='ltr'>secundo</span> <span class='ocrx_word' id='word_1_210' title='bbox 1477 1628 1535 1667; x_wconf 87' lang='lat' dir='ltr'>de</span> 
     </span>
     <span class='ocr_line' id='line_1_29' title="bbox 135 1680 1535 1733; baseline 0.002 -14"><span class='ocrx_word' id='word_1_211' title='bbox 135 1680 352 1721; x_wconf 85' lang='lat' dir='ltr'>finibus.</span> <span class='ocrx_word' id='word_1_212' title='bbox 394 1682 631 1731; x_wconf 75' lang='lat' dir='ltr'>Primum,</span> <span class='ocrx_word' id='word_1_213' title='bbox 651 1683 1080 1733; x_wconf 85' lang='lat' dir='ltr'>inquit,Aristippi</span> <span class='ocrx_word' id='word_1_214' title='bbox 1105 1683 1535 1733; x_wconf 85' lang='lat' dir='ltr'>Cyrenaicorum—</span> 
     </span>
     <span class='ocr_line' id='line_1_30' title="bbox 137 1738 1534 1788; baseline 0.002 -13"><span class='ocrx_word' id='word_1_215' title='bbox 137 1748 232 1786; x_wconf 87' lang='lat' dir='ltr'>que</span> <span class='ocrx_word' id='word_1_216' title='bbox 279 1738 523 1786; x_wconf 87' lang='lat' dir='ltr'>omnium‚</span> <span class='ocrx_word' id='word_1_217' title='bbox 571 1751 698 1788; x_wconf 90' lang='lat' dir='ltr'>quos</span> <span class='ocrx_word' id='word_1_218' title='bbox 737 1752 835 1779; x_wconf 88' lang='lat' dir='ltr'>non</span> <span class='ocrx_word' id='word_1_219' title='bbox 881 1745 959 1779; x_wconf 88' lang='lat' dir='ltr'>est</span> <span class='ocrx_word' id='word_1_220' title='bbox 996 1739 1221 1778; x_wconf 88' lang='lat' dir='ltr'>ueritum</span> <span class='ocrx_word' id='word_1_221' title='bbox 1260 1739 1307 1777; x_wconf 91' lang='lat' dir='ltr'>in</span> <span class='ocrx_word' id='word_1_222' title='bbox 1351 1750 1408 1778; x_wconf 88' lang='lat' dir='ltr'>ea</span> <span class='ocrx_word' id='word_1_223' title='bbox 1447 1750 1534 1778; x_wconf 87' lang='lat' dir='ltr'>uo-</span> 
     </span>
     <span class='ocr_line' id='line_1_31' title="bbox 135 1794 1534 1843; baseline 0.001 -12"><span class='ocrx_word' id='word_1_224' title='bbox 135 1794 359 1842; x_wconf 84' lang='lat' dir='ltr'>luptate,</span> <span class='ocrx_word' id='word_1_225' title='bbox 397 1806 530 1843; x_wconf 88' lang='lat' dir='ltr'>quae</span> <span class='ocrx_word' id='word_1_226' title='bbox 562 1796 778 1835; x_wconf 83' lang='lat' dir='ltr'>maxima</span> <span class='ocrx_word' id='word_1_227' title='bbox 809 1794 1094 1835; x_wconf 81' lang='lat' dir='ltr'>dulcedine</span> <span class='ocrx_word' id='word_1_228' title='bbox 1125 1806 1332 1834; x_wconf 89' lang='lat' dir='ltr'>sensum</span> <span class='ocrx_word' id='word_1_229' title='bbox 1363 1805 1534 1835; x_wconf 85' lang='lat' dir='ltr'>moue-</span> 
     </span>
     <span class='ocr_line' id='line_1_32' title="bbox 134 1852 954 1902; baseline 0.005 -15"><span class='ocrx_word' id='word_1_230' title='bbox 134 1854 230 1896; x_wconf 80' lang='lat' dir='ltr'>ret,</span> <span class='ocrx_word' id='word_1_231' title='bbox 265 1861 504 1890; x_wconf 89' lang='lat' dir='ltr'>summum</span> <span class='ocrx_word' id='word_1_232' title='bbox 535 1852 721 1892; x_wconf 87' lang='lat' dir='ltr'>bonum</span> <span class='ocrx_word' id='word_1_233' title='bbox 749 1863 954 1902; x_wconf 86' lang='lat' dir='ltr'>ponere.</span> 
     </span>
    </p>

    <p class='ocr_par' dir='ltr' id='par_1_11' title="bbox 77 1905 1534 2056">
     <span class='ocr_line' id='line_1_33' title="bbox 77 1905 1533 1956; baseline -0.002 -8"><span class='ocrx_word' id='word_1_234' title='bbox 77 1915 123 1948; x_wconf 88' lang='grc'>10</span> <span class='ocrx_word' id='word_1_235' title='bbox 221 1905 408 1954; x_wconf 66' lang='lat' dir='ltr'>‘Dignor’</span> <span class='ocrx_word' id='word_1_236' title='bbox 430 1918 598 1956; x_wconf 88' lang='lat' dir='ltr'>quoque</span> <span class='ocrx_word' id='word_1_237' title='bbox 617 1913 657 1947; x_wconf 85' lang='lat' dir='ltr'>et</span> <span class='ocrx_word' id='word_1_238' title='bbox 676 1912 888 1949; x_wconf 68' lang='lat' dir='ltr'>‘ueneror’</span> <span class='ocrx_word' id='word_1_239' title='bbox 907 1914 948 1947; x_wconf 91' lang='lat' dir='ltr'>et</span> <span class='ocrx_word' id='word_1_240' title='bbox 968 1907 1202 1948; x_wconf 69' lang='lat' dir='ltr'>‘confiteor’</span> <span class='ocrx_word' id='word_1_241' title='bbox 1226 1911 1267 1945; x_wconf 87' lang='lat' dir='ltr'>et</span> <span class='ocrx_word' id='word_1_242' title='bbox 1282 1908 1447 1946; x_wconf 69' lang='lat' dir='ltr'>‘testor&#39;</span> <span class='ocrx_word' id='word_1_243' title='bbox 1466 1907 1533 1945; x_wconf 87' lang='lat' dir='ltr'>ha-</span> 
     </span>
     <span class='ocr_line' id='line_1_34' title="bbox 134 1960 1534 2011; baseline 0.002 -12"><span class='ocrx_word' id='word_1_244' title='bbox 134 1960 218 1999; x_wconf 88' lang='lat' dir='ltr'>bita</span> <span class='ocrx_word' id='word_1_245' title='bbox 250 1967 346 2000; x_wconf 86' lang='lat' dir='ltr'>sunt</span> <span class='ocrx_word' id='word_1_246' title='bbox 371 1962 410 2001; x_wconf 88' lang='lat' dir='ltr'>in</span> <span class='ocrx_word' id='word_1_247' title='bbox 427 1963 566 2003; x_wconf 86' lang='lat' dir='ltr'>uerbis</span> <span class='ocrx_word' id='word_1_248' title='bbox 587 1964 887 2004; x_wconf 82' lang='lat' dir='ltr'>communibus.</span> <span class='ocrx_word' id='word_1_249' title='bbox 931 1964 999 2004; x_wconf 86' lang='lat' dir='ltr'>Sic</span> <span class='ocrx_word' id='word_1_250' title='bbox 1014 1963 1081 2002; x_wconf 89' lang='lat' dir='ltr'>illa</span> <span class='ocrx_word' id='word_1_251' title='bbox 1095 1963 1136 2002; x_wconf 92' lang='lat' dir='ltr'>in</span> <span class='ocrx_word' id='word_1_252' title='bbox 1158 1961 1399 2011; x_wconf 89' lang='lat' dir='ltr'>Vergilio</span> <span class='ocrx_word' id='word_1_253' title='bbox 1426 1962 1534 2002; x_wconf 85' lang='lat' dir='ltr'>dicta</span> 
     </span>
     <span class='ocr_line' id='line_1_35' title="bbox 135 2022 253 2056; baseline -0.008 0"><span class='ocrx_word' id='word_1_254' title='bbox 135 2022 253 2056; x_wconf 89' lang='lat' dir='ltr'>sunt:</span> 
     </span>
    </p>
   </div>
   <div class='ocr_carea' id='block_1_6' title="bbox 134 2082 1514 2246">
    <p class='ocr_par' dir='ltr' id='par_1_12' title="bbox 134 2082 1514 2246">
     <span class='ocr_line' id='line_1_36' title="bbox 193 2082 1514 2134; baseline 0.002 -14"><span class='ocrx_word' id='word_1_255' title='bbox 193 2082 445 2132; x_wconf 82' lang='lat' dir='ltr'>Coniugio</span> <span class='ocrx_word' id='word_1_256' title='bbox 478 2084 705 2124; x_wconf 83' lang='lat' dir='ltr'>Anchisa</span> <span class='ocrx_word' id='word_1_257' title='bbox 741 2084 969 2124; x_wconf 88' lang='lat' dir='ltr'>Veneris</span> <span class='ocrx_word' id='word_1_258' title='bbox 1008 2084 1220 2134; x_wconf 80' lang='lat' dir='ltr'>dignate</span> <span class='ocrx_word' id='word_1_259' title='bbox 1256 2083 1514 2133; x_wconf 88' lang='lat' dir='ltr'>superbo,</span> 
     </span>
     <span class='ocr_line' id='line_1_37' title="bbox 134 2144 197 2177; baseline 0 0"><span class='ocrx_word' id='word_1_260' title='bbox 134 2144 197 2177; x_wconf 83' lang='lat' dir='ltr'>et:</span> 
     </span>
     <span class='ocr_line' id='line_1_38' title="bbox 195 2196 1254 2246; baseline 0 -12"><span class='ocrx_word' id='word_1_261' title='bbox 195 2196 495 2246; x_wconf 87' lang='lat' dir='ltr'>Cursusque</span> <span class='ocrx_word' id='word_1_262' title='bbox 529 2196 674 2235; x_wconf 83' lang='lat' dir='ltr'>dabit</span> <span class='ocrx_word' id='word_1_263' title='bbox 703 2202 947 2236; x_wconf 86' lang='lat' dir='ltr'>uenerata</span> <span class='ocrx_word' id='word_1_264' title='bbox 977 2196 1254 2236; x_wconf 85' lang='lat' dir='ltr'>secundos.</span> 
     </span>
    </p>
   </div>
  </div>
 </body>
</html>
