1635 2492
636 41 742 81 XIII.
763 52 852 81 xm.
874 45 981 90 (xx.)
1456 43 1514 85 89

99 157 210 205 ego’‚
233 152 377 204 inquit,
403 153 568 194 ‘librum
585 165 710 194 manu
725 153 857 204 ipsius
875 160 1110 195 correctum
1129 155 1222 205 egi,
1254 168 1282 196 u
1298 157 1405 198 rbis
1436 169 1514 209 per

97 210 110 250 i
134 210 294 250 literam
313 209 492 259 scripsit.
553 211 694 251 Verba
716 222 739 250 e
758 211 951 252 uersibus
980 212 1069 252 eius
1097 213 1201 251 haec
1223 219 1338 253 sunt:

751 290 977 330 Vrbisne
1007 289 1266 338 inuisere,
1302 291 1510 339 Caesar,

153 345 539 394 Terrarumque
568 345 703 385 uelis
735 357 919 386 curam.

96 439 227 477 Verte
245 436 353 477 enim
372 443 412 477 et
427 444 539 478 muta
552 472 561 488 ,
589 444 634 479 ut
650 440 811 479 ‘urbes’
831 440 969 489 dicas,
996 440 1230 481 insubidius
1248 440 1391 481 nescio
1411 441 1510 491 quid

94 493 222 534 facies
256 498 298 533 et
325 494 535 545 pinguius.
600 497 752 537 Contra
780 497 820 536 in
854 497 1017 537 tertio
1062 497 1318 538 Aeneidis
1352 498 1547 539 urbes5
1597 492 1599 494 ’

95 550 198 590 dixit
219 561 294 600 per
310 562 334 590 e
350 551 528 592 literam:

154 632 368 671 Centum
399 633 553 673 urbes
591 634 827 674 habitant
867 645 1099 684 magnas.

96 722 172 761 Hic
189 722 286 761 item
312 728 442 771 muta,
477 729 522 763 ut
543 724 680 764 ‘urbis
693 729 706 746 ²
727 724 867 775 dicas,
905 724 1024 765 nimis
1043 724 1160 765 exilis
1179 736 1265 765 uox
1287 725 1364 765 erit
1382 731 1423 765 et
1442 736 1510 764 ex-

96 778 258 828 anguis,
286 784 400 819 tanta
418 780 572 830 quippe
590 781 807 821 iuncturae
830 781 1066 821 differentia
1086 787 1150 821 est
1174 782 1215 821 in
1233 782 1511 823 consonantia

93 846 246 875 uocum
276 836 574 886 proximarum.
635 839 858 878 Praeterea
888 838 997 878 idem
1028 838 1297 888 Vergilius
1330 838 1509 879 turrim
1526 845 1550 882 6

95 895 218 945 dixit,
250 903 334 932 non
351 895 555 943 ‘turrem'‚
590 899 668 935 ets
683 895 895 943 ecurim‚
926 907 1009 936 non
1029 899 1277 935 esecurem':

150 977 352 1017 Turrim
388 976 434 1015 in
471 974 759 1027 praecipiti
795 979 1020 1015 stantem

95 1051 158 1085 et:

476 1101 736 1139 Incertam
768 1098 1008 1139 excussit
1036 1098 1244 1139 ceruice
1270 1098 1508 1138 securim.

95 1184 210 1233 Quae
242 1186 359 1229 sunt,
402 1180 571 1231 opinor,
604 1179 862 1220 iucundioris
892 1179 1154 1230 gracilitatis,
1197 1190 1321 1229 quam
1353 1178 1388 1218 si
1429 1190 1508 1219 suo

93 1244 317 1288 utrumque
339 1238 432 1277 loco
452 1248 529 1288 per
554 1248 576 1275 e
597 1236 756 1276 literam
776 1236 923 1277 dicas'.
984 1240 1040 1276 At
1062 1237 1149 1284 ille,
1185 1236 1252 1285 qui
1278 1236 1509 1285 interroga·
1528 1239 1549 1276 7

94 1300 232 1343 uerat,
263 1294 379 1334 rudis
411 1295 602 1344 profecto
635 1299 675 1333 et
699 1305 799 1333 aure
831 1292 985 1343 agresti
1015 1294 1163 1333 homo:
1199 1296 1329 1340 ‘cur',
1363 1292 1510 1342 inquit,

95 1352 224 1392 ‘aliud
245 1351 325 1391 alio
346 1350 386 1390 in
404 1352 499 1391 loco
517 1350 658 1400 potius
678 1350 918 1400 rectiusque
937 1361 1032 1390 esse
1051 1350 1189 1396 dieas,
1222 1360 1305 1389 non
1335 1360 1437 1389 sane
1453 1349 1511 1388 in-

93 1410 280 1459 tellego’.
341 1408 444 1447 Tum
465 1408 666 1447 Probus
687 1407 766 1446 iam
788 1407 1056 1447 commotior:
1089 1406 1221 1454 enoli',
1254 1406 1398 1456 inquit,
1423 1405 1511 1456 <igi-
1527 1410 1551 1446 8

93 1471 160 1506 tur
175 1466 380 1513 laborare,
393 1470 530 1504 utrum
546 1464 723 1504 istorum
745 1464 900 1504 debeas
919 1464 1071 1511 dicere,
1093 1463 1241 1503 eurbis'
1261 1474 1312 1502 an
1332 1463 1509 1503 ‘urbes’.

93 1523 196 1562 Nam
214 1533 307 1561 cum
322 1520 366 1560 id
382 1532 515 1570 genus
534 1521 605 1569 sis,
627 1522 740 1570 quod
758 1521 896 1569 uideo,
911 1527 955 1561 ut
972 1521 1061 1561 sine
1078 1520 1236 1560 iactura
1253 1525 1325 1559 tua
1344 1531 1510 1571 pecces,

95 1579 193 1618 nihil
209 1578 364 1629 perdes
377 1609 386 1626 ‚
419 1583 557 1617 utrum
578 1577 732 1617 dixeris
744 1581 771 1616 ⁹.

178 1668 254 1709 His
269 1673 357 1708 tum
378 1667 520 1708 uerbis
545 1669 607 1707 Pr
620 1679 642 1707 o
655 1668 680 1706 b
693 1680 719 1707 u
732 1680 752 1707 s
783 1673 824 1707 et
844 1668 921 1707 hac
940 1667 1009 1706 fini
1032 1667 1242 1707 hominem
1261 1666 1434 1715 dimisit,
1466 1672 1511 1707 ut
1526 1671 1549 1707 9

96 1737 189 1767 mos
208 1725 296 1765 eius
317 1724 392 1765 fuit
416 1736 515 1774 erga
536 1724 760 1772 indociles,
789 1735 923 1774 prope
940 1724 1222 1763 inclementer.
1266 1724 1351 1763 Nos
1375 1729 1513 1763 autem
1527 1729 1570 1762 10

97 1782 209 1822 aliud
235 1792 406 1831 quoque
431 1786 583 1832 postea
613 1780 882 1821 consimiliter
899 1780 1180 1830 aVergilio
1205 1779 1358 1829 duplici
1384 1781 1510 1820 modo

97 1838 298 1888 scriptum
321 1838 566 1878 inuenimus.
628 1839 729 1877 Nam
755 1842 796 1877 et
820 1843 929 1877 tres
949 1842 989 1876 et
1012 1837 1108 1877 tris
1129 1837 1270 1887 posuit
1305 1837 1454 1876 eodem
1471 1836 1512 1876 in

96 1897 192 1936 loco
215 1906 265 1935 ea
291 1894 431 1934 iudicii
462 1894 708 1941 subtilitate,
738 1899 784 1933 ut
816 1894 850 1933 si
871 1893 988 1933 aliter
1009 1894 1163 1933 dixeris
1189 1893 1447 1943 mutarisque
1472 1899 1514 1933 et

98 1951 254 2001 aliquid
273 1956 413 1991 tamen
430 1950 542 1991 auris
565 1951 735 1998 habeas,
768 1950 923 1990 sentias
950 1950 1198 1991 suauitatem
1220 1949 1383 1991 sonitus
1402 1951 1511 1989 clau-

99 2009 212 2048 dere.
271 2008 434 2048 Versus
459 2019 519 2048 ex
541 2007 743 2047 decimo
772 2007 811 2046 hi
836 2012 952 2047 sunt:
1525 2007 1567 2042 11

156 2090 280 2129 Tres
322 2101 530 2139 quoque
565 2089 840 2130 Threicios
875 2090 1075 2129 Boreae
1120 2090 1186 2129 de
1227 2094 1386 2139 gente
1425 2100 1513 2129 su·-

202 2179 205 2181 Ᾰ
953 2157 1116 2185 stema

157 2202 224 2241 Et
267 2201 392 2248 tris,
452 2214 581 2252 quos
626 2203 748 2242 Idas
792 2159 952 2251 paterk
989 2208 1042 2241 et
1089 2202 1263 2252 patria
1315 2203 1514 2242 Ismara

938 2258 1108 2298 mittit.
