1619 2476
175 49 230 91 62
678 77 681 90 χ
720 48 749 85 1.
772 58 873 86 xvn.
890 58 1009 86 xvm.

179 161 339 211 quoin
365 160 522 199 fundo
566 164 790 208 propter
821 159 1031 198 insanas
1058 158 1181 198 illas
1212 157 1577 198 substructio-

178 228 267 256 nes
294 216 448 255 facile
474 215 612 254 mille
638 214 895 254 hominum
922 215 1238 254 uersabatur
1261 214 1573 262 ualentium,

179 284 263 313 non
293 272 629 319 ‘uersabantur',
666 271 779 320 quod
808 271 847 309 in
866 271 978 310 libris
996 271 1130 310 minus
1151 271 1355 311 accuratis
1375 271 1575 321 scriptum

182 334 257 368 est.
318 328 410 367 Alia
435 327 541 366 enim
567 327 725 366 ratione
746 327 877 366 emille
895 327 1144 375 hominum',
1174 326 1277 375 [alia
1295 327 1428 367 ‘mille
1444 326 1574 367 homi-

182 387 303 432 nes']
332 384 552 423 dicendum
576 389 652 423 est.

815 484 942 525 XVII.

183 570 329 612 Quanta
355 579 437 603 cum
464 567 576 603 animi
602 568 787 613 aequitate
805 567 1021 603 tolerauerit
1037 565 1215 603 Socrates
1238 567 1366 603 uxoris
1384 567 1576 614 ingenium

238 624 491 667 intractabile3
527 629 637 670 atquc
664 624 771 667 inibi,
804 622 893 669 quid
917 624 966 658 M.
983 623 1105 659 Varro
1132 624 1168 659 in
1192 623 1358 670 quadam
1384 624 1500 660 satira
1527 623 1574 660 de

238 680 361 715 officio
393 680 514 715 mariti
541 680 745 726 scripserit.

142 788 160 821 1
259 780 506 830 Xanthippe,
526 781 553 820 S
567 792 589 820 o
602 791 623 820 c
635 780 760 819 ratis
779 779 1016 830 philosophi
1033 792 1151 829 uxor,
1164 791 1333 820 morosa
1349 780 1574 820 admodum

180 836 309 882 fuisse
335 838 462 876 fertur
493 842 533 876 et
562 836 763 886 iurgiosa‚
795 836 1031 886 irarumque
1062 842 1102 876 et
1127 836 1411 877 molestiarum
1436 836 1576 875 mulie-

143 900 163 933 2
180 893 313 932 brium
330 904 405 944 per
421 892 529 932 diem
546 904 705 942 perque
723 898 887 932 noctem
905 893 1103 932 scatebat.
1165 894 1250 932 Has
1269 892 1358 932 eius
1375 892 1576 942 intempe-

179 949 260 989 ries
278 950 317 988 in
336 949 523 988 maritum
539 949 777 988 Alcibiades
803 949 1047 997 demiratus,
1080 948 1352 998 interrogauit
1379 948 1407 989 S
1423 961 1445 988 o
1462 959 1573 988 cra-

181 1010 283 1053 ten,
318 1017 520 1055 quaenam
537 1005 639 1045 ratio
657 1010 789 1053 esset,
817 1017 890 1045 cur
909 1005 1120 1044 mulierem
1137 1011 1220 1044 tam
1238 1005 1431 1044 acerbam
1448 1005 1574 1044 domo

141 1067 162 1102 3
181 1073 263 1100 non
282 1062 478 1111 exigeret.
499 1062 746 1111 ‘Quoniam’,
764 1061 894 1112 inquit
911 1062 938 1101 S
952 1074 974 1102 o
989 1067 1134 1101 crate
1147 1074 1166 1102 s
1179 1094 1188 1110 ,
1208 1064 1319 1101 ‘cum
1336 1061 1445 1100 illam
1463 1060 1576 1101 domi

178 1119 299 1157 talem
318 1118 546 1168 perpetior,
579 1118 773 1158 insuesco
793 1124 832 1158 et
849 1129 1066 1166 exerceor,
1092 1123 1136 1158 ut
1154 1123 1387 1158 ceterorum
1405 1128 1574 1167 quoque

178 1174 277 1214 foris
295 1175 561 1224 petulantiam
579 1180 618 1214 et
634 1174 821 1214 iniuriam
838 1174 994 1214 facilius
1013 1176 1139 1214 feram
1152 1178 1181 1213 ⁹.

141 1237 164 1270 4
268 1231 503 1271 Secundum
527 1232 632 1270 hanc
660 1231 903 1271 sententiam
935 1243 1103 1280 quoque
1133 1233 1299 1270 Varro
1332 1230 1380 1269 in
1413 1228 1574 1269 satira

178 1286 471 1338 Menippea,
506 1299 627 1336 quam
654 1288 716 1326 de
744 1287 920 1327 officio
947 1286 1120 1326 mariti
1148 1286 1334 1336 scripsit:
1360 1285 1572 1332 uitium,

177 1343 326 1392 inquit,
358 1343 542 1383 uxoris
579 1348 667 1383 aut
705 1343 997 1383 tollendum
1032 1348 1115 1382 aut
1161 1343 1435 1382 ferendum
1478 1345 1570 1380 est.

180 1399 270 1447 Qui
299 1400 448 1439 tollit
480 1399 681 1447 uitium,
729 1410 946 1441 uxorein
980 1399 1386 1439 commodiorem
1419 1408 1572 1448 prae-

136 1460 304 1504 fistat‚
351 1456 437 1506 qui
478 1458 601 1503 sert,
649 1467 765 1496 sese
798 1455 1068 1495 meliorem
1100 1455 1237 1495 facit.
1298 1456 1412 1494 Haec
1442 1453 1574 1493 uerba

179 1512 436 1552 Varronis
476 1514 668 1552 e‘tollere'
709 1517 748 1552 et
780 1514 937 1551 eferre'
968 1512 1103 1562 lepide
1137 1511 1303 1562 quidem
1338 1509 1574 1560 composita

136 1573 157 1608 6
175 1574 291 1617 sunt,
332 1570 408 1609 sed
447 1570 640 1609 etollere'
674 1573 847 1618 apparet
889 1568 1040 1608 dictum
1079 1580 1154 1618 pro
1189 1567 1466 1617 ‘corrigeret
1525 1565 1573 1604 Id

179 1625 300 1664 etiam
332 1630 519 1675 apparet,
553 1625 755 1665 eiusmodi
785 1625 927 1665 uitium
958 1624 1121 1672 uxoris,
1155 1623 1189 1664 si
1207 1623 1358 1673 corrigi
1373 1634 1456 1663 non
1474 1633 1572 1672 pos-

179 1681 250 1729 sit,
299 1682 515 1721 ferendum
558 1693 654 1721 esse
692 1684 983 1721 Varronem
1031 1680 1266 1728 censuisse,
1315 1680 1429 1729 quod
1476 1676 1573 1717 ferri

179 1737 335 1777 scilicet
367 1750 390 1777 a
423 1738 512 1778 uiro
543 1739 719 1778 honeste
750 1743 907 1788 potest:
940 1737 1038 1777 uitia
1084 1736 1192 1776 enim
1221 1735 1386 1785 flagitiis
1413 1735 1574 1774 leuiora

182 1800 289 1833 sunu

807 1896 951 1936 XVIII.

184 1975 293 2021 Quod
316 1977 367 2012 M.
384 1977 505 2013 Varro
534 1978 570 2013 in
596 1980 725 2024 quarto
753 1976 898 2011 decimo
925 1975 1240 2010 humanarum
1265 1972 1305 2007 L.
1322 1971 1472 2008 Aelium
1495 1984 1573 2009 ina-

239 2033 394 2079 gistrum
419 2044 526 2069 suum
561 2037 595 2068 et
623 2034 658 2068 in
679 2028 981 2082 ἐτυμολογίᾳ
1006 2030 1103 2066 salsa
1128 2027 1372 2075 reprehendit
1398 2027 1574 2075 quodque

238 2089 339 2124 idem
354 2090 476 2125 Varro
495 2090 532 2124 in
550 2089 684 2125 eodem
701 2090 793 2124 libro
812 2089 947 2124 falsum
964 2087 1055 2122 suris
1074 2082 1252 2132 ἔτυμον
1268 2083 1369 2120 dicit.

143 2194 161 2227 1
256 2187 300 2224 In
327 2186 448 2224 XIIII.
475 2197 644 2225 rerum
671 2177 965 2224 diuinarum
992 2183 1124 2223 libro
1149 2183 1204 2222 M.
1226 2183 1394 2222 Varro
1419 2183 1573 2223 doctis-

180 2241 327 2281 simum
343 2246 440 2280 tunc
460 2241 633 2281 ciuitatis
651 2242 858 2281 hominem
881 2242 924 2279 L.
950 2239 1157 2279 Aelium
1183 2249 1348 2278 errasse
1375 2239 1570 2284 ostendit,
