1619 2476
132 67 216 108 220
621 66 708 103 VII.
733 65 839 113 (VI.)
860 75 935 102 vn.
963 74 1051 102 vm.

96 178 404 225 3Horatiae3
449 176 701 217 contrarium
732 175 876 216 estin
909 175 1184 215 duodecim
1210 174 1405 216 tabulis
1437 173 1536 215 scri-

95 243 118 277 4
135 242 270 285 ptum:
303 235 564 283 Inprobus
597 232 1041 281 intestabilisque
1070 238 1200 272 esto.
1259 233 1479 272 Praeterea
1501 231 1538 271 si

136 291 408 341 quadraginta
424 301 556 329 annos
577 295 672 328 nata
690 289 925 328 sacerdotio
944 288 1057 327 abire
1078 299 1126 328 ac
1143 289 1301 328 nubere
1316 287 1534 335 uoluisset,

134 349 197 386 ius
242 346 277 385 ei
315 352 589 396 potestasque
627 344 912 394 exaugurandi
949 349 1075 394 atque
1112 344 1296 384 nubendi
1331 345 1439 383 facta
1473 348 1538 383 est

135 403 438 442 munificentiae
470 408 509 442 et
538 401 729 441 beneficii
761 401 911 450 gratia,
935 401 1048 450 quod
1078 412 1270 451 campum
1299 399 1536 440 Tiberinum

134 461 221 499 siue
238 459 428 500 Martium
450 460 607 508 populo
633 458 930 497 condonasset.

96 524 116 557 5
214 516 297 555 Sed
315 518 429 555 Acca
449 514 638 554 Larentia
661 526 814 563 corpus
849 514 888 553 in
911 514 1062 563 uulgus
1084 513 1209 553 dabat
1229 512 1536 564 pecuniamque

96 579 116 613 6
135 578 366 611 emeruerat
398 584 447 611 ex
483 583 532 610 eo
564 577 739 620 quaestu
782 571 964 609 uberem.
1025 570 1085 609 Ea
1112 574 1361 610 testamento
1374 602 1383 618 ,
1423 573 1469 608 ut
1495 568 1536 607 in

131 628 366 667 Antiatis
389 627 615 667 historia
646 627 844 677 scriptum
867 631 941 674 est,
963 627 1184 667 Romulum
1201 637 1356 676 regem,
1381 630 1427 665 ut
1449 623 1536 674 qui—

135 686 227 723 dam
259 690 394 723 autem
415 684 480 722 alii
510 683 780 730 tradiderunt,
812 684 1013 732 populum
1033 683 1266 723 Romanum
1292 681 1415 721 bonis
1447 680 1535 720 suis

93 746 112 781 7
133 741 329 780 heredem
346 741 454 779 fecit.
484 740 543 779 Ob
567 740 607 778 id
624 739 812 779 meritum
837 751 859 777 a
883 738 1047 778 flamine
1070 739 1266 788 Quirinali
1289 737 1537 778 sacrificium

94 803 116 837 8
134 797 168 836 ci
190 797 354 847 publice
378 797 423 836 fit
450 802 489 835 et
512 796 600 835 dies
625 808 647 834 e
668 795 833 835 nominc
863 795 950 835 cius
983 795 1022 834 in
1056 797 1187 835 fastos
1209 795 1389 834 additus.
1453 793 1538 833 Sed

135 853 362 893 Sabinus
388 852 647 892 Masurius
676 852 715 890 in
738 852 902 901 primo
927 863 1049 890 mem
1064 851 1303 892 orialium
1321 883 1331 899 ‚
1367 855 1538 890 secutus

137 910 340 959 quosdam
363 909 558 949 historiae
582 908 822 958 scriptores,
846 911 1003 948 Accam
1019 908 1252 947 Larentiam
1272 907 1437 947 Romuli
1456 918 1539 945 nu-

132 967 275 1005 tricem
307 966 437 1006 fuisse
469 965 577 1004 dicit.
639 966 739 1012 Ea,
772 964 916 1014 inquit,
942 964 1131 1004 mulier
1163 976 1231 1004 ex
1261 962 1537 1003 duodecim

134 1023 266 1062 filiis
290 1023 516 1062 maribus
538 1034 688 1062 unum
710 1027 875 1061 morte
896 1020 1080 1060 amisit.
1127 1022 1178 1060 In
1198 1020 1344 1060 illius
1367 1021 1538 1070 locum

133 1080 375 1119 Romulus
393 1081 562 1118 Accae
586 1089 703 1117 sese
726 1077 888 1117 silium
908 1077 1054 1116 dedit
1075 1088 1235 1127 seque
1257 1081 1305 1116 et
1326 1080 1538 1116 ceteros

136 1136 245 1174 cius
288 1135 435 1175 filios
468 1139 479 1157 ³
500 1136 687 1174 fratres
716 1135 927 1172 aruales
945 1137 958 1154 '
992 1133 1305 1184 appellauit.
1365 1133 1442 1172 Ex
1472 1142 1495 1170 e
1512 1142 1538 1170 o

133 1198 368 1241 tempore
394 1190 673 1239 collegium
705 1190 899 1230 mansit
925 1190 1143 1229 fratrum
1164 1189 1414 1229 arualium
1434 1199 1460 1226 n
1479 1199 1538 1226 u-

134 1259 268 1288 mero
309 1248 610 1295 duodecim,
663 1246 813 1286 cuius
867 1245 1160 1286 sacerdotii
1201 1244 1410 1295 insigne
1458 1247 1540 1283 est

136 1304 319 1352 spicea
357 1315 553 1343 corona
594 1308 647 1342 et
684 1303 836 1340 albae
876 1302 1088 1340 infulae.

783 1403 889 1442 VIII.

137 1463 269 1498 Notata
294 1461 480 1508 quaedam
504 1461 549 1497 de
573 1473 662 1509 rege
684 1462 902 1498 Alexandro
922 1466 956 1496 et
980 1460 1026 1495 de
1046 1461 1086 1495 P.
1106 1459 1305 1507 Scipione,
1329 1462 1540 1495 memoratu

778 1518 903 1565 digna.

100 1591 119 1624 l
218 1577 406 1634 Ἀπίων,
439 1583 620 1622 Graecus
655 1583 803 1629 homo,
843 1580 912 1630 qui
932 1579 1280 1631 Πλειστονείκης
1304 1579 1538 1628 appellatus

99 1647 120 1680 2
137 1645 212 1687 est,
226 1638 331 1678 facili
349 1645 473 1688 atque
489 1639 614 1678 alacri
631 1638 823 1678 facundia
841 1637 927 1676 suit.
952 1638 991 1676 ls
1010 1648 1102 1676 cum
1120 1637 1171 1675 de
1183 1633 1410 1675 Alexandri
1426 1634 1538 1684 regis

135 1696 326 1735 laudibus
349 1696 567 1735 scriberet:
592 1695 756 1743 Victi,
778 1693 921 1743 inquit,
947 1693 1118 1732 hostis
1138 1702 1349 1731 uxorem
1367 1723 1377 1738 ,
1400 1690 1536 1730 facie

133 1752 333 1791 incluta
355 1752 639 1799 mulierem,
663 1750 897 1791 uetuitin
921 1754 1263 1798 conspectum
1285 1758 1430 1787 suum
1454 1747 1538 1786 de-

135 1808 267 1856 duci,
291 1814 342 1847 ut
374 1819 482 1847 eam
513 1820 537 1846 n
556 1819 578 1847 e
605 1808 776 1847 oculis
801 1806 1009 1856 quidem
1044 1804 1158 1844 suis
1181 1803 1536 1853 contingeret.

95 1871 117 1905 3
132 1864 288 1914 Lepide
308 1864 431 1913 igitur
447 1864 593 1913 agitari
615 1868 767 1913 potest,
790 1868 928 1902 utrum
951 1860 1084 1901 uideri
1102 1859 1446 1900 continentiorem
1462 1870 1539 1908 par
1593 1902 1597 1906 ,

136 1921 199 1967 sit,
222 1920 464 1960 Publiumne
482 1920 723 1959 Africanum
741 1918 1013 1969 superiorem,
1039 1917 1120 1967 qui,
1142 1915 1385 1965 Carthagine
1401 1916 1540 1971 ampla
1596 1943 1608 1966 ,ζ

137 1977 300 2016 ciuitate
315 1977 355 2015 in
373 1976 572 2025 Hispania
589 1981 838 2026 expugnata,
861 1974 1063 2024 uirginem
1077 1971 1381 2023 tempestiuam,
1405 1971 1539 2011 forma
1598 1969 1607 2003 '3

137 2032 315 2082 egregia,
348 2032 497 2073 nobilis
518 2032 596 2071 uiri
616 2032 789 2082 Hispani
811 2031 934 2070 filiam
957 2035 1117 2079 captam
1137 2029 1467 2079 perductamque
1483 2027 1538 2067 ad

137 2100 183 2127 se
203 2088 309 2138 patri
330 2089 568 2129 inuiolatam
585 2088 776 2135 reddidit,
796 2099 846 2126 an
863 2098 1004 2136 regem
1020 2086 1317 2133 Alexandrum,
1341 2083 1410 2134 qui
1426 2083 1538 2124 Darii
1596 2094 1605 2131 ξ

135 2145 246 2193 regis
267 2156 442 2185 uxorem
461 2145 721 2194 eandemque
744 2144 931 2182 eiusdem
955 2153 1166 2189 sororem,
1192 2140 1354 2192 proelio
1383 2150 1536 2190 magno
1595 2156 1603 2186 ι,-

138 2206 312 2249 captam,
336 2212 459 2250 quam
477 2212 571 2240 esse
594 2201 788 2240 audiebat
809 2197 1054 2249 exuperanti
1074 2199 1219 2246 forma,
1244 2197 1389 2237 uidere
1405 2195 1538 2237 noluit
1594 2199 1607 2244 j

136 2256 393 2306 perducique
411 2257 464 2295 ad
486 2268 581 2296 sese
603 2256 823 2307 prohibuit.
