1619 2476
160 47 217 88 96
644 34 747 83 XIII.
780 56 878 83 xxv.
908 46 1082 92 (xx1111.)

123 169 146 205 4
163 161 257 198 est'.
320 154 533 202 eEtiamsi',
566 155 696 204 iuquit
720 155 1014 194 Fauorinus
1029 187 1038 202 ,
1061 158 1209 205 ‘opera
1237 153 1333 193 mihi
1358 154 1554 205 princeps

163 220 203 254 et
226 224 358 263 prope
377 211 509 251 omnis
533 211 572 250 in
603 211 730 251 literis
755 211 1068 261 disciplinisque
1092 209 1259 250 Graecis
1282 215 1449 261 sumpta
1479 216 1555 258 est,

162 281 245 311 non
280 279 414 317 usque
454 278 503 307 eo
544 272 679 306 tamen
712 267 952 316 infrequens
995 279 1087 306 sum
1124 277 1275 306 uocum
1306 267 1554 318 Latinarum,

163 336 266 375 quas
291 323 500 363 subsiciuo
521 328 590 363 aut
605 323 868 363 tumultuario
892 322 1028 363 studio
1048 324 1154 371 colo,
1185 327 1230 362 ut
1246 323 1351 362 hanc
1367 322 1556 373 ignorem

162 380 448 420 manubiarum
465 379 846 429 interpretationem
866 379 1107 429 uulgariam,
1127 379 1240 428 quod
1256 389 1351 419 esse
1370 379 1557 418 dicantur

161 436 411 476 ‘manubiae'
431 436 599 486 pracda.
638 436 721 475 Sed
741 447 909 486 quaero,
942 447 991 474 an
1009 436 1062 474 M.
1080 434 1301 483 Tullius,
1333 436 1555 475 uerborum

158 494 283 533 homo
320 492 677 541 diligenfflssimus,
715 492 754 531 in
788 492 1044 540 oratione,
1073 502 1196 541 quam
1221 490 1322 530 dixit
1352 492 1411 531 de
1442 493 1556 540 lege

159 548 373 599 agraria
395 548 590 587 Kalendis
614 548 817 588 Ianuariis
841 553 1022 588 contra
1039 549 1259 597 Rullum,
1289 547 1400 586 inani
1431 552 1472 586 et
1500 549 1558 586 in-

158 605 295 655 lepida
312 604 587 654 geminatione
608 604 784 643 iunxerit
802 604 1049 644 ‘manubias'
1070 609 1110 643 et
1125 605 1379 654 -‘praedam',
1413 603 1448 644 si
1473 603 1554 642 duo

157 662 260 700 haec
287 661 413 700 uerba
437 660 544 699 idcm
563 660 796 710 significant
820 672 955 710 neque
978 662 1060 700 ulla
1085 672 1128 700 re
1145 660 1282 710 aliqua
1299 660 1554 700 dissident?’

122 721 143 753 5
160 720 314 769 Atque,
347 722 389 756 ut
415 721 502 755 erat
526 716 820 756 Fauorinus
840 716 1006 766 egregia
1029 718 1095 755 uel
1120 717 1259 756 diuina
1276 717 1453 766 quadam
1476 726 1556 754 me-

120 775 143 811 6
162 773 311 821 moria,
344 773 472 812 uerba
503 773 594 822 ipsa
615 774 667 811 M.
694 773 827 812 Tulli
859 773 995 812 statim
1023 773 1135 812 dixit.
1196 774 1256 812 Ea
1287 784 1365 813 nos
1395 772 1460 811 hic
1489 772 1556 810 ad-

159 829 421 869 scribsimus:
458 830 730 876 Praedam,
779 829 1065 877 manubias,
1115 829 1429 876 sectionem,
1479 839 1555 867 ca-

158 891 269 925 stra
301 886 527 934 denique
546 886 623 924 Cn.
650 886 865 935 Pompei
891 886 1108 925 sedente
1133 885 1450 935 imperatore
1475 885 1555 923 de-

158 941 377 981 cemuiri
400 942 650 989 uendent;
677 947 716 980 et
733 942 838 981 infra
854 941 993 981 itidem
1017 942 1099 981 duo
1118 942 1221 981 haec
1248 941 1366 981 simul
1387 939 1556 980 iunctim

159 998 296 1048 posita
324 997 443 1037 dixit:
494 999 561 1036 Ex
591 999 802 1047 praeda,
837 1009 894 1037 ex
920 997 1192 1045 manubiis,
1225 1009 1285 1037 ex
1323 1008 1444 1037 auro
1474 1007 1554 1035 co-

116 1055 137 1090 7
158 1054 378 1094 ronario.
439 1056 500 1093 Ac
520 1054 668 1093 deinde
689 1055 739 1093 ad
766 1066 857 1093 eum
882 1054 1105 1102 conuertit,
1135 1054 1205 1104 qui
1224 1053 1438 1093 manubias
1461 1063 1556 1092 esse

158 1111 356 1160 praedam
375 1110 545 1157 dixerat,
579 1116 637 1149 et:
662 1110 896 1150 ‘uideturne
914 1110 1012 1157 tibi’,
1030 1110 1174 1160 inquit,
1192 1114 1386 1160 ‘utroque
1402 1108 1443 1148 in
1461 1111 1553 1149 loco

156 1167 209 1205 M.
230 1166 405 1206 Cicero
432 1167 594 1206 duobus
621 1166 757 1206 uerbis
777 1167 907 1214 idem,
938 1167 1056 1206 sicuti
1085 1171 1127 1206 tu
1149 1171 1291 1217 putas,
1324 1165 1556 1215 significan-

157 1222 264 1262 tibus
296 1223 433 1272 inepte
467 1228 507 1262 ct
537 1222 681 1273 frigide
703 1234 799 1262 esse
830 1235 931 1263 usus
958 1234 1005 1262 ac
1027 1223 1097 1263 tali
1127 1223 1220 1263 ioco
1245 1221 1413 1271 dignus,
1447 1219 1556 1270 quali

157 1279 267 1328 apud
286 1279 426 1318 Arist
442 1280 537 1328 oph
553 1291 608 1318 an
622 1291 702 1327 en,
737 1279 1031 1319 facetissimum
1057 1279 1324 1325 comicorum,
1350 1277 1555 1327 Euripi-

159 1335 184 1373 d
197 1345 217 1373 e
232 1346 250 1373 s
276 1338 311 1373 A
324 1346 344 1373 e
358 1347 377 1374 s
390 1336 542 1385 chylu
555 1348 593 1374 m
614 1335 841 1374 insectatus
860 1340 935 1381 cst,
959 1346 1051 1374 cum
1067 1335 1139 1374 ait:

215 1410 316 1458 Δις
351 1405 561 1450 ταύτὸν
592 1406 720 1463 ἡμῖν
757 1404 914 1450 εἶπεν
945 1403 968 1450 ὁ
1001 1406 1176 1461 σοφὸς
1207 1407 1496 1464 Αἰσχύλος

205 1462 343 1506 Ἠκω
377 1463 476 1518 γὰρ
517 1466 594 1514 εἰς
623 1480 748 1519 γην,
788 1465 944 1518 φησί,
978 1464 1066 1505 καὶ
1102 1466 1457 1520 κατέρχομαι·

204 1517 346 1563 Ἥκω
379 1519 434 1562 δὲ
466 1518 674 1562 ταύτόν
705 1521 814 1562 ἐστι
838 1523 913 1588 τῷ
946 1519 1292 1576 κατέρχομαι

217 1574 298 1632 Νὴ
329 1575 424 1619 τὸν
454 1573 558 1630 Δι’,
588 1573 767 1642 ω’σπερ
806 1573 846 1631 γ’
891 1580 1050 1626 εἴτις
1082 1580 1230 1620 εἴποι
1259 1581 1496 1632 γείτονι,

217 1635 437 1688 Χοῆσον
481 1631 553 1675 σὺ
586 1632 859 1689 μάκτραν,
911 1634 964 1675 εἰ
1002 1631 1065 1675 δε
1103 1631 1296 1687 βούλει
1339 1633 1554 1689 κάρδο-

985 1693 1136 1731 πονῬ

120 1783 455 1830 3<Nequaqua1n
488 1784 629 1829 uero’,
672 1780 804 1831 inquit
830 1781 918 1829 ille,
965 1780 1077 1820 ‘talia
1100 1781 1310 1830 uidentur,
1340 1775 1460 1832 quale
1491 1789 1556 1824 est

161 1834 380 1890 μάκτρα’
407 1843 447 1877 et
476 1833 749 1889 (κάρδοποῳ
756 1870 764 1886 ,
800 1849 906 1887 quae
932 1838 1000 1877 uel
1027 1848 1050 1876 a
1073 1838 1209 1887 poetis
1232 1839 1299 1878 uel
1321 1838 1552 1888 oratoribus

160 1893 327 1933 Graecis
345 1894 584 1944 nostiisque
600 1895 864 1934 uenerandae
882 1899 922 1933 et
940 1894 1149 1933 ornandae
1166 1894 1224 1934 1ei
1241 1895 1372 1945 gratia
1390 1896 1553 1936 duobus

161 1951 306 1989 eadem
326 1950 569 1999 pluiibusue
585 1951 819 1991 nominibus
843 1952 1187 2000 frequentantui'.

119 2013 140 2048 9
242 2006 1006 2057 <Quidigitu1’,inquitFauorinus,
1029 2007 1275 2046 ‘ualethaec
1293 2007 1480 2057 repetitio
1496 2020 1554 2047 m-

160 2062 443 2112 stauratioque
457 2064 644 2104 eiusdem
661 2063 720 2103 rei
746 2064 822 2103 sub
840 2063 917 2103 alio
943 2062 1119 2111 nomine,
1138 2062 1178 2102 in
1197 2063 1433 2104 ‘manubiis'
1452 2069 1493 2104 et
1512 2063 1552 2103 in

161 2120 376 2168 ‘praedast‘
416 2132 512 2160 num
531 2125 659 2170 ornat,
676 2125 721 2160 ut
737 2120 890 2170 alioqui
912 2120 1031 2167 solet,
1050 2119 1306 2160 orationem?
1344 2132 1441 2160 num
1463 2131 1553 2160 earn

161 2175 473 2216 modulatiorem
511 2176 798 2227 aptioremque
832 2175 993 2215 reddit?
1029 2188 1126 2215 num
1157 2176 1356 2216 onerandi
1384 2178 1452 2216 uel
1481 2187 1549 2216 ex-

160 2231 385 2278 probrandi
398 2233 575 2273 criminis
594 2245 719 2273 causa
737 2231 1097 2283 exaggerationem
1115 2232 1294 2283 aliquam
1315 2232 1586 2284 speciosam,
