1619 2476
134 46 218 88 232
647 48 808 86 XVIIII.
837 59 942 87 vnn.
961 60 1003 87 x.

194 158 250 199 Si
300 158 465 208 digito
518 159 768 208 attigero,
821 159 1096 201 incendam
1148 162 1338 204 siluam
1382 161 1532 203 simul

967 229 1194 267 omnem,

253 272 403 310 Omne
426 282 587 321 pecus
609 272 888 321 flanimast,
923 273 1094 315 omnia
1119 285 1217 325 qua
1242 275 1418 316 uideo.

84 363 304 412 14Quinti
329 364 494 402 Catuli
520 375 669 403 uersus
695 365 747 403 illi
766 366 949 406 suerunt:

192 441 814 491 Aufugitnii(hi)aninius.
853 445 1535 494 Cred0‚utsolet,adThe0-

964 500 1140 541 timum

249 555 488 594 Deuenit.
553 555 636 594 Sic
666 561 765 595 est:
806 557 1100 607 perfugium
1127 557 1263 597 illud
1287 559 1452 597 habet.

195 610 304 659 Qui,
337 610 379 649 si
413 623 515 651 non
545 611 883 660 interdixem,
917 624 976 652 ne
1002 614 1167 654 illunc
1203 614 1478 664 fugitiuum

252 666 485 706 Mitteret
511 668 571 706 ad
593 679 646 707 se
670 668 832 715 intro,
862 670 954 708 sed
981 670 1142 720 magis
1168 670 1395 710 eiceret?

195 723 386 763 Ibimus
414 723 721 773 quaesitum.
781 726 995 775 Verum,
1026 737 1086 765 ne
1114 726 1215 777 ipsi
1244 732 1539 773 teneamur,

253 779 512 819 Formido.
575 780 705 829 Quid
731 783 857 830 ago?
888 783 1158 823 DaVenus
1186 782 1480 823 consilium.

816 893 866 933 X.

139 968 284 1017 [Verba
310 973 424 1008 haec:
456 979 603 1020 praeter
626 980 798 1021 propter,
827 977 861 1011 ln
885 987 955 1012 usu
978 977 1081 1024 uulgi
1106 976 1274 1024 prodita,
1307 977 1417 1012 etiam
1433 977 1543 1012 Ennii

768 1032 915 1081 fuisse]

102 1134 122 1167 1
225 1116 410 1164 Memini,
444 1129 509 1157 me
528 1120 738 1167 quondam
758 1125 797 1158 et
823 1119 1087 1159 Celsinum
1112 1121 1166 1159 Iu
1180 1119 1299 1158 lium
1320 1119 1538 1159 Numidam

141 1171 193 1209 ad
215 1173 306 1212 Fro
319 1179 435 1213 nton
448 1185 519 1213 em
540 1175 567 1214 C
580 1186 602 1215 o
616 1187 668 1214 rn
681 1175 854 1223 elium,
885 1176 1014 1225 pedes
1034 1180 1130 1215 tunc
1154 1175 1337 1225 grauiter
1353 1187 1541 1225 aegrum,

140 1227 197 1266 ire
216 1234 256 1267 et
276 1229 426 1269 uisere.
488 1233 626 1280 Atque
651 1231 706 1270 ibi
726 1231 948 1272 introducti
972 1244 1136 1280 sumus,
1169 1231 1420 1272 offendimus
1447 1242 1539 1271 eum

142 1285 358 1324 cubantem
383 1285 422 1324 in
447 1287 677 1336 scimpodio
707 1288 964 1333 Graeciensi,
998 1287 1339 1336 circu-mundique
1360 1287 1541 1326 sedenti-

141 1340 218 1380 bus
253 1341 389 1380 multis
423 1343 609 1381 doctrina
637 1349 706 1382 aut
731 1355 884 1392 genere
905 1348 975 1382 aut
1000 1345 1163 1383 fortuna
1192 1343 1400 1383 nobilibus
1425 1343 1542 1382 uiris.

100 1413 122 1445 2
138 1397 411 1442 Adsistebant
427 1398 531 1437 fabri
552 1399 714 1438 aedium
738 1399 986 1449 complures,
1003 1399 1162 1439 balneis
1181 1399 1302 1440 nouis
1321 1398 1540 1439 moliendis

143 1453 324 1505 adhibiti,
338 1455 697 1505 ostendebantque
712 1456 896 1505 depictas
920 1456 959 1494 in
981 1456 1274 1495 membranulis
1292 1455 1430 1496 uarias
1449 1466 1543 1506 spe-

102 1523 124 1556 3
141 1513 224 1553 cies
242 1510 494 1550 balnearum.
526 1512 588 1550 Ex
615 1511 762 1561 quibus
782 1524 872 1552 cum
895 1511 1091 1561 elegisset
1109 1523 1232 1551 unam
1254 1513 1428 1551 formam
1449 1523 1542 1562 spc-

145 1570 331 1615 ciemque
353 1567 477 1614 ueris,
496 1567 784 1617 interrogauit,
806 1573 984 1618 quantus
1003 1573 1116 1608 esset
1130 1567 1332 1618 pecuniae
1350 1573 1540 1618 sumptus

103 1633 126 1668 4
141 1627 194 1666 ad
211 1622 251 1661 id
269 1628 399 1662 totum
416 1636 522 1672 opus
541 1625 870 1664 absoluendum?
887 1635 1064 1674 cumque
1081 1624 1331 1664 architectus
1355 1623 1544 1670 dixisset,

142 1680 380 1721 necessaria
396 1680 528 1719 uideri
551 1692 646 1720 esse
672 1682 862 1721 sestertia
883 1682 1011 1720 ferme
1026 1685 1223 1728 trecenta,
1245 1692 1353 1720 unus
1375 1692 1428 1720 ex
1448 1679 1545 1719 ami-

150 1739 206 1778 cis
239 1736 540 1776 Frontonis:
573 1741 638 1776 eet
681 1740 1054 1787 praeterpropter’‚
1093 1736 1244 1786 inquit,
1289 1739 1301 1758 ²
1315 1736 1393 1776 alia
1429 1735 1543 1786 quin-

147 1793 341 1844 quaginta
352 1797 381 1832 '.
1424 1841 1428 1846 ¹

102 1860 122 1892 5
227 1851 329 1888 Tum
359 1850 555 1892 Fronto
590 1849 722 1890 dilatis
751 1850 1031 1898 sermonibus,
1063 1860 1169 1899 quos
1198 1849 1354 1891 habere
1384 1848 1436 1887 de
1458 1848 1542 1886 bal-

144 1917 315 1946 nearum
347 1912 514 1957 sumptu
544 1906 765 1954 institerat,
798 1906 1004 1956 aspiciens
1037 1906 1090 1944 ad
1121 1916 1214 1944 eum
1247 1903 1442 1951 amicum,
1474 1903 1542 1953 qui
1577 1927 1580 1930 <

147 1963 324 2009 dixerat,
353 1964 431 2003 alia
455 1962 751 2013 quinquaginta
779 1974 874 2003 csse
900 1961 1170 2011 [necess]aria
1190 1964 1541 2010 praeterpropter,

104 2023 159 2065 6[
171 2048 296 2057 .....
337 2024 693 2070 praeterpropter]
730 2019 1012 2069 interrogauit.
1082 2019 1221 2066 Atque
1258 2016 1326 2056 ille
1363 2015 1542 2055 amicus:

149 2077 159 2096 ³
173 2086 255 2114 non
272 2079 439 2125 meum’,
466 2076 618 2125 inquit,
653 2077 756 2116 ‘hoc
776 2076 949 2115 uerbum
966 2079 1047 2121 est,
1078 2074 1154 2112 sed
1173 2074 1395 2112 multorum
1415 2071 1543 2111 homi-

105 2135 124 2169 7
147 2142 263 2177 num,
307 2143 411 2180 quos
444 2134 664 2182 loquentes
707 2132 748 2171 id
780 2131 948 2179 audias;
992 2129 1090 2179 quid
1121 2134 1257 2168 autem
1290 2128 1333 2167 id
1367 2128 1542 2167 uerbum

152 2186 372 2235 significet,
404 2201 486 2228 non
506 2200 556 2228 ex
573 2199 659 2235 me,
691 2189 766 2228 sed
783 2200 834 2228 ex
854 2186 1119 2237 grammatico
1145 2185 1427 2235 quaerendum
1446 2185 1543 2234 θεῖ’,

151 2252 198 2279 ac
220 2242 336 2281 simul
357 2245 482 2294 digito
507 2246 762 2284 demonstrat
779 2243 1107 2294 grammaticum,
1129 2242 1238 2281 haud
1259 2239 1454 2280 incelebri
1471 2249 1540 2279 no-
