1635 2492
697 28 785 69 XX.
817 40 846 68 1.
1391 27 1476 69 243

66 148 278 198 Quaenam
301 143 375 184 tibi
389 143 513 194 igitur
528 141 733 182 acerbitas
758 153 855 182 esse
870 141 963 182 uisa
983 147 1070 190 est,
1105 143 1218 192 quod
1239 142 1279 182 in
1310 142 1374 182 ius
1403 149 1536 185 110-30

68 208 160 244 cato
183 200 432 253 paupertino
458 199 615 240 homini
635 200 700 239 1161
721 198 854 250 inopi,
885 199 954 249 qui
981 204 1050 238 aut
1074 200 1254 250 pedibus
1279 201 1386 239 forte
1411 211 1476 239 ae-

66 259 151 311 gris
184 263 300 299 esset
327 263 397 298 aut
422 269 504 308 quo
528 256 608 297 alio
634 267 735 296 casu
758 255 918 306 ingredi
950 268 1032 296 non
1057 256 1211 306 quiret,
1244 258 1476 307 plaustrum

67 328 164 358 esse
189 315 372 356 dandum
390 315 670 355 censuerunt?
701 324 839 363 neque
862 313 1035 353 insterni
1059 319 1194 353 tamen
1214 313 1388 353 delicate
1413 325 1475 353 ar·

67 385 206 414 ceram
220 372 447 420 iusserunt,
467 371 663 422 quoniam
687 370 788 411 satis
807 376 922 411 esset
937 370 1119 410 inualido
1141 371 1322 411 cuimodi
1338 375 1476 411 uecta-

66 431 221 471 bulum.
283 432 424 480 Atque
448 429 490 468 id
514 429 719 477 Fecerunt,
751 440 804 467 ne
826 428 1011 468 causatio
1037 428 1117 468 ista
1140 428 1252 479 aegri
1284 427 1475 478 corporis

0 504 2 506 ’
66 492 312 539 perpetuam
342 486 604 526 uacationem
628 486 747 525 daret
777 486 902 525 fidem
931 485 1257 526 detractantibus
1290 485 1475 535 iurisque

0 569 2 571 >
67 545 256 585 actiones
280 543 596 584 declinantibus.
659 543 742 583 Sed
765 542 872 582 enim
897 543 1033 592 ipsum
1052 542 1162 582 uide.
1225 543 1396 582 Iniurias
1421 544 1532 586 fa-31

0 602 3 619 ”
69 607 157 642 ctas
195 601 379 651 quinque
418 606 459 640 et
492 600 636 650 uiginti
673 600 838 640 assibus
871 606 1112 640 sanxerunt.
1173 602 1263 640 Non
1306 599 1474 639 omnino

69 669 237 707 omnes,
270 658 324 698 mi
355 657 638 706 Fauorine,
667 657 836 697 iniurias
860 668 956 697 aere
977 657 1056 697 isto
1089 668 1224 707 pauco
1253 657 1474 703 diluerunt,

66 715 233 756 tametsi
253 716 356 754 haee
381 715 475 766 ipsa
503 714 692 765 paucitas
716 714 872 754 assium
896 726 1025 764 graue
1047 715 1216 765 pondus
1247 715 1354 754 aeris
1382 714 1474 753 fuit:

67 785 162 814 nam
177 772 353 813 librariis
376 771 542 812 assibus
561 771 600 811 in
619 783 667 811 ea
683 776 932 822 tempestate
952 774 1136 822 populus
1159 784 1262 812 usus
1281 776 1358 811 est.
1392 771 1474 811 Sed
1487 778 1533 815 32

67 829 235 871 iniurias
264 829 516 877 atrociores,
543 834 589 868 ut
605 830 656 869 de
682 840 781 869 osse
798 830 950 877 fracto,
978 841 1060 869 non
1079 828 1218 869 liberis
1236 829 1376 876 modo,
1409 839 1476 867 ue-

68 899 159 929 rum
189 887 311 927 etiam
337 886 470 926 seruis
496 887 627 926 factas
659 886 899 936 inpensiore
931 887 1111 935 dampno
1143 885 1532 931 uindicauerunt,33

69 944 319 996 quibusdam
359 948 496 983 autem
534 942 691 983 iniuriis
732 943 927 983 talionem
962 955 1130 993 quoque
1172 944 1475 993 adposuerunt.

69 1003 198 1052 Quam
216 1000 381 1051 quidem
400 1006 443 1040 tu
460 1000 668 1049 talionem,
690 1000 753 1040 uir
776 1001 943 1050 optime,
962 1000 1142 1051 iniquius
1159 1002 1284 1051 paulo
1302 1000 1477 1039 insecta-

68 1064 136 1099 tus
157 1069 203 1098 es
231 1069 278 1097 ac
295 1068 347 1097 ne
372 1057 604 1098 consistere
623 1057 787 1107 quidem
810 1057 947 1098 dixisti
971 1058 1107 1108 lepida
1131 1057 1307 1107 quadam
1334 1057 1476 1097 sollcr-

67 1116 124 1155 tia
143 1115 382 1162 uerborum,
417 1114 612 1164 quoniam
634 1115 775 1154 talioni
794 1126 868 1164 par
889 1126 972 1154 non
995 1115 1047 1154 sit
1064 1114 1160 1154 talio
1183 1125 1321 1164 neque
1341 1113 1478 1163 rumpi

69 1171 299 1212 membrum
317 1170 435 1210 facile
452 1171 587 1220 possit
602 1171 654 1209 ad
671 1171 838 1210 alterius
861 1177 1077 1221 rupturae,
1102 1178 1145 1211 ut
1162 1171 1221 1211 ais
1243 1176 1296 1219 tu,
1320 1170 1476 1220 <aequi-

69 1228 263 1269 librium'.
294 1229 512 1275 Verumst‚
542 1227 595 1267 mi
621 1228 904 1280 Fauorine,
937 1229 1131 1268 talionem
1157 1228 1368 1268 rarissime
1390 1227 1534 1266 fieri34

71 1290 144 1335 [et]
181 1284 431 1325 difficillime.
495 1285 579 1326 Sed
604 1285 828 1325 decemuiri
859 1285 1043 1325 minuere
1075 1292 1199 1335 atque
1233 1284 1476 1334 extinguere

69 1344 260 1384 uolentes
277 1342 566 1382 huiuscemodi
589 1341 825 1382 uiolentiam
845 1342 1036 1392 pulsandi
1063 1348 1187 1392 atque
1205 1341 1398 1381 laedendi
1419 1346 1476 1380 ta-

69 1400 192 1448 lione,
217 1410 267 1440 eo
293 1410 461 1450 quoque
485 1404 596 1439 metu
619 1399 879 1439 coercendos
897 1411 992 1440 esse
1012 1399 1201 1439 homines
1223 1403 1478 1449 putauerunt

69 1468 209 1506 neque
238 1456 348 1503 eius,
383 1455 452 1506 qui
475 1457 705 1496 membrum
733 1456 850 1496 alteri
874 1457 1060 1507 rupisset
1088 1463 1128 1496 et
1150 1456 1307 1507 pacisci
1337 1461 1475 1494 tamen

71 1514 123 1553 de
138 1513 293 1553 talione
309 1512 552 1553 redimenda
567 1515 712 1561 nollet,
737 1518 891 1553 tantam
912 1525 1008 1554 esse
1023 1513 1257 1553 habendam
1274 1512 1474 1552 rationem

71 1569 254 1610 arbitrati
289 1574 406 1618 sunt,
443 1574 508 1618 ut,
539 1581 590 1610 an
617 1571 801 1621 prudens
834 1570 1119 1621 inprudensue
1147 1570 1351 1620 rupisset,
1384 1580 1477 1619 spe-

72 1627 267 1667 ctandum
284 1631 495 1677 putarent,
516 1626 712 1667 talionem
727 1627 766 1666 in
792 1639 841 1667 eo
859 1629 925 1667 uel
942 1628 994 1666 ad
1012 1627 1210 1667 amussim
1236 1625 1477 1676 aequipera-

71 1689 164 1724 rent
186 1685 252 1724 uel
269 1683 308 1723 in
332 1683 451 1723 librili
475 1684 804 1734 perpenderent;
835 1685 909 1724 sed
937 1684 1077 1734 potius
1102 1684 1277 1723 eundem
1297 1682 1477 1722 animum

73 1741 336 1791 eundemque
354 1741 552 1791 impetum
569 1740 608 1780 in
627 1741 773 1781 eadem
795 1747 913 1791 parte
931 1741 1120 1791 corporis
1142 1739 1374 1791 rumpendi,
1392 1751 1477 1779 non

73 1798 253 1838 eundem
275 1809 445 1848 quoque
470 1809 614 1838 casum
631 1797 740 1848 exigi
762 1799 997 1845 uoluerunt,
1017 1797 1210 1847 quoniam
1233 1798 1384 1836 modus
1405 1808 1478 1836 uo·

72 1854 239 1895 luntatiS
274 1854 477 1906 praestari
501 1859 658 1904 posset,
691 1865 814 1895 casus
835 1855 942 1895 ictus
962 1866 1044 1894 non
1069 1860 1230 1904 posset.
1293 1854 1413 1902 Quod
1444 1852 1535 1896 si35

71 1911 128 1952 ita
143 1917 227 1960 cst,
259 1917 305 1952 ut
321 1911 435 1959 dico,
463 1917 509 1951 ut
525 1916 566 1951 et
589 1911 680 1961 ipse
696 1912 914 1960 aequitatis
935 1911 1098 1951 habitus
1117 1912 1395 1958 demonstrat,
1420 1916 1477 1950 ta-

72 1967 205 2009 liones
227 1968 321 2009 illae
338 1975 433 2009 tuae
454 1968 697 2018 reciprocae
717 1969 949 2018 argutiores
966 1970 1176 2018 profecto,
1204 1979 1327 2018 quam
1344 1966 1478 2008 uerio-

73 2036 142 2066 res
159 2026 338 2066 fuerunt.
401 2026 486 2066 Sed
505 2024 701 2076 quoniam
729 2026 923 2065 acerbum
948 2036 1118 2075 quoque
1136 2035 1231 2065 esse
1248 2025 1329 2064 hoc
1345 2029 1535 2075 genus36

72 2093 236 2133 poenae
259 2088 402 2134 putas,
427 2094 546 2132 quae,
577 2083 754 2122 obsecro
776 2088 833 2130 te,
863 2082 943 2122 ista
963 2082 1166 2121 acerbitas
1197 2087 1280 2128 est,
1314 2080 1349 2121 si
1368 2080 1478 2120 idem

73 2138 146 2179 fiat
168 2138 209 2178 in
231 2144 293 2187 te,
322 2139 437 2190 quod
457 2144 544 2180 tute
560 2139 598 2179 in
618 2139 697 2178 alio
721 2139 897 2179 seceris?
928 2139 1173 2189 praesertim
1207 2149 1298 2178 cum
1321 2137 1476 2177 habeas

74 2195 311 2236 facultatem
332 2196 572 2247 paciscendi
598 2202 638 2235 et
658 2207 741 2235 non
774 2207 951 2235 necesse
975 2195 1025 2235 sit
1044 2195 1129 2246 pati
1149 2194 1366 2243 talionem,
1400 2194 1479 2234 nisi

73 2262 164 2292 eam
186 2257 231 2294 tu
257 2254 375 2303 eleg-e
390 2253 448 2293 fs.
509 2253 629 2302 Quod
647 2252 826 2292 edietum
852 2257 987 2291 autem
1010 2251 1263 2302 praetorium
1289 2252 1340 2291 de
1358 2249 1534 2292 aesti-37

1173 2307 1256 2349 16*
