1619 2476
162 62 244 103 154
727 61 833 99 XVI.
868 73 904 98 v.
930 71 985 98 vt.

164 174 320 221 relicta,
353 173 393 211 in
416 173 564 222 quibus
590 177 768 219 starent,
802 171 871 221 qui
894 171 1129 220 uenissent,
1159 170 1402 222 priusquam
1421 172 1462 211 in
1484 172 1555 212 do-

107 241 271 276 11mum
316 229 694 268 intromitterentur.
753 227 992 267 Meminisse
1033 232 1169 267 autem
1208 227 1470 275 debebimus,
1514 228 1555 266 id

162 286 409 324 uocabulum
440 296 523 324 non
560 294 726 333 semper
757 294 781 322 a
813 284 1025 323 ueteribus
1069 283 1341 333 scriptoribus
1372 283 1554 334 proprie,

161 342 236 380 sed
274 352 350 390 per
379 341 580 389 quasdam
615 339 907 379 translationes
946 350 1042 380 esse
1071 339 1242 387 dictum,
1274 350 1381 389 quae
1417 344 1554 379 tamen

159 397 214 435 ita
232 402 329 436 sunt
350 398 501 444 factae,
532 400 578 435 ut
598 396 648 434 ab
665 396 764 443 ista,
797 396 848 434 de
868 407 949 444 qua
966 395 1165 443 diximus,
1196 395 1451 445 proprietate
1470 406 1555 434 non

159 455 281 502 longe
301 452 571 500 desciuerint,
605 452 711 491 sicut
732 452 830 491 illud
852 452 891 490 in
917 456 1073 491 sexto
1091 450 1336 500 Vergilii:

215 519 543 558 Vestibulum
573 522 686 556 ante
717 517 880 567 ipsum
914 516 1205 567 primisque
1233 516 1280 555 in
1313 515 1554 555 faucibus

992 584 1098 612 orci

216 633 407 670 Luctus
435 635 485 669 et
510 630 731 669 ultrices
757 640 987 677 posuere
1013 628 1212 668 cubilia
1234 638 1412 667 curae:

105 710 241 748 12non
262 697 370 736 enim
393 696 676 735 ‘uestibulum’
696 696 875 745 priorem
897 701 1057 745 partem
1082 696 1232 735 domus
1248 693 1433 734 infernae
1459 705 1555 734 esse

159 753 267 801 dicit⁷
289 753 402 802 quod
424 753 629 801 obrepere
646 756 798 801 potest,
816 756 1027 801 tamquam
1045 752 1080 791 si
1097 751 1152 790 ita
1169 751 1340 798 dicatur,
1363 750 1439 790 sed
1463 751 1557 789 loca

160 811 241 849 duo
261 810 519 848 demonstrat
539 812 656 846 extra
682 807 769 847 orci
794 809 926 855 fores,
957 807 1261 847 ‘uestibulum’
1284 809 1325 845 et
1347 806 1553 853 ‘fauces’‚

160 878 210 905 ex
229 866 377 914 quibus
395 868 406 886 ‘
422 864 696 904 uestibulum’
721 865 901 914 appellat
923 868 1017 903 ante
1038 864 1173 913 ipsam
1191 862 1308 912 quasi
1326 862 1494 902 domum
1516 867 1557 900 et

160 927 253 960 ante
269 922 361 971 ipsa
377 921 463 960 orci
480 920 720 969 penetralia,
741 921 915 959 ‘fauces’
935 924 1070 959 autem
1088 923 1213 959 uocat
1228 918 1305 957 iter
1321 922 1554 967 angustum,

157 989 233 1027 per
256 978 368 1026 quod
387 978 438 1016 ad
455 976 705 1015 uestibulum
729 976 939 1015 adiretur’.

824 1088 893 1129 Vl.

157 1171 324 1215 Hostiae,
336 1182 431 1218 quae
443 1171 613 1207 dicuntur
622 1171 806 1215 bidentes,
820 1170 910 1217 quid
921 1171 992 1205 sint
1011 1174 1046 1204 et
1058 1178 1169 1215 quam
1188 1169 1235 1203 ob
1253 1177 1405 1203 causam
1421 1167 1471 1202 ita
1491 1177 1555 1212 ap-

216 1229 374 1274 pellatae
392 1228 485 1271 sint3
507 1238 694 1274 superque
711 1238 757 1262 ea
773 1238 813 1262 re
833 1227 871 1261 P.
883 1225 1023 1272 Nigidii
1039 1229 1075 1260 et
1084 1224 1165 1260 Iulii
1176 1223 1316 1269 Hygini
1332 1222 1554 1258 sententiae.

124 1326 142 1358 1
242 1313 482 1351 Redeuntes
506 1312 697 1358 Graecia,
728 1311 994 1350 Brundisium
1010 1321 1158 1349 nauem
1181 1307 1450 1348 aduertimus.
1496 1307 1554 1346 Ibi

163 1367 365 1416 quispiam
392 1367 554 1416 linguae
581 1367 748 1405 Latinae
770 1366 972 1414 lucrator,
1003 1367 1148 1414 Roma,
1167 1376 1190 1403 a
1209 1363 1469 1404 Brundisinis
1490 1373 1554 1402 ac-

122 1423 360 1470 2cersitus,
409 1422 709 1472 experiundum
737 1433 832 1461 sese
867 1422 992 1471 uulgo
1030 1422 1166 1460 dabat.
1227 1421 1337 1459 Imus
1372 1419 1424 1458 ad
1461 1430 1555 1458 eum

163 1490 240 1517 nos
267 1489 434 1527 quoque
453 1478 742 1517 oblectamenti
759 1477 900 1527 gratia,
934 1483 1021 1516 erat
1039 1477 1146 1515 enim
1164 1477 1301 1516 fessus
1324 1479 1448 1524 atque
1472 1476 1555 1513 lan-

126 1545 295 1583 3guens
321 1534 481 1573 animus
506 1535 557 1573 de
581 1539 699 1573 aestu
716 1534 853 1573 maris.
914 1533 1097 1582 Legebat
1126 1532 1302 1572 barbare
1323 1530 1554 1579 insciteque

161 1592 199 1628 V
215 1589 389 1639 erg-ilii
417 1601 505 1640 sep
522 1590 711 1637 timum,
739 1590 779 1628 in
803 1601 883 1639 quo
903 1589 1004 1628 libro
1023 1589 1088 1628 hic
1116 1599 1265 1628 uersus
1283 1592 1368 1627 est:

223 1657 428 1695 Centum
459 1656 724 1705 lanigeras
750 1655 1012 1694 mactabat
1040 1653 1144 1693 rite
1169 1651 1422 1698 bidentis,

125 1730 150 1762 4
167 1729 205 1761 et
229 1722 395 1761 iubebat
422 1733 569 1771 rogare
593 1733 660 1769 se,
693 1720 729 1760 si
752 1721 842 1770 quis
870 1719 967 1769 quid
990 1718 1171 1759 omnium
1195 1729 1331 1757 rerum
1356 1717 1480 1756 uellet
1497 1716 1552 1755 di-

127 1786 148 1818 5
168 1789 298 1817 scere.
359 1779 460 1816 Tum
486 1789 562 1826 ego
598 1776 753 1817 indocti
782 1776 958 1816 hominis
987 1773 1276 1814 confidentiam
1306 1771 1551 1811 demiratus:

168 1835 400 1885 ‘docesne',
422 1834 600 1882 inquam,
620 1836 727 1880 enos,
753 1834 960 1883 magister,
986 1842 1058 1870 cur
1075 1830 1296 1869 ‘bidentes’
1319 1827 1552 1867 dicantur?’

127 1897 149 1930 6
167 1893 177 1912 ³
194 1895 204 1912 ³
221 1890 447 1937 Bidentes'‚
477 1889 626 1939 inquit,
662 1892 673 1910 ³
688 1900 788 1928 oues
813 1889 1062 1938 appellatae,
1093 1885 1332 1933 idcircoque
1353 1883 1554 1933 lanige-

127 1951 149 1985 7
166 1957 250 1985 ras
282 1946 400 1993 dixit,
429 1950 473 1984 ut
503 1957 604 1984 oues
632 1945 793 1994 planius
823 1944 1164 1983 demonstraret’.
1219 1940 1467 1986 ‘Posthacss
1497 1939 1554 1977 in-

170 2013 303 2051 quam,
329 2001 590 2049 euidebimus,
620 2013 671 2040 an
696 2012 797 2040 oues
824 2001 950 2047 solae,
978 2004 1023 2038 ut
1043 2003 1086 2037 tu
1103 1997 1175 2045 ais,
1207 1996 1397 2035 bidentes
1418 1995 1554 2034 dican-

171 2065 233 2096 tur
269 2063 309 2095 et
342 2069 391 2096 an
434 2057 776 2106 Pomponius,
819 2057 1084 2095 atellanarum
1120 2057 1266 2103 poeta,
1309 2051 1348 2090 in
1385 2050 1552 2090 Gallis

168 2113 521 2163 transalpinis
547 2111 762 2160 errauerit,
796 2123 888 2151 cum
907 2112 987 2150 hoc
1010 2109 1192 2159 scripsit:

227 2176 488 2225 Mars,til›i
511 2190 673 2218 uoueo
701 2177 975 2224 facturum,
995 2176 1038 2216 si
1060 2186 1290 2225 umquam
1315 2172 1551 2221 redierit,
1600 2223 1604 2226 ι

225 2234 432 2272 Bidenti
463 2246 631 2281 uerre,
1321 2255 1326 2258 -
1580 2237 1587 2241 '
