1635 2492
105 0 178 30 Ἥ

0 0 104 120 ξιξ
233 34 241 41 ³
566 61 693 100 XVII.
719 70 855 100 xvim.
878 71 949 99 xx.
1390 57 1472 100 193

50 176 324 226 degenerem,
359 180 570 224 tamquam
599 174 641 214 in
673 185 748 214 uas
782 185 982 225 spurcum
1007 178 1132 238 atque
1157 174 1384 224 pollutum,
1413 173 1472 213 in-

0 283 2 285 ,
50 231 288 282 fluxissent,
317 232 438 280 uerti,
473 231 635 280 mutari,
664 230 876 281 corrumpi
899 235 952 279 et,
983 231 1096 281 quod
1116 231 1209 281 ipse
1230 225 1472 270 κυνικώτε-

50 301 137 343 ρον
152 288 229 338 ait,
256 288 416 329 urinam
435 288 526 328 fieri
550 293 622 328 aut
639 288 675 328 si
696 288 795 338 quid
814 292 880 327 est
898 287 1018 327 urina
1038 287 1249 338 spulcius.

136 346 360 386 Praeterea
380 346 491 386 idem
507 345 574 386 ille
589 345 891 396 Epictetus,
926 345 1042 395 quod
1060 356 1112 384 ex
1136 345 1287 385 eodem
1305 345 1472 384 Fauo·
1488 342 1511 376 5

0 402 9 452 ξ
50 403 167 444 rino
191 402 452 452 audiuimuS,
485 402 635 444 solitus
665 402 805 441 dicere
838 407 922 449 est,
961 402 1044 441 duo
1074 413 1171 441 esse
1204 401 1302 440 uitia
1340 403 1469 441 multo

53 459 238 501 omnium
266 436 517 510 grauissima
537 471 585 499 ac
606 458 863 505 taeterrima,
895 458 1200 498 intolerantiam
1235 464 1275 497 et
1298 458 1472 498 inconti-

51 516 255 566 nentiam,
284 528 379 557 curn
402 522 474 557 aut
503 516 690 563 iniurias,
725 526 831 565 quae
850 520 947 555 sunt
965 516 1181 562 ferendae,
1216 527 1300 554 non
1321 516 1472 554 tolera-

53 585 146 614 mus
164 585 304 624 neque
329 573 520 622 serimus,
553 578 624 613 aut
641 584 665 611 a
684 573 835 622 quibus
852 573 977 612 rebus
999 572 1373 622 uoluptatibusque
1390 583 1469 611 nos

51 636 198 671 tenere
229 631 451 679 debemus,
486 643 570 672 non
593 636 799 670 tenemus.
863 630 1064 680 ‘Itaque',
1097 629 1251 679 inquit,
1281 629 1345 668 esi
1377 625 1509 678 quisfi

54 688 157 727 haec
175 688 259 728 duo
282 689 412 728 uerba
430 688 550 728 cordi
570 688 721 726 habeat
739 698 872 735 eaque
899 686 976 726 sibi
992 687 1238 736 imperando
1258 691 1383 735 atque
1402 687 1472 726 ob-

54 745 266 785 seruando
286 750 425 793 curet,
456 745 491 786 is
509 745 587 785 erit
604 745 808 795 pleraque
833 743 1102 793 inpeccabilis
1121 743 1335 808 uitamque
1357 743 1472 782 uiuet

55 802 455 867 tranquillissimam.
523 801 666 841 Verba
701 801 805 840 haec
839 800 920 840 duo
954 801 1136 840 dicebat:
1181 793 1397 851 ςἀι.ε”χου
1432 804 1473 839 et

55 861 68 880 ‘
82 852 251 911 ἀπέχου
261 863 275 880 ’
286 863 314 898 '.

716 973 806 1013 XX.

55 1061 183 1097 Verba
204 1066 353 1109 sumpta
370 1073 417 1097 ex
443 1062 639 1109 symposio
656 1062 844 1105 Platonis,
871 1061 1036 1096 numeris
1055 1061 1364 1107 coagmentisque
1389 1070 1474 1095 uer-

113 1119 247 1154 borum
271 1119 366 1154 scite
390 1119 656 1165 modulateque
681 1123 843 1164 apteque
869 1117 1072 1152 exercendi
1102 1118 1223 1164 gratia
1250 1118 1287 1152 in
1304 1117 1473 1152 Latinam

114 1175 323 1210 orationem
348 1186 476 1211 uersa.

0 1269 4 1298 ‚¹
144 1256 474 1307 Symposium
506 1256 745 1296 Platonis
781 1257 893 1306 apud
926 1255 1223 1306 philosophum
1256 1255 1512 1294 Tauruml

57 1313 287 1363 legebatur.
349 1314 491 1353 Verba
522 1313 590 1352 illa
611 1313 898 1352 Pausaniae
926 1313 1032 1351 inter
1058 1312 1260 1351 conuiuas
1288 1312 1512 1351 amorem?-

57 1369 150 1410 uice
172 1380 251 1410 sua
277 1370 505 1418 laudantis,
536 1381 585 1409 ea
610 1370 740 1409 uerba
761 1370 817 1408 ita
846 1382 1011 1409 rursum
1045 1369 1295 1416 amauimus,
1325 1373 1369 1407 ut
1392 1380 1474 1407 me-

0 1462 2 1466 ,
56 1425 230 1468 minisse
260 1427 384 1467 etiam
409 1427 711 1467 studuerimus.
775 1426 880 1467 Sunt
902 1427 1032 1474 adeo,
1060 1437 1172 1495 ’quae
1196 1425 1473 1492 meminimus,
1491 1425 1513 1460 3

0 1493 5 1537 ,’
57 1483 190 1523 uerba
219 1483 344 1523 haee:
379 1484 532 1524 Πᾶσα
563 1479 665 1536 γὰρ
693 1482 892 1534 πρᾶξις
921 1481 1024 1522 ὠδε
1052 1482 1180 1547 ἔχει
1217 1477 1353 1534 αὐτὴ
1386 1476 1470 1534 ἐφ’

57 1533 242 1606 αὐτῆς
282 1538 664 1606 πραττομένη,
708 1536 838 1580 ου’τε
888 1535 1023 1605 καλὴ
1073 1533 1202 1579 οὔτε
1250 1535 1473 1603 αἰσχρά·

58 1587 231 1637 οἶον
214 1591 242 1637 ο“
271 1596 378 1636 νῦν
417 1591 580 1650 ἡμεῖς
617 1598 920 1663 ποιοῦμεν,
959 1589 987 1649 ἢ
1028 1596 1216 1637 πίνειν
1250 1589 1274 1647 ἢ
1315 1590 1476 1635 ἅδειν

57 1646 87 1706 ἢ
111 1651 506 1720 διαλέγεσθαι
571 1648 687 1694 Οὐκ
727 1653 842 1693 ἔστι
884 1651 1107 1693 τούτων
1148 1647 1282 1692 αὐτὸ
1322 1638 1472 1700 [καθ’

60 1703 222 1759 αὐτὸ]
260 1705 436 1751 καλὸν
473 1704 666 1759 οὐδέν,
705 1705 822 1750 ἀλλ’
858 1708 916 1750 ἐν
951 1711 1011 1764 τῇ
1044 1706 1263 1761 πράξει,
1303 1704 1370 1757 ὡς
1410 1702 1476 1748 ἂν

59 1767 303 1821 πραχθῇ,
326 1768 595 1807 τοιοῦτον
622 1761 823 1831 ἀπέβη·
850 1768 1026 1815 καλῶς
1053 1763 1153 1820 μὲν
1179 1763 1281 1830 γὰρ
1309 1779 1475 1817 πρατ-

58 1835 303 1892 τομενον
324 1821 419 1864 και
448 1818 655 1893 ὀρθῶς,
688 1819 861 1864 καλὸν
887 1824 1168 1889 γίγνεται,
1194 1819 1274 1890 μὴ
1291 1818 1477 1872 ὀρθῶς

61 1876 140 1929 δὲ,
167 1875 425 1933 αἰσχρόν·
458 1894 600 1921 ουτω
636 1876 701 1932 δὴ
734 1879 823 1921 καὶ
854 1876 913 1921 τὸ
948 1879 1103 1934 ἐρᾶν,
1137 1878 1229 1921 καὶ
1255 1874 1279 1920 ὁ
1302 1874 1475 1931 ’Έρως

61 1931 125 1977 οὐ
156 1937 260 1985 πᾶς
285 1935 443 1978 ἐστιν
467 1933 633 1986 καλὸς
656 1933 788 1978 οὐδὲ
820 1932 974 1987 ἄξιος
1003 1934 1474 1991 ἐγκωμιάζεσθαι,

61 1986 178 2034 ἀλλ’
210 1987 235 2034 ὁ
265 1994 446 2043 καλῶς
480 1993 816 2047 προτρέπων
849 1993 990 2046 ἐρᾶν.

143 2052 260 2091 Haec
274 2053 404 2091 uerba
418 2052 488 2092 ubi
504 2054 612 2092 lecta
632 2057 740 2100 sunt
760 2057 884 2116 atque
900 2052 956 2091 ibi
971 2053 1037 2092 Ta
1048 2064 1166 2093 urus
1183 2051 1300 2091 mihi:
1321 2051 1473 2096 ‘heus’‚
1492 2058 1517 2092 4

60 2107 214 2158 lnquit,
245 2110 338 2160 (ω,
369 2109 623 2157 rhetorisce‚
656 2132 713 2138 —
743 2109 802 2149 sie
822 2108 928 2148 enim
952 2121 1018 2149 me
1038 2110 1078 2149 in
1102 2108 1305 2159 principio
1325 2117 1474 2146 reeens

59 2163 337 2204 indiatribam
355 2171 576 2216 acceptum
597 2166 879 2216 appellitabat,
909 2167 1175 2213 existimans,
1210 2163 1475 2214 eloquentiae

60 2222 185 2262 unius
202 2221 498 2262 extundendae
520 2223 655 2273 gratia
674 2223 863 2262 Athenas
879 2223 1072 2270 uenisse,
1103 2245 1160 2250 —
1180 2221 1396 2268 uidesne',
1417 2219 1476 2258 in·

62 2278 169 2374 (ῃιίἑ,
201 2274 470 2374 εεένὲἷιύμημικ
494 2280 686 2319 crebrum
714 2284 753 2319 et
772 2290 995 2320 coruscum
1024 2284 1064 2319 et
1082 2290 1321 2376 conutiigum
1340 2276 1476 2316 breui·

150 2347 276 2373 ssmvs
330 2365 340 2374 .
