1619 2476
106 20 162 61 36
657 21 724 60 XI.
752 33 791 59 v.
809 31 866 59 vr.
889 31 960 59 v11.

106 136 145 173 A
158 133 422 180 cademici‚
457 133 622 172 differre
648 138 783 172 tamen
804 132 910 172 inter
927 142 1023 172 sese
1042 136 1082 172 et
1097 136 1271 182 propter
1285 130 1363 171 alia
1384 141 1508 181 quae-

108 191 202 229 dam
225 196 264 229 et
285 191 352 229 uel
370 189 544 228 maxime
561 193 785 239 propterea
803 187 1023 228 existimati
1039 193 1147 236 sunt,
1173 187 1287 238 quod
1302 188 1480 227 Acade
1494 210 1508 215 -

107 246 222 285 mici
254 245 419 295 quidem
450 245 586 295 ipsum
618 245 717 284 illud
746 244 843 284 nihil
874 255 1004 294 posse
1035 243 1353 295 comprehendi,
1388 242 1510 294 quasi

108 302 484 351 comprehendunt,
522 306 562 341 et
588 301 684 341 nihil
718 312 848 351 posse
881 300 1068 349 decerni,
1108 299 1227 351 quasi
1264 300 1506 347 decernunt,

105 357 347 408 Pyrronii
387 368 437 397 ne
467 358 507 397 id
535 358 701 408 quidem
740 358 822 397 ullo
856 362 979 408 pacto
1014 368 1157 398 uerum
1191 355 1325 396 uideri
1352 356 1506 403 dicunt,

109 415 220 464 quod
243 414 339 453 nihil
362 425 457 454 esse
474 425 619 454 uerum
643 414 820 454 uidetur.

776 527 843 568 Vl.

107 607 216 651 Quod
243 608 418 644 mulieres
450 608 591 645 Romae
615 620 680 656 per
715 609 909 645 Herculem
948 619 1022 644 non
1049 607 1257 645 iurauerint
1295 617 1416 655 neque
1439 608 1510 644 uiri

661 676 728 712 per
751 664 958 701 Castorem.

70 763 89 795 1
192 753 235 790 In
258 751 467 791 ueteribus
490 752 653 792 scribtis
681 763 817 802 neque
843 751 1036 792 mulieres
1063 752 1276 792 Romanae
1305 762 1382 802 per
1407 751 1505 790 Her-

68 818 91 851 2
109 809 240 847 culem
258 808 447 848 deiurant
472 820 607 858 neque
630 809 707 848 uiri
731 819 806 859 per
824 810 1050 848 Castorem.
1112 807 1196 848 Sed
1218 819 1291 848 cur
1306 807 1399 847 illae
1424 818 1506 848 non

107 864 333 904 iurauerint
363 865 601 914 Herculem,
629 877 711 905 non
744 865 968 905 obscurum
999 868 1083 903 est:
1121 875 1214 903 nam
1243 864 1504 904 Herculaneo

67 928 89 963 3
108 920 310 961 sacrificio
337 921 557 961 abstinent.
620 923 698 962 Cur
715 926 851 962 autem
874 920 950 961 uiri
974 922 1186 961 Castorem
1206 920 1391 960 iurantes
1423 930 1507 959 non

108 977 429 1028 appellauerint,
472 988 553 1017 non
585 978 702 1018 facile
733 978 842 1018 dictu
875 982 951 1018 est.
1012 978 1224 1026 Nusquam
1256 975 1380 1027 igitur
1410 975 1507 1015 scri-

109 1039 222 1084 ptum
244 1034 430 1074 inuenire
453 1041 517 1074 est
535 1035 646 1085 apud
666 1035 842 1074 idoneos
869 1034 1035 1084 quidem
1058 1032 1300 1083 scriptores,
1333 1036 1403 1072 aut
1419 1036 1510 1071 ‘me

70 1097 93 1132 4
110 1091 262 1130 hercle'
282 1091 474 1131 seminam
492 1091 641 1140 dicere,
672 1096 744 1132 aut
765 1096 847 1130 ‘ine
865 1093 1020 1130 castor'
1039 1089 1186 1130 uirum.
1219 1089 1415 1140 ‘Edepol’
1438 1099 1510 1127 au-

110 1151 203 1194 tem,
234 1147 346 1197 quod
367 1147 651 1188 iusiurandum
670 1159 744 1198 per
761 1148 971 1187 Pollucem
988 1151 1065 1195 est,
1097 1151 1139 1185 et
1158 1144 1249 1186 uiro
1272 1150 1314 1186 et
1331 1144 1508 1186 feminae

71 1210 92 1244 5
111 1213 330 1244 commune
350 1210 427 1244 est.
490 1204 574 1244 Sed
597 1206 649 1244 M.
672 1205 835 1244 Varro
859 1204 1100 1251 adseuerat,
1124 1201 1435 1252 antiquissimos
1452 1201 1509 1242 ui-

107 1270 178 1300 ros
196 1271 333 1309 neque
350 1272 424 1311 per
444 1262 655 1301 Castorem
674 1272 809 1310 neque
825 1272 901 1310 per
910 1260 1120 1300 Pollucem
1139 1258 1329 1298 deiurare
1345 1257 1508 1305 solitos,

110 1316 187 1355 sed
206 1315 246 1355 id
271 1316 552 1356 iusiurandum
576 1317 706 1356 fuisse
729 1322 885 1355 tantum
909 1315 1151 1355 feminarum
1174 1325 1226 1354 ex
1250 1313 1373 1354 initiis
1390 1314 1511 1354 Eleu-

67 1378 89 1414 6
107 1371 208 1412 sinis
235 1378 475 1422 acceptum;
509 1372 703 1422 paulatim
719 1377 875 1419 tamen,
906 1370 1069 1411 inscitia
1086 1369 1362 1419 antiquitatis,
1393 1369 1510 1410 uiros

111 1427 250 1467 dicere
273 1429 472 1479 ‘edepol’
498 1428 690 1478 coepisse
708 1430 944 1477 factumque
961 1438 1058 1467 esse
1077 1426 1132 1466 ita
1156 1426 1319 1466 dicendi
1340 1436 1509 1474 morem,

110 1485 186 1523 sed
201 1487 284 1524 eme
300 1488 454 1525 castor’
473 1497 496 1524 a
512 1485 601 1525 uiro
622 1484 719 1532 dici,
755 1484 794 1524 in
817 1485 928 1523 nullo
950 1489 1093 1523 uetere
1110 1482 1267 1533 scripto
1285 1481 1475 1523 inueniri.

768 1597 855 1637 Vll.

124 1679 261 1715 Verbis
287 1676 558 1723 antiquissimis
580 1676 794 1722 relictisque
817 1676 887 1711 iam
913 1677 949 1710 et
966 1673 1098 1710 desitis
1119 1673 1271 1709 minime
1293 1671 1485 1709 utendum.

76 1774 95 1806 1
198 1763 347 1804 Verbis
371 1762 429 1803 uti
445 1768 515 1803 aut
534 1763 652 1803 nimis
671 1761 872 1803 obsoletis
891 1759 1201 1809 exculcatisque
1218 1763 1289 1798 aut
1303 1758 1513 1800 insolenti-

111 1822 188 1861 bus
206 1820 486 1869 nouitatisque
504 1820 633 1859 durae
655 1824 696 1859 et
719 1818 926 1868 inlepidae
941 1849 950 1866 ,
976 1828 1052 1867 par
1070 1826 1166 1856 esse
1182 1814 1377 1856 delictum
1397 1815 1513 1856 uide-

100 1883 190 1918 tur.
219 1878 304 1918 Sed
319 1875 535 1916 molestius
554 1875 746 1926 equidem
763 1873 1054 1925 culpatiusque
1070 1883 1167 1912 esse
1184 1871 1375 1925 arbitror,
1385 1872 1516 1914 uerba

114 1944 237 1982 noua,
263 1932 485 1983 incognita,
516 1932 700 1973 inaudita
718 1931 870 1979 dicere,
907 1940 1030 1980 quam
1046 1928 1257 1978 inuolgata
1282 1932 1323 1968 et
1342 1928 1515 1969 sorden-

75 1997 97 2031 2
113 1989 181 2030 tia.
241 1991 360 2032 Noua
385 1994 521 2029 autem
546 1989 678 2029 uideri
701 1987 794 2028 dico
816 1987 935 2027 etiam
958 1997 1028 2035 ea,
1062 1995 1168 2035 quae
1192 1989 1289 2024 sunt
1322 1985 1517 2025 inusitata

74 2051 97 2086 3
115 2051 155 2086 et
180 2046 332 2094 desita,
366 2045 444 2086 etsi
467 2051 563 2085 sunt
579 2049 759 2085 uetusta.
820 2045 895 2084 Est
915 2043 1021 2083 adeo
1043 2041 1086 2082 id
1106 2040 1250 2082 uitium
1268 2043 1514 2092 plerumque

117 2113 237 2142 serae
269 2102 530 2150 eruditionis,
567 2113 689 2152 quam
711 2100 856 2141 Graeci
881 2093 1181 2151 (ὀψιμαθίαν
1212 2099 1441 2148 appellant,
1473 2101 1517 2137 ut

118 2159 232 2206 quod
252 2170 476 2209 numquam
498 2157 712 2207 didiceris,
745 2157 814 2197 diu
839 2155 1117 2207 ignoraueris,
1151 2165 1244 2194 cum
1261 2153 1302 2194 id
1318 2153 1426 2195 scire
1447 2153 1516 2193 ali·

117 2215 283 2262 quando
311 2215 522 2266 coeperis,
551 2213 688 2265 magni
708 2213 834 2254 facias
857 2224 938 2264 quo
967 2212 1007 2252 in
1039 2213 1132 2253 loco
1155 2221 1333 2262 cumque
1354 2214 1396 2251 et
1417 2221 1513 2261 qua-
