1603 2508
0 0 164 65 §mem

6 68 19 84 ι’
52 66 55 71 '
94 54 111 70 Ι.

589 60 868 108 V11.(V1.)x1.
883 71 953 99 xu.
1070 100 1074 101 ⁷
1388 55 1472 99 223

730 173 799 213 Xl.

6 282 10 283 γ
55 256 184 294 Verba
208 268 257 293 ex
277 257 449 293 oratione
468 257 512 301 Q.
530 256 671 292 Metelli
690 255 900 300 Numidici,
925 266 1022 302 quae
1041 256 1146 292 libuit
1162 256 1402 299 meminisse,
1422 254 1472 291 ad

257 313 424 350 officium
449 314 648 362 grauitatis
666 313 934 360 dignitatisque
958 313 1058 349 uitae
1077 312 1269 349 ducentia.

141 402 242 442 Cum
263 401 607 453 inquinatissimis
631 400 867 442 hominibus
894 410 978 439 non
1002 409 1098 439 esse
1127 399 1310 440 conuitio
1331 401 1472 441 decer·
1491 407 1511 441 1

53 459 225 498 tandum
241 470 379 509 neque
396 459 437 498 in
455 458 684 498 maledictis
699 459 925 497 aduersum
942 456 1193 506 inpudentes
1212 463 1252 496 et
1267 457 1470 507 inprobos

53 515 322 564 uelitandum‚
348 516 444 566 quia
464 515 669 566 tantisper
686 515 828 555 similis
847 519 886 554 et
905 524 1078 563 compar
1093 524 1238 553 eorum
1262 514 1352 562 fias,
1372 515 1470 555 dum

53 572 172 623 paria
195 577 238 612 et
263 573 495 613 consimilia
526 573 640 612 dicas
662 577 786 622 atque
807 570 973 618 audias,
999 581 1082 610 non
1109 569 1244 611 minus
1269 582 1320 610 ex
1354 583 1469 612 ora-

53 629 198 669 tione
240 630 286 680 Q.
325 630 529 670 Metelli
571 629 855 676 Numidici,
900 627 1100 677 sapientis
1119 626 1219 676 uiri,
1267 628 1470 678 cognosci

52 691 208 737 potest,
243 698 366 737 quam
388 698 439 726 ex
462 686 576 726 libris
596 691 636 726 et
653 685 882 736 disciplinis
902 684 1267 734 philosophorum.
1329 687 1470 725 Verba
1486 690 1508 724 2

52 743 157 783 haec
183 749 281 783 sunt
312 743 512 784 Metelli
545 743 807 783 aduersus
835 743 875 782 C.
902 741 1168 789 Manlium,
1200 742 1469 782 tribunum

55 800 195 850 plebi
210 812 250 849 5,
273 811 297 839 a
315 812 398 850 quo
417 801 529 852 apud
546 802 747 850 populum
766 800 805 839 in
825 798 1020 839 contione
1039 798 1260 839 lacessitus
1276 799 1468 840 iactatus-

54 868 135 907 que
153 859 288 897 fuerat
302 857 422 897 dictis
438 857 743 908 petulantibus:
767 858 906 896 Nunc
924 867 1022 905 quo
1039 855 1064 893 d
1091 855 1152 894 ad
1177 855 1323 896 illum
1349 856 1467 896 atti·
1486 858 1509 894 3

53 919 159 963 net,
192 913 444 964 Quirites,
469 914 717 964 quoniam
742 926 796 953 se
823 912 1128 963 ampliorem
1154 918 1300 963 putat
1324 924 1465 961 esse,

53 970 96 1010 si
127 982 181 1011 se
218 970 340 1010 mihi
386 971 646 1011 inimicum
689 970 977 1016 dictitarit,
1025 980 1173 1019 quem
1213 981 1306 1020 ego
1346 969 1467 1009 mihi

52 1030 222 1078 ne'que
246 1028 464 1068 amicum
491 1028 691 1078 recipio
718 1038 886 1078 neque
920 1026 1184 1066 inimicum
1207 1027 1464 1077 respicio,

53 1085 101 1123 in
127 1095 239 1124 eum
265 1096 361 1135 ego
387 1097 486 1126 non
511 1097 618 1125 sum
643 1086 797 1135 plura
820 1084 1074 1123 dicturus.
1118 1084 1233 1123 Nam
1261 1095 1368 1124 cum
1393 1084 1465 1123 in-

55 1140 418 1191 dignissimum
443 1142 691 1189 arbitror,
716 1141 794 1181 cui
821 1152 844 1179 a
867 1140 996 1180 uiris
1020 1140 1170 1180 bonis
1192 1141 1466 1180 benedica-

50 1203 158 1246 tur,
180 1203 280 1238 tum
303 1210 364 1238 ne
388 1199 630 1239 idoneum
655 1199 878 1248 quidem,
903 1197 984 1237 cui
1006 1209 1029 1236 a
1054 1197 1232 1248 probis
1258 1197 1467 1237 maledi-

54 1259 216 1294 catur.
248 1256 362 1295 Nam
387 1256 429 1295 si
454 1255 500 1295 in
524 1267 581 1296 eo
605 1262 838 1305 tempore
863 1254 1159 1294 huiusmodi
1184 1255 1467 1294 homuncu-

53 1313 160 1352 lum
187 1312 447 1361 nomines,
480 1313 526 1352 in
558 1323 656 1362 quo
683 1312 866 1362 punire
891 1323 992 1351 non
1016 1312 1221 1362 possis,
1262 1311 1462 1352 maiore

3 1387 6 1391 ’
55 1368 256 1409 honore
280 1380 424 1419 quam
450 1369 768 1410 contumelia
790 1368 1028 1408 adficias.

709 1483 797 1522 XII.

0 1570 26 1609 Q.
54 1561 165 1608 Quod
195 1573 317 1610 neque
349 1567 631 1606 testamentum,
666 1563 773 1598 sicuti
807 1561 963 1599 Seruius
999 1561 1188 1609 Sulpicius
1224 1563 1463 1604 existimauit,

0 1626 26 1643 Α
110 1630 234 1666 neque
261 1621 460 1664 sacellum,
484 1620 592 1656 sicuti
617 1618 657 1656 C.
679 1619 897 1662 Trebatius,
924 1618 1089 1665 duplicia
1113 1621 1230 1655 uerba
1256 1624 1361 1662 sunt,
1394 1618 1465 1654 sed

4 1684 40 1722 'ff
110 1686 132 1712 a
157 1678 354 1714 testatione
371 1676 598 1725 productum
615 1676 826 1722 [altcrum]‚
851 1677 1007 1711 alterum
1030 1687 1051 1711 a
1080 1687 1188 1712 sacro
1215 1676 1464 1711 imminutum.

8 1791 11 1797 ,
137 1758 355 1800 Seruius
394 1761 671 1812 Sulpicius
715 1760 1046 1807 iureconsultUS,
1085 1759 1148 1799 uir
1180 1759 1326 1798 aetatis
1365 1770 1500 1804 suael

54 1814 344 1866 doctissimus,
397 1818 444 1858 in
491 1819 626 1858 libro
674 1818 735 1857 de
774 1817 948 1856 sacris
987 1816 1335 1856 detestandis
1373 1829 1465 1858 se·

0 1904 6 1922 ,γ
55 1873 227 1914 cundo
247 1906 256 1922 ,
281 1886 364 1924 qua
384 1874 545 1915 ratione
569 1876 775 1914 adductus
797 1875 1126 1913 ‘testamentum'
1159 1874 1336 1913 uerbum
1368 1886 1465 1916 6556

7 1955 10 1958 Δ
53 1927 210 1980 duplex
229 1931 457 1982 scripserit,
480 1944 563 1972 non
585 1931 764 1982 reperio.
826 1932 927 1971 Nam
946 1929 1226 1980 compositum
1245 1941 1341 1970 esse
1363 1931 1465 1972 dixit
1479 1938 1502 1972 2

53 1995 79 2025 a
108 1986 256 2028 mentis
283 1989 603 2030 contestatione.
666 1988 772 2038 Quid
805 1987 928 2038 igitur
959 1987 1502 2038 ε61116151111611111111’,(1111(13,

55 2043 457 2094 ‘paludamentum'‚
483 2046 620 2096 quid
634 2046 958 2096 pauimentum',
987 2044 1085 2094 quid
1104 2044 1462 2093 ‘uestimentum',

2 2115 14 2126 ·=
55 2098 155 2149 quid
179 2100 258 2141 alia
281 2102 389 2142 mille
415 2113 490 2153 per
514 2102 804 2143 huiuscemodi
832 2102 1005 2141 somnam
1037 2102 1262 2151 producta,
1287 2101 1464 2142 etiamne

5 2160 31 2195 ³¹⁶
51 2154 136 2196 ista
165 2157 303 2198 omnia
333 2159 567 2224 composita
597 2159 812 2199 dicemus?
852 2157 1101 2222 Obrepsisse
1130 2163 1268 2198 autem
1299 2158 1503 2200 uidetur-1

27 2255 31 2259 ,
32 2210 275 2263 ‘'Seruio,
296 2217 365 2256 uel
387 2217 420 2256 si
445 2216 537 2266 quis
564 2222 647 2265 est,
682 2215 751 2266 qui
782 2215 823 2254 id
854 2215 969 2265 prior
992 2215 1116 2255 dixit
1150 2215 1255 2254 falsa
1281 2215 1461 2265 quidem,

57 2268 134 2308 sed
149 2280 234 2310 non
257 2271 488 2312 abhorrens
507 2284 644 2323 neque
669 2272 917 2312 inconcinna
941 2271 1059 2322 quasi
1083 2257 1231 2312 mentis
1258 2273 1460 2322 quaedam
