1635 2492
4 154 31 187 z'ej

4 192 29 203 ⁸&

645 47 733 88 XII.
760 59 868 89 x1111.
897 60 968 88 xv,
1457 49 1513 91 69

96 161 232 204 uideri
260 175 290 204 u
314 161 434 202 litera
461 161 599 202 media
621 160 791 202 extrita:
829 162 1053 202 ‘salutem'
1078 162 1188 203 enim
1225 170 1322 204 ante
1344 164 1511 212 dictum,

99 220 213 271 quod
228 231 310 262 nos
330 219 513 260 ‘saltem’
533 218 782 259 diceremus.
813 219 929 258 ‘Nam
947 230 1040 260 cum
1058 219 1137 260 alia
1160 222 1365 271 quaedam
1382 222 1514 273 petita

97 283 140 318 et
160 288 245 318 non
261 276 480 328 impetrata
500 280 609 324 sunt,
627 280 714 315 tum
730 276 948 323 solemus’‚
965 276 1111 326 inquit,
1125 278 1264 327 ‘quasi
1281 284 1512 319 extremum

96 333 252 385 aliquid
271 332 454 385 petituri,
478 333 592 383 quod
612 331 756 383 negari
771 332 937 372 minime
960 333 1124 381 debeat,
1152 334 1294 376 dicere
1316 336 1415 376 ‘hoc
1433 337 1511 376 sal-

94 397 178 432 tem
199 390 291 432 fieri
307 396 379 432 aut
394 390 484 430 dari
499 392 728 442 oportere',
759 394 973 440 tamquam
992 391 1169 431 salutem
1190 398 1409 442 postremo
1442 404 1512 443 pe-

93 453 256 496 tentes,
286 459 411 499 quam
444 446 657 498 impetrari
689 451 802 487 certe
825 452 865 487 et
895 446 1076 498 optineri
1096 448 1151 488 sit
1179 449 1510 499 aequissimum’.

42 500 45 501 ⁷
95 506 182 546 Sed
198 506 280 546 hoc
296 505 438 545 itidem
458 516 543 545 non
561 503 743 555 inlepide
762 503 929 554 quidem
947 504 1100 553 fictum,
1119 505 1239 546 nimis
1259 511 1397 546 tamen
1416 517 1514 547 esse
1529 515 1551 552 7

93 562 261 603 uidetur
303 560 649 603 commenticium.
721 561 969 601 Censuimus
1009 562 1134 612 igitur
1172 562 1349 614 amplius
1388 574 1513 616 quae-

94 619 286 661 rendum.

754 696 846 737 XV.

97 769 208 816 Quod
229 768 394 807 Sisenna
421 772 459 806 in
489 770 594 807 libris
616 768 861 806 historiarum
882 769 1060 806 aduerbis
1082 769 1350 807 huiuscemodi
1377 783 1512 821 saepe-

268 838 426 864 numero
448 838 542 864 usus
568 831 644 862 est:
678 826 847 870 celatim,
879 827 1106 871 uellicatim‚
1137 828 1337 864 saltuatim.

169 905 270 944 Cum
287 903 567 945 lectitaremus
585 902 664 943 his
678 908 727 943 to
741 902 867 942 riam
884 902 966 944 Sis
978 914 1036 944 en
1050 915 1144 944 nae
1161 905 1350 952 adsidue,
1369 906 1509 947 huius·
1529 923 1549 956 1

97 960 262 1002 cemodi
293 960 452 1011 figurae
484 960 685 1001 aduerbia
722 959 761 999 in
789 959 978 1000 oratione
1009 961 1099 1001 eius
1128 962 1509 1010 animaduertimus‚

96 1017 278 1059 cuimodi
308 1022 406 1058 sunt
432 1018 555 1057 haec:
589 1017 792 1063 ‘cursim',
825 1017 1128 1068 ‘properatim’‚
1164 1019 1375 1068 ecelatirn’‚
1410 1023 1511 1061 ‘uel-

99 1074 551 1123 licatim’,‘saltuatim'.
582 1074 646 1113 Ex
664 1074 814 1123 quibus
834 1073 917 1113 duo
936 1074 1080 1124 prima,
1104 1075 1200 1127 quia
1217 1081 1315 1116 sunt
1331 1077 1508 1125 notiora,
1527 1093 1550 1127 2

97 1130 301 1182 exemplis
330 1142 415 1172 non
446 1130 710 1181 indigebant,
735 1129 895 1182 reliqua
918 1130 958 1170 in
983 1131 1327 1173 historiarum
1358 1140 1510 1175 sexto

96 1187 462 1228 sicscribtasunt:
509 1188 661 1237 Quam
699 1187 916 1227 maxime
949 1188 1157 1228 celatim
1190 1195 1424 1240 poterat,
1462 1191 1511 1231 in

94 1243 315 1285 insidiis
351 1256 476 1285 suos
507 1243 758 1294 disponit.
812 1245 913 1283 Item
949 1244 1028 1285 alio
1053 1245 1093 1284 in
1119 1247 1239 1286 loco:
1280 1248 1383 1288 Nos
1413 1260 1513 1288 una

95 1306 300 1342 aestate
329 1300 378 1341 in
414 1300 543 1342 Asia
572 1305 621 1340 et
650 1301 874 1341 Graecia
911 1307 1066 1351 gesta
1100 1302 1273 1343 literis
1309 1303 1510 1346 idcirco

94 1356 837 1405 continentiamandauimus,
867 1369 927 1398 ne
957 1358 1250 1399 uellicatim
1281 1366 1367 1400 aut
1399 1363 1512 1401 sal-

92 1413 280 1455 tuatim
301 1414 592 1455 scribendo
616 1414 874 1455 lectorum
895 1414 1094 1456 animos
1120 1416 1509 1467 impediremus.

34 2410 73 2492 [fit-U
43 2392 45 2397 ⁴
