1635 2492
653 39 800 79 XVIII.
825 34 905 78 11'11.
1405 35 1488 78 205

735 152 808 193 1111

10 280 17 286 ⁶
73 237 185 284 Quod
216 236 408 285 Sulpicius
431 236 663 285 Apollinaris
687 236 975 284 praedicantem
999 235 1209 284 quendam,
1244 248 1265 273 a
1299 248 1386 274 sese
1412 248 1486 275 uno

9 290 41 302 ‘²
128 294 285 333 Sallusti
305 294 484 332 historias
508 293 699 341 intellegi,
729 293 857 330 inlusit
882 295 1105 341 quaestione
1137 295 1354 342 proposita,
1395 294 1488 342 quid

127 352 246 388 uerba
262 351 334 388 ista
350 351 454 399 apud
474 350 693 389 Sallustium
712 351 992 399 significarent:
1026 352 1221 395 incertum,
1246 351 1420 388 stolidior
1438 363 1487 388 an

131 419 276 447 uanior.

159 500 259 540 Cum
286 497 367 539 iam
399 498 703 539 adulescentuli
733 500 891 540 Romae
920 504 1180 550 praetextam
1212 504 1252 538 et
1285 499 1521 548 puerileml

73 561 214 607 togam
237 560 518 596 mutassemus
541 555 851 606 magistrosque
872 562 969 596 tunc
997 556 1119 596 nobis
1147 555 1392 605 nosmetipsi
1417 568 1486 596 ex-

73 611 325 664 ploratiores
363 623 680 662 quaereremus,
718 613 756 652 in
786 613 1046 654 Sandaliario
1080 614 1186 653 forte
1219 613 1331 663 apud
1366 613 1485 652 libra-

71 670 158 710 rios
191 669 364 718 fuimus,
397 680 490 709 cum
513 669 568 709 ibi
592 670 631 709 in
656 671 878 711 multorum
905 670 1118 710 hominum
1144 674 1267 709 coetu
1285 670 1486 719 Apolli-

72 725 219 767 naris
246 725 539 776 Sulpicius,
567 727 631 766 uir
646 727 686 766 in
711 727 911 767 memoria
937 732 1082 767 nostra
1100 731 1267 776 praeter
1290 726 1393 766 alios
1413 727 1486 767 do—

74 789 186 831 ctus,
209 783 453 824 iactatorem
473 784 707 834 quempiam
733 789 773 824 et
791 784 1094 824 uenditatorem
1118 783 1144 823 S
1158 783 1412 824 allustian
1427 794 1484 823 ae

71 839 263 881 lectionis
279 839 414 880 inrisit
434 840 659 891 inlusitque
676 852 831 891 genere
853 842 920 881 illo
944 840 1223 880 facetissimae
1247 839 1479 880 dissimula-

71 897 218 945 tionis,
246 909 328 948 qua
346 897 594 938 Socrates
621 899 674 938 ad
695 899 906 947 sophistas
930 899 1135 938 utebatur.
1175 898 1278 936 Nam
1296 908 1389 937 cum
1415 894 1517 935 ille2

73 965 121 995 se
137 967 264 994 unum
283 959 325 994 et
341 954 509 994 unicum
531 956 730 995 lectorem
743 966 838 995 esse
851 954 1260 1004 enarratoremqueS
1273 955 1340 993 all
1356 965 1411 994 us
1424 952 1484 993 tii

73 1011 231 1051 diceret
256 1023 393 1061 neque
426 1010 599 1061 primam
624 1017 782 1052 tantum
809 1018 943 1052 cutem
971 1023 1020 1052 ac
1042 1011 1224 1062 speciem
1263 1010 1485 1051 sententia-

72 1079 185 1117 rum,
220 1068 298 1109 sed
321 1067 565 1118 sanguinem
592 1080 762 1119 quoque
789 1068 926 1119 ipsum
944 1080 991 1108 ac
1011 1069 1233 1108 medullam
1258 1068 1483 1107 uerborum

74 1124 162 1164 eius
202 1135 349 1164 eruere
394 1129 519 1174 atque
555 1122 831 1175 introspicere
871 1125 1034 1175 penitus
1073 1124 1355 1175 praedicaret,
1397 1129 1483 1163 tum

73 1180 406 1232 Apollinaris
439 1181 633 1231 amplecti
659 1181 935 1231 ucnerarique
967 1194 1012 1221 se
1047 1182 1260 1221 doctrinas
1289 1180 1397 1220 illius
1427 1180 1484 1219 di-

74 1249 195 1277 cens:
229 1240 352 1288 <per',
385 1237 527 1287 inquit,
562 1239 776 1288 ‘magister
794 1243 976 1288 optume,
1010 1243 1233 1288 exoptatus
1256 1237 1352 1276 mihi
1373 1248 1484 1276 nunc

72 1294 192 1334 uenis
207 1305 308 1334 cum
334 1294 536 1344 sanguine
556 1300 597 1334 et
621 1296 801 1335 medulla
828 1294 1074 1335 Sallustii
1102 1295 1342 1334 uerborum.
1404 1294 1483 1332 He·
1499 1292 1521 1327 3

73 1356 216 1391 sterno
249 1350 357 1391 enim
383 1351 449 1390 die
482 1352 761 1401 quaerebatur
789 1363 839 1391 ex
870 1363 955 1398 me,
991 1351 1186 1401 quidnam
1221 1351 1352 1390 uerba
1379 1351 1483 1389 haec

74 1407 164 1448 eius
194 1407 235 1447 in
268 1412 452 1458 quarto
481 1407 824 1449 historiarum
855 1409 992 1448 libro
1020 1409 1070 1447 de
1092 1409 1355 1448 Cn.Lentulo
1385 1406 1483 1447 scri-

73 1469 143 1515 pta
167 1463 422 1514 significent,
452 1465 504 1504 de
523 1477 604 1515 quo
627 1465 828 1505 incertum
850 1465 978 1505 fuisse
996 1466 1049 1505 ait
1068 1464 1335 1505 ‘stolidiorne
1353 1470 1482 1515 esset,

73 1533 125 1561 an
149 1521 364 1569 uani0r;’'
387 1533 522 1571 eaque
546 1522 639 1572 ipsa
664 1523 811 1570 uerba,
845 1523 901 1562 uti
930 1527 1026 1562 sunt
1051 1534 1074 1560 a
1103 1521 1358 1561 Sallustio
1385 1520 1485 1560 scri·
1503 1521 1524 1555 4

72 1582 143 1628 pta
174 1578 295 1617 dixit:
330 1580 416 1617 <At
449 1579 526 1617 Cn.
550 1579 803 1619 Lentulus
839 1578 1098 1629 patriciae
1130 1578 1323 1628 gentis,
1365 1588 1485 1618 con-

72 1635 189 1684 lega
211 1635 347 1682 eius,
379 1635 457 1674 cui
490 1640 888 1684 cognomentum
923 1635 1176 1675 Clodiano
1215 1634 1330 1682 suit,
1371 1645 1484 1684 per-

71 1691 328 1731 incertum
374 1691 628 1732 stolidior
674 1704 728 1731 an
777 1692 979 1739 uanior,
1023 1694 1186 1741 legem
1229 1692 1288 1731 de
1329 1702 1484 1741 pecu-

72 1747 174 1796 nia,
228 1759 376 1797 quam
415 1747 564 1788 Sulla
604 1750 930 1799 emptoribus
970 1749 1224 1788 bonorum
1266 1747 1484 1788 remise-

72 1809 171 1852 rat,
205 1804 464 1854 exigenda
491 1807 875 1855 promulgauit'.

158 1861 400 1910 Quaesitum
420 1873 519 1911 ergo
540 1873 592 1901 ex
614 1873 660 1902 se
682 1864 754 1912 Ap
769 1875 790 1903 o
805 1864 815 1901 l
830 1865 837 1901 l
851 1862 897 1902 in
911 1863 1018 1902 aris
1046 1874 1183 1912 neque
1205 1862 1246 1901 id
1269 1873 1316 1902 se
1333 1861 1483 1902 dissol-
1500 1865 1521 1898 5

73 1927 174 1957 uere
200 1917 390 1967 potuisse
415 1918 714 1966 adseuerabat,
747 1919 845 1969 quid
866 1925 979 1959 esset
999 1919 1178 1959 ‘uanior’
1204 1924 1243 1958 et
1262 1918 1363 1968 quid
1381 1921 1483 1958 ‘sto-

75 1973 226 2022 lidior’,
260 1974 455 2024 quoniam
483 1974 774 2015 Sallustius
802 1976 861 2016 sic
881 1988 929 2016 ea
953 1988 1178 2026 separasse
1199 1980 1325 2024 atque
1350 1985 1483 2024 oppo-

75 2029 215 2071 suisse
229 2029 337 2070 inter
354 2042 401 2071 se
421 2031 654 2079 uideretur,
683 2037 893 2082 tamquam
918 2034 1084 2074 diuersa
1102 2044 1150 2072 ac
1174 2030 1387 2072 dissimilia
1403 2041 1482 2070 nec

75 2085 263 2126 eiusdem
278 2091 456 2138 utraque
479 2087 568 2128 uitii
589 2089 743 2135 forent;
775 2095 999 2139 propterea
1019 2090 1198 2139 petebat,
1229 2092 1275 2127 ut
1292 2098 1338 2127 se
1357 2088 1482 2127 doce-

77 2147 141 2182 ret
161 2141 486 2193 significationes
503 2144 721 2193 utriusque
741 2145 859 2185 uocis
884 2150 924 2184 et
951 2145 1145 2194 origines.

159 2199 263 2239 Tum
285 2198 352 2239 ille
376 2200 481 2240 rictu
513 2201 597 2241 oris
628 2202 923 2251 labearumque
950 2202 1078 2241 ductu
1108 2199 1346 2251 contempni
1377 2211 1401 2240 a
1430 2203 1515 2240 se6

77 2255 306 2296 ostendens
329 2261 370 2296 et
390 2268 500 2299 rem.
528 2258 579 2296 de
613 2269 694 2307 qua
715 2262 995 2307 quaereretur,
1029 2263 1070 2298 et
1088 2257 1298 2298 hominem
1327 2256 1478 2307 ipsum,
