1635 2492
18 0 201 103 ξ’
401 0 406 1 ’
488 10 491 12 ’
659 29 786 69 xvn.
815 40 903 68 xx1.
1410 31 1492 73 195

18 121 46 185 rs
80 143 160 195 qui¹
181 142 421 184 chronici
456 144 737 194 appellantur,
769 143 919 194 quibus
949 144 1210 194 temporibus
1247 145 1493 186 floruissent

79 199 226 241 Graeci
247 199 371 242 simul
390 205 519 251 atque
538 200 714 242 Romani
729 200 828 249 uiri,
862 201 931 251 qui
952 203 1019 241 uel
1042 201 1208 252 ingenio
1231 204 1299 242 uel
1316 202 1490 253 imperio

20 248 29 276 s
77 256 240 298 nobiles
267 257 540 308 insignesque
564 262 664 307 post
687 257 897 298 conditam
915 259 1090 298 Romam
1116 259 1295 299 fuissent
1310 265 1406 300 ante
1427 271 1492 300 se-

19 343 47 367 4-
78 315 260 355 cundum
278 314 433 355 bellum
456 313 866 364 Carthaginiensium,
886 326 1042 365 easque
1064 327 1174 356 nunc
1196 317 1489 367 excerptiones

4 483 18 769 ‘'Wv-vaenn-rn
6 414 16 466 »-,-,ι.
0 395 15 402 ,⁴
0 369 2 378 ἡ

12 370 26 403 ’ἑ
46 410 47 413 ,
78 376 248 413 nostras
269 370 395 412 uariis
420 370 685 422 diuersisque
708 371 748 411 in
771 372 875 412 locis
899 373 1029 412 factas
1050 373 1203 413 cursim
1222 373 1487 423 digessimus.

75 429 220 479 Neque
249 428 358 469 enim
388 428 430 468 id
464 427 830 478 nobisnegotium
864 429 958 477 fuit,
992 435 1036 469 ut
1079 430 1162 470 acri
1193 435 1318 480 atque
1352 430 1491 471 subtili

78 497 178 526 cura
194 485 486 526 excellentium
502 485 542 526 in
559 490 736 536 utraque
752 491 876 536 gente
893 486 1106 526 hominum
1129 482 1491 540 συγχρονισμούς

78 555 444 595 componeremus,
474 543 550 583 sed
570 548 615 583 ut
637 548 820 582 noctes
838 543 943 583 istae
969 545 1275 594 quadamtenus
1301 544 1364 585 his
1390 556 1491 594 quo-

80 612 162 652 quc
187 600 386 642 historiae
410 600 598 641 flosculis
623 599 767 640 leuiter
792 599 952 640 iniectis
979 606 1316 651 aspergerentur.
1381 601 1488 641 Satis
1508 613 1529 646 2

77 662 218 713 autern
238 658 376 698 uisum
402 662 486 706 est,
517 657 556 697 in
581 657 662 697 hoc
683 657 966 697 conmentario
987 659 1038 697 de
1055 658 1314 708 temporibus
1336 669 1490 708 pauco-

77 726 169 756 rum
185 714 398 755 hominum
418 714 577 762 dicere,
611 725 663 754 ex
682 725 860 764 quorum
877 714 1080 754 aetatibus
1100 716 1151 754 de
1172 715 1361 765 pluribus
1390 727 1492 765 quo-

79 783 174 823 que,
205 783 312 822 quos
330 783 413 812 non
436 770 761 819 nominaremus,
792 772 890 811 haut
913 771 1120 812 difficilius
1139 772 1381 812 coniectura
1403 772 1491 811 fieri

77 835 237 880 posset.

164 886 413 936 Incipiemus
434 885 557 936 igitur
574 897 598 925 a
621 885 648 926 S
662 897 684 925 o
698 888 707 924 l
720 897 742 925 o
756 898 779 924 n
793 897 814 924 e
840 887 965 933 claro,
987 886 1182 935 quoniam
1201 887 1252 924 de
1270 887 1340 925 Ho
1355 897 1490 925 mero
1508 891 1530 926 3

80 949 121 984 et
148 943 378 984 Hesiodo
401 943 507 982 inter
534 954 680 983 omnes
707 944 793 982 fere
825 942 1053 992 scriptores
1080 942 1282 990 constitit,
1315 947 1490 982 aetatem

80 1012 155 1041 eos
182 1000 321 1050 egisse
349 1001 416 1040 uel
452 999 586 1040 isdem
620 1001 705 1039 fere
735 1000 993 1050 temporibus
1021 1001 1088 1039 uel
1113 1000 1384 1039 Homerum
1423 999 1490 1038 ali-

81 1062 235 1108 quanto
276 1056 572 1107 antiquiorem,
616 1061 839 1106 utrumque
876 1061 1013 1095 tamen
1053 1062 1147 1095 ante
1184 1057 1358 1096 Romani
1396 1067 1491 1096 con-

80 1114 205 1154 ditam
229 1113 405 1161 uixisse,
439 1113 577 1153 Siluiis
598 1114 730 1153 Albae
760 1113 1050 1163 regnantibus,
1082 1113 1200 1153 annis
1224 1118 1323 1162 post
1338 1113 1491 1152 bellum

80 1171 324 1218 Troianum,
347 1170 624 1210 utCassius
647 1170 694 1208 in
718 1170 880 1220 primo
910 1170 1168 1209 annalium
1195 1170 1245 1208 de
1269 1171 1488 1209 Homero

80 1232 206 1277 atque
228 1227 387 1267 Hesio
403 1227 428 1265 d
443 1239 466 1267 0
493 1227 692 1277 scriptum
714 1226 895 1275 reliquit,
929 1228 1023 1276 plus
1048 1232 1212 1266 centum
1230 1231 1355 1275 atque
1373 1238 1491 1266 sexa-

79 1284 212 1335 ginta,
242 1288 338 1324 ante
353 1285 529 1323 Romam
546 1288 683 1323 autem
703 1284 931 1330 conditam,
964 1289 1008 1322 ut
1031 1284 1157 1323 Corn
1172 1295 1192 1322 6
1206 1282 1235 1321 li
1249 1295 1271 1321 u
1285 1296 1303 1322 s
1323 1284 1489 1332 Nepos

79 1341 128 1381 in
165 1340 333 1392 primo
380 1340 638 1381 chronico
678 1341 729 1379 de
763 1341 984 1380 Homero
1018 1340 1134 1388 dicit,
1180 1340 1297 1379 annis
1329 1339 1492 1380 circiter

81 1403 249 1439 centum
271 1402 313 1438 et
337 1397 566 1448 sexaginta.

164 1455 414 1496 Solonem
434 1465 533 1504 ergo
562 1453 819 1504 accepimus,
851 1466 977 1493 unum
1001 1466 1052 1494 ex
1076 1454 1143 1493 illo
1166 1455 1293 1495 nobili
1316 1465 1488 1494 numero
1507 1460 1530 1495 4

81 1511 343 1563 sapientium,
374 1512 489 1560 leges
508 1511 732 1562 scripsisse
754 1511 1084 1559 Atheniensium,
1105 1512 1327 1562 Tarquinio
1345 1511 1487 1551 Prisco

80 1570 240 1610 Romae
262 1572 474 1618 regnante,
494 1579 602 1608 anno
629 1568 744 1617 regni
765 1568 852 1607 eius
872 1568 1082 1608 tricesimo
1105 1569 1241 1609 tertio.
1276 1567 1489 1615 Serui(li)o
1506 1575 1526 1608 5

28 1634 38 1638 “
82 1631 220 1666 autem
255 1624 385 1664 Tullio
424 1629 646 1675 regnante,
677 1624 917 1664 Pisistratus
957 1624 1131 1664 Athenis
1166 1630 1369 1676 tyrannus
1402 1624 1487 1671 fuit,

83 1682 282 1723 Solone
312 1686 406 1720 ante
430 1680 469 1719 in
495 1681 660 1720 exilium
685 1681 962 1721 uoluntarium
986 1682 1196 1731 profecto,
1225 1681 1419 1732 quoniam
1447 1681 1488 1719 id

84 1739 120 1780 ei
136 1737 393 1790 praedicenti
415 1749 498 1777 non
528 1738 727 1778 creditum
745 1743 821 1778 est.
882 1739 1035 1778 Postea
1054 1739 1387 1788 Pythagoras
1414 1737 1485 1777 Sa·
1501 1744 1526 1780 6
1588 1781 1590 1783 ,

82 1795 188 1836 mius
214 1795 254 1835 in
275 1795 430 1835 Italiam
455 1794 587 1843 uenit,
619 1795 814 1844 Tarquini
837 1795 919 1834 filio
953 1806 1126 1844 regnum
1159 1796 1391 1846 optinente,
1425 1794 1490 1833 cui

85 1856 408 1903 cognomentum
433 1852 650 1902 Superbus
674 1851 765 1899 fuit,
794 1851 1013 1901 isdemque
1038 1852 1297 1901 temporibus
1322 1851 1487 1892 occisus
1505 1857 1525 1891 7

84 1915 150 1950 est
167 1909 344 1949 Athenis
370 1909 421 1948 ab
444 1907 670 1948 Harmodio
699 1914 740 1947 et
762 1908 1048 1958 Aristogitone
1073 1908 1357 1958 Hipparchus,
1390 1907 1488 1948 Pisi-

85 1965 202 2006 strati
222 1965 343 2013 filius‚
373 1965 549 2016 Hippiae
567 1964 731 2016 tyranni
760 1965 895 2004 frater.
958 1965 1327 2005 Archilochum
1349 1969 1486 2004 autem
1503 1971 1528 2006 8

83 2023 188 2073 Nep
202 2033 226 2063 0
239 2034 259 2063 s
278 2022 554 2062 Cornelius
572 2021 709 2071 tradit,
729 2021 895 2070 Tull(i)o
907 2021 1084 2062 Hostilio
1099 2023 1257 2062 Romae
1275 2026 1488 2072 regnante,

85 2079 165 2120 iam
189 2083 288 2119 tunc
317 2079 448 2119 fuisse
463 2078 667 2129 poematis
687 2079 840 2118 clarum
859 2083 899 2117 et
923 2078 1114 2119 nobilem.

166 2135 459 2176 Ducentesimo
496 2136 647 2175 deinde
680 2140 719 2175 et
750 2134 1010 2184 sexagesimo
1049 2146 1157 2174 anno
1192 2140 1289 2184 post
1310 2135 1484 2174 Romam
1505 2140 1527 2175 9

88 2192 296 2233 conditam
321 2197 390 2232 aut
411 2204 494 2233 non
527 2194 652 2242 longe
673 2191 848 2241 amplius
873 2191 1008 2231 uictos
1036 2203 1132 2231 esse
1154 2192 1204 2230 ab
1230 2191 1490 2231 Atheniensi-

87 2249 162 2289 bus
188 2250 340 2290 Persas
372 2248 596 2289 memoriae
631 2248 825 2288 traditum
855 2253 919 2287 est
947 2259 1128 2298 pugnarn
1157 2248 1264 2286 illam
1296 2247 1489 2288 inclutam

1202 2303 1283 2344 13*
