1635 2492
642 0 749 64 XV:
773 35 801 63 1.
829 35 873 63 11.
1389 24 1470 66 125

143 139 418 179 Percontatus
439 149 518 188 ego
547 149 662 187 sum,
694 137 794 188 quid
819 142 935 178 esset
957 137 1056 178 illud
1080 137 1228 179 mirum
1252 138 1471 188 Quadri·
1489 148 1509 182 5

56 195 202 247 garii.
263 194 450 246 Repetit:
483 196 552 235 ‘In
583 206 634 236 eo
661 194 786 245 igitur
814 194 918 234 libro
950 194 1150 246 scriptum
1173 195 1335 244 inueni,
1378 204 1511 240 cume

58 251 382 303 obpugnaretL.
402 251 518 292 Sulla
532 251 572 292 in
591 256 702 292 terra
718 251 858 292 Attica
879 251 1068 291 Piraeum
1089 257 1131 292 et
1148 257 1292 293 contra
1312 252 1471 292 Arche-

56 310 147 349 laus
177 307 289 358 regis
314 307 539 348 Mithridati
561 309 800 359 praefectus
823 319 875 347 ex
903 320 953 348 eo
978 309 1134 360 oppido
1168 314 1469 360 propugnaret,

58 365 202 406 turrim
222 364 402 415 ligneam
427 365 680 406 defendendi
695 365 828 415 gratia
844 370 1064 414 structam,
1098 377 1192 405 cum
1211 377 1263 405 ex
1286 365 1399 406 omni
1417 367 1471 405 la-

56 427 145 462 tere
162 420 445 472 circumplexa
465 422 550 472 igni
567 423 685 470 foret,
711 423 859 461 ardere
878 434 962 462 non
982 422 1137 472 quisse,
1158 423 1273 472 quod
1292 422 1471 462 alumine

54 479 107 518 ab
124 479 333 519 Archelao
354 479 481 519 oblita
498 479 683 519 fuisset'.

140 535 284 574 Verba
300 535 627 586 Quadrigarii
654 547 706 575 ex
723 547 773 576 eo
795 536 898 576 libro
917 536 1020 575 haec
1038 540 1155 576 sunt:
1190 537 1303 577 Cum
1326 536 1468 576 Sulla
1486 539 1506 574 7

56 598 284 632 conatus
323 597 470 632 esset
508 597 743 643 tempore
789 604 995 643 magno,
1038 593 1217 633 eduxit
1265 593 1470 644 copias,

55 654 110 689 ut
135 649 390 689 Archelai
423 649 604 689 turrim
632 661 798 698 unam,
830 649 1087 699 quamille
1117 649 1469 700 interposuit,

55 705 288 755 ligneam
319 705 644 746 incenderet.
705 707 881 754 Venit,
910 706 1158 755 accessit,
1189 707 1330 757 ligna
1353 707 1471 747 sub-

56 762 210 811 didit,
251 762 519 802 submouit
558 764 807 812 Graecos,
844 764 1015 813 ignem
1046 764 1302 811 admouit3
1335 763 1469 803 satis

55 824 182 859 sunt
201 818 287 859 diu
314 820 510 867 conati,
539 831 813 869 numquam
839 820 1128 870 quiuerunt
1151 820 1469 867 incendere,

55 875 127 916 ita
165 876 463 916 Archelaus
506 888 702 916 omnem
738 877 1005 916 materiam
1046 877 1321 917 obleuerat
1361 879 1470 916 alu·

56 932 211 981 mine,
252 933 389 982 quod
424 933 570 972 Sulla
607 939 760 982 atque
799 933 1001 973 milites
1035 933 1384 981 mirabantur,
1425 940 1471 973 et

55 994 346 1040 postquam
371 1001 469 1030 non
501 990 802 1037 succendit,
836 990 1047 1030 reduxit
1069 990 1264 1040 copias.

735 1093 782 1132 ll.

57 1173 168 1218 Quod
199 1174 301 1210 Plato
340 1175 376 1210 in
417 1175 543 1219 libris,
590 1187 683 1222 quos
727 1176 773 1212 de
817 1178 964 1224 legibus
1005 1177 1238 1223 composuit,
1284 1177 1469 1224 largiores

113 1230 363 1278 laetioresque
390 1232 428 1267 in
458 1233 644 1269 conuiuiis
668 1234 972 1270 inuitatiunculas
996 1234 1074 1269 uini
1106 1244 1182 1269 non
1209 1234 1358 1269 inutiles
1383 1244 1468 1270 esse

114 1287 355 1323 existimauit.

141 1387 205 1426 Ex
227 1386 364 1428 insula
396 1389 517 1428 Creta
545 1388 772 1440 quispiam,
805 1394 983 1429 aetatem
1000 1390 1176 1430 Athenis
1205 1400 1355 1440 agens,
1382 1391 1469 1430 Pla·
1491 1398 1509 1431 1

59 1443 241 1484 tonicum
287 1455 386 1485 sese
434 1445 732 1497 philosophum
764 1445 928 1486 dicebat
969 1452 1010 1486 et
1055 1446 1237 1487 uiderier
1277 1446 1470 1497 gestibat.

57 1501 155 1540 Erat
170 1505 308 1541 autem
325 1501 439 1541 nihili
454 1502 580 1543 homo
600 1508 640 1542 et
656 1508 836 1553 nugator
857 1508 981 1553 atque
999 1503 1039 1542 in
1058 1504 1242 1543 Graecae
1260 1503 1478 1543 facundiae
1491 1510 1512 1544 2

57 1556 188 1607 gloria
204 1556 480 1598 iactabundus
498 1564 540 1598 et
558 1565 777 1609 praeterea
794 1560 877 1599 uini
894 1559 1061 1600 libidine
1083 1560 1274 1610 adusque
1296 1559 1472 1600 ludibria

56 1612 265 1654 ebriosus.
336 1616 374 1655 Is
406 1615 446 1654 in
482 1615 684 1656 conuiuiis
712 1615 931 1669 iuuenum,
969 1628 1076 1666 quae
1108 1616 1265 1666 agitare
1292 1616 1508 1658 Athenis3

56 1670 390 1712 hebdomadibus
409 1673 532 1711 lunae
549 1673 780 1722 sollempne
805 1673 926 1712 nobis
947 1673 1030 1720 fuit,
1054 1673 1303 1722 simulatque
1320 1673 1471 1713 modus

57 1726 191 1777 epulis
218 1728 353 1768 faetus
387 1733 429 1768 et
455 1727 576 1769 utiles
601 1729 955 1779 delectabilesque
978 1740 1198 1770 sermones
1229 1735 1470 1780 coeperant,

57 1787 158 1831 tum,
190 1784 354 1826 silentio
379 1785 432 1825 ad
456 1784 709 1825 audiendum
726 1786 869 1836 petito,
902 1786 1018 1836 loqui
1042 1785 1266 1836 coeptabat
1287 1791 1413 1836 atque
1430 1785 1470 1825 id

56 1850 192 1890 genus
215 1840 284 1881 uili
301 1846 342 1881 ct
369 1841 583 1883 incondita
611 1843 836 1883 uerborum
860 1848 1029 1883 caterua
1053 1843 1299 1884 hortabatur
1324 1854 1470 1884 omnes

57 1896 112 1935 ad
131 1896 372 1946 bibendum,
390 1898 518 1949 idque
539 1910 585 1939 se
603 1900 741 1938 facere
759 1909 811 1938 ex
831 1899 1000 1939 decreto
1018 1899 1232 1940 Platonico
1256 1899 1471 1950 praedica-

57 1952 140 2001 bat,
172 1958 385 2004 tamquam
404 1956 455 1995 Pl
470 1961 553 1997 ato
571 1955 611 1995 in
635 1955 761 2004 libris,
781 1967 888 2005 quos
911 1956 969 1995 de
990 1956 1196 2006 legibus
1220 1956 1468 2006 composuit,

57 2009 204 2050 laudes
221 2010 432 2052 ebrietatis
447 2012 739 2063 copiosissime
757 2011 998 2062 scripsisset
1018 2012 1244 2063 utilemque
1262 2023 1357 2052 esse
1380 2023 1469 2052 eam

57 2065 180 2106 bonis
207 2078 257 2107 ac
278 2068 456 2109 fortibus
487 2068 587 2109 uiris
611 2068 868 2116 censuisset;
912 2080 961 2108 ac
992 2069 1112 2110 simul
1135 2070 1241 2109 inter
1263 2069 1469 2110 eiusmodi

59 2122 293 2164 orationem
332 2125 491 2165 crebris
533 2130 574 2165 et
616 2125 852 2176 ingentibus
890 2126 1054 2176 poculis
1096 2125 1305 2176 ingenium
1345 2137 1468 2166 omne

58 2177 352 2229 ingurgitabat,
386 2182 569 2222 fomitem
597 2194 692 2222 esse
717 2182 925 2232 quendam
960 2182 1102 2222 dicens
1136 2187 1176 2222 et
1203 2181 1468 2223 incitabulum

0 2250 2 2253 >
57 2231 210 2284 ingenii
224 2236 494 2288 uirtutisque,
516 2238 550 2278 si
566 2250 684 2278 mens
704 2244 744 2278 et
761 2249 915 2290 corpus
938 2238 1114 2278 hominis
1137 2238 1234 2279 uino
1258 2239 1466 2290 flagraret.
