1603 2508
573 84 642 122 VI.
664 83 790 132 (VII.)
815 94 906 123 vm.
929 93 1035 122 vnn.
1435 81 1516 124 197

75 205 205 238 ’νον
227 195 486 264 δελφῖνα.
516 191 670 262 Πρὸς
697 191 975 248 παιδικὴν
995 190 1191 262 φωνὴν
1216 190 1395 237 αὐτοῦ
1397 191 1518 262 τὴν

102 247 288 323 ψυχὴν
315 249 728 319 πτερούμενος,
748 266 909 302 εντος
925 267 1017 301 τας
1033 266 1087 293 τε
1105 247 1361 302 ακανθας
1384 247 1516 294 ὑπο-

102 308 375 378 στέλλων,
408 306 476 364 μή
501 324 550 351 τι
575 310 674 351 τοῦ
699 307 1074 363 ποθουμένου
1100 306 1315 362 χρωτὸς
1339 306 1517 366 ἄμύξῃ

101 365 467 435 φειδόμενος,
494 362 740 420 ἱππηδὸν
768 365 1194 434 περιβεβηκότα
1213 364 1375 435 μέχρι
1400 367 1517 408 δια-

101 425 314 466 κοσίων
345 419 516 478 ἀνῆγε
553 423 812 465 σταδίων.
871 418 1139 476 Ἐξεχεῖτο
1172 418 1200 476 ἡ
1224 419 1392 492 Ῥώμη
1424 439 1516 465 και

99 482 244 524 πᾶσα
267 476 466 524 Ἰταλία
498 481 594 548 τῇς
620 475 948 534 Ἀφροδίτης
974 480 1328 546 ξυνορῶντες
1352 476 1515 535 ἡνιο-

97 535 386 593 χούμενον
414 536 596 592 ἰχθύν.
656 539 725 579 Ad
747 539 827 579 hoc
852 537 991 578 adiicit
1013 549 1100 578 rem
1126 538 1246 579 nimis
1269 540 1511 579 mimndam.
1530 543 1553 578 6

100 598 315 646 ‘Postea’,
350 596 505 649 inquit,
539 595 675 635 ‘idem
703 595 770 636 ille
800 607 905 646 puer
937 595 1333 645 delphineromenus
1365 598 1511 637 morbo

99 655 290 695 adfectus
317 653 403 695 obit
425 665 546 694 suum
571 652 692 695 diem.
754 655 811 692 At
832 652 898 692 ille
919 664 1076 701 amans,
1099 653 1168 692 ubi
1191 664 1318 704 saepe
1341 655 1393 693 ad
1418 654 1512 694 litus
1530 656 1551 692 7

99 711 267 751 solitum
290 710 460 751 adnauit
488 716 529 751 et
550 721 672 761 puer,
707 710 776 760 qui
804 710 844 749 in
875 709 1008 760 primo
1035 711 1145 750 uado
1171 711 1397 751 aduentum
1424 711 1512 751 eius

99 768 283 819 opperiri
311 772 612 815 consueuerat,
638 778 846 817 nusquam
869 767 962 815 suit,
990 767 1197 808 desiderio
1220 769 1351 808 tabuit
1375 769 1512 808 exani-

98 830 319 876 matusque
355 831 420 866 est
454 831 493 865 et
514 824 554 864 in
579 824 698 864 litore
728 824 869 864 iacens
901 824 1095 864 inuentus
1125 825 1175 864 ab
1202 825 1286 873 his,
1326 825 1395 876 qui
1425 837 1512 865 rem

98 887 400 935 cognouerant‚
421 882 461 921 in
484 881 549 922 sui
569 881 688 932 pueri
713 883 907 932 sepulcro
930 882 1123 921 humatus
1150 888 1226 922 est.

736 1052 860 1091 Vllll.

95 1141 258 1189 Peposci
282 1145 317 1176 et
338 1140 536 1186 memordi,
556 1143 699 1189 pepugi
728 1147 762 1178 et
784 1142 972 1189 spepondi
996 1147 1030 1178 et
1051 1144 1196 1179 cecurri
1219 1144 1423 1191 plerosque
1446 1156 1510 1181 ue-

153 1203 272 1235 terum
297 1197 456 1243 dixisse,
488 1210 575 1243 non,
614 1199 666 1234 uti
687 1204 822 1246 postea
844 1205 1039 1247 receptum
1065 1204 1121 1235 est
1140 1199 1279 1243 dicere,
1310 1212 1379 1248 per
1402 1212 1423 1236 0
1448 1207 1511 1238 aut

150 1266 219 1303 per
239 1267 264 1291 u
285 1255 432 1291 literam
454 1256 492 1291 in
514 1257 637 1303 prima
658 1257 808 1303 syllaba
823 1258 999 1303 positam,
1025 1261 1136 1303 atque
1159 1257 1195 1293 id
1215 1258 1315 1302 eo[s]
1339 1257 1508 1295 Graecae

149 1312 308 1349 rationis
340 1314 513 1360 exemplo
545 1312 712 1358 dixisse-3
754 1318 956 1360 praeterea
986 1319 1175 1351 notatum.
1210 1315 1311 1361 quod
1341 1316 1411 1352 uiri
1433 1327 1508 1352 non

149 1369 292 1406 indocti
315 1379 439 1417 neque
460 1370 649 1417 ignobiles
680 1381 700 1406 a
734 1372 850 1407 uerbo
877 1371 1072 1408 descendo
1101 1382 1175 1407 non
1199 1372 1405 1417 descendi,
1439 1373 1508 1409 sed

150 1425 376 1463 descendidi
405 1425 594 1464 dixerunt.

177 1522 423 1573 ‘Poposci',
448 1525 718 1573 ‘momordi’‚
741 1525 962 1576 epupugi’‚
989 1526 1209 1575 ‘cucurri'‚
1235 1527 1506 1578 probabiliter
1523 1533 1542 1566 1

91 1578 172 1619 dici
199 1578 366 1620 uidetur
406 1586 532 1632 atque
570 1582 625 1622 ita
652 1594 762 1622 nunc
796 1594 941 1623 omnes
986 1585 1114 1624 ferme
1146 1584 1357 1625 doctiores
1390 1585 1505 1625 hisce

88 1635 230 1676 uerbis
252 1641 437 1678 utuntur.
480 1638 564 1679 Sed
589 1640 633 1689 Q.
656 1640 853 1679 Ennius
879 1640 917 1679 in
942 1641 1137 1681 saturis
1163 1642 1544 1682 memorderit2

90 1692 192 1733 dixit
212 1705 288 1744 per
311 1705 333 1734 e
356 1693 528 1744 literam,
553 1709 636 1737 non
658 1696 992 1737 ‘momorderitffi

144 1780 328 1829 Meum,
348 1780 493 1832 inquit,
512 1794 536 1821 n
554 1780 613 1822 on
637 1789 738 1829 est,
758 1793 813 1821 ac
833 1781 962 1822 sime'
984 1782 1128 1823 canis
1147 1781 1500 1823 momorderit.

88 1881 188 1921 Item
213 1881 533 1922 Laberiusin
559 1882 745 1922 Gallis:
1518 1891 1542 1927 3

145 2000 272 2012 .....
298 1973 356 2013 de
379 1971 589 2024 integro
614 1973 927 2024 patrimonio

142 2026 250 2069 Meo
276 2034 301 2076 †
329 2036 531 2071 centum
553 2030 692 2070 milia
715 2043 967 2070 nummum
987 2031 1253 2071 memordi.

84 2117 187 2158 Item
210 2119 318 2161 idem
341 2121 665 2162 Laberiusin
692 2123 1033 2162 Coloratore:
1515 2119 1539 2153 4

140 2194 328 2251 *ltaque
358 2199 463 2239 leni
488 2197 772 2248 percoctus
811 2212 973 2250 pruna
1019 2199 1170 2241 simul
1194 2204 1285 2243 sub
1312 2204 1498 2244 dentes

224 2288 233 2294 ,
921 2257 1157 2299 molieris

142 2309 291 2360 Veni,
316 2311 416 2361 bis,
444 2318 520 2353 ter
545 2311 829 2354 memordit.

2 2271 10 2281 ι

3 2305 10 2314 η

6 2324 10 2335 l

0 2343 2 2355 Ι

1 2362 13 2372 σι

0 2375 18 2389 μ

0 2396 9 2407 ⁶
46 2413 54 2418 ψ

17 2418 23 2428 ι

0 2410 67 2508 ἱ...

38 2498 62 2508 u.
