1603 2508
489 53 639 91 INDEX
680 51 1046 90 CAPITVLORVM.
1459 46 1484 90 7

171 169 324 206 XVIIII.
362 169 527 206 Historia
553 179 667 215 super
690 168 795 204 libris
825 166 1021 215 Sibyllinis
1046 177 1090 202 ac
1117 165 1164 202 de
1191 165 1395 212 Tarquinio
1419 164 1489 203 Su-

57 227 178 276 perbo
206 238 312 275 rege.

174 283 258 319 XX.
301 283 402 329 Quid
430 287 647 331 geometrae
675 281 802 317 dicant
833 275 1039 327 ἐπίπεόον,
1072 280 1163 327 quid
1193 271 1369 328 στερεόν,
1399 279 1490 326 quid

59 334 201 390 κύβον,
239 341 331 388 quid
361 335 560 391 γραμμήν,
601 339 812 386 quibusque
851 339 921 374 ista
960 338 1087 373 onmia
1118 336 1259 372 Latinis
1290 337 1488 372 uocabulis

59 399 311 445 appellentur.

83 455 87 458 ’
173 454 274 491 XXI.
309 453 420 500 Quod
443 454 558 489 Iulius
582 452 758 501 Hyginus
784 450 1077 487 affirmatissime
1105 449 1315 494 contendit,
1346 451 1488 498 legisse

60 522 102 548 se
131 511 268 548 librum
291 512 332 547 P.
361 511 521 558 Vergilii
548 509 818 553 domesticum,
860 509 955 554 [ubi]
986 508 1166 554 scriptum
1199 512 1320 543 esset:
1359 511 1395 543 et
1424 519 1492 543 ora

58 569 180 618 tristia
207 571 451 615 temptantum
476 579 592 604 sensu
621 566 807 614 torquebit
835 576 1005 609 amaror,
1040 576 1116 600 non
1147 564 1249 612 quod
1275 565 1413 612 uulgus
1440 566 1491 600 le-

61 629 190 674 geret:
209 635 328 661 sensu
343 626 530 672 torquebit
547 635 690 660 amaro.

173 681 292 718 XXII.
322 682 405 727 An,
425 682 488 729 qui
506 692 644 717 causas
663 679 851 723 defendit,
870 683 972 715 recte
990 679 1195 725 Latineque
1213 679 1332 714 dicat:
1361 689 1491 725 super-

61 750 150 776 esse
170 750 212 775 se
228 740 261 775 is
274 767 283 784 ‚
303 750 398 786 quos
417 738 607 783 defendit;
630 742 666 773 et
683 748 887 784 superesse
905 736 1058 783 proprie
1076 735 1167 783 quid
1185 737 1244 771 sit.

131 806 134 808 ·
173 795 307 832 XXIII.
347 796 438 841 Quis
465 796 575 832 fuerit
597 796 770 841 Papirius
800 795 1083 837 Praetextatus,
1118 803 1214 839 quae
1240 793 1347 828 istius
1373 803 1490 828 causa

36 857 44 873 ‘³
61 853 304 901 cognomenti
332 854 400 898 sit,
432 853 665 899 historiaque
694 853 766 888 ista
798 850 921 887 omnis
949 861 1063 897 super
1089 850 1224 886 eodem
1249 850 1401 896 Papirio
1428 861 1490 885 co-

16 956 17 959 *
61 911 169 959 gnitu
191 910 370 946 iucunda.

174 967 325 1003 XXIIII.
353 966 440 1003 Tria
464 967 739 1014 epigrammata
763 965 875 1001 trium
901 968 1070 1000 ueterum
1096 968 1315 1011 poetarum,
1340 963 1488 1007 Naeuii,

59 1025 202 1071 Plauti,
219 1024 396 1069 Pacuuii,
424 1035 520 1071 quae
533 1053 541 1068 ,
566 1024 664 1059 facta
682 1025 726 1059 ab
746 1022 839 1069 ipsis
852 1051 860 1067 ‚
888 1022 1072 1068 sepulcris
1091 1032 1223 1057 eorum
1242 1022 1361 1057 incisa
1390 1025 1488 1056 sunt.

174 1081 294 1117 XXV.
343 1081 486 1125 Quibus
521 1081 647 1116 uerbis
672 1080 722 1115 M.
748 1080 871 1114 Varro
900 1078 1064 1114 indutias
1093 1078 1280 1115 definierit
1291 1088 1301 1122 ;
1343 1077 1493 1124 quaesi-

62 1142 214 1185 tumque
233 1138 323 1174 inibi
342 1138 530 1174 curiosius
543 1166 551 1181 ‚
579 1147 764 1184 quaenam
782 1136 876 1171 ratio
894 1136 940 1171 sit
958 1136 1130 1171 uocabuli
1153 1135 1394 1171 indutiarum.

177 1194 314 1230 XXVI.
360 1194 482 1239 Quem
509 1196 546 1230 in
572 1193 727 1229 modum
754 1192 844 1228 mihi
875 1192 1021 1228 Taurus
1052 1191 1307 1239 philosophus
1334 1202 1492 1239 respon-

64 1251 161 1289 derit
175 1252 431 1299 percontanti,
455 1262 503 1288 an
521 1251 675 1298 sapiens
692 1251 932 1286 irasceretur.

412 1345 683 1384 CAPITVLA
720 1343 861 1385 LIBRI
902 1343 1141 1383 SECVNDI.

177 1422 207 1458 1.
241 1423 323 1468 Quo
351 1433 490 1470 genere
521 1424 652 1459 solitus
676 1424 722 1458 sit
747 1422 1000 1470 philosophus
1019 1421 1197 1458 Socrates
1224 1431 1403 1458 exercere
1427 1432 1493 1468 pa-

65 1480 233 1518 tientiam
249 1480 444 1527 corporis3
474 1479 598 1527 deque
615 1479 787 1516 eiusdem
804 1480 875 1516 uiri
893 1479 1156 1526 temperantia.

180 1537 226 1573 Il.
261 1537 366 1582 Quae
406 1538 499 1573 ratio
535 1537 826 1583 obseruatioque
860 1536 1070 1572 officiorum
1106 1546 1193 1572 esse
1228 1534 1362 1571 debeat
1397 1535 1493 1570 inter

63 1598 192 1643 patres
207 1593 383 1641 filiosque
412 1594 450 1629 in
468 1593 741 1630 discumbendo
772 1593 1017 1640 sedendoque
1043 1597 1153 1639 atquc
1179 1591 1218 1628 id
1240 1602 1361 1639 genus
1380 1593 1493 1628 rebus

67 1651 170 1688 domi
191 1651 379 1698 forisque,
399 1651 431 1687 si
446 1650 512 1686 filii
529 1651 772 1698 magistratus
793 1655 879 1686 sunt
905 1655 940 1685 et
963 1654 1091 1697 patres
1109 1649 1269 1696 priuati;
1303 1659 1492 1696 superque

65 1718 113 1746 ea
130 1719 171 1744 re
188 1707 302 1745 Tauri
317 1707 537 1756 philosophi
555 1707 770 1744 dissertatio
789 1712 824 1743 et
843 1708 1057 1754 exemplum
1074 1716 1122 1742 ex
1145 1706 1305 1742 historia
1322 1705 1494 1742 Romana

69 1765 241 1814 petitum.

182 1820 243 1857 III.
276 1821 358 1867 Qua
388 1823 532 1858 ratione
557 1822 684 1858 uerbis
713 1820 940 1869 quibusdam
965 1819 1237 1866 uocabulisque
1262 1822 1411 1855 ueteres
1429 1819 1494 1854 im-

68 1879 241 1916 miserint
257 1879 282 1914 h
299 1879 429 1915 literae
446 1879 630 1926 spiritum.

183 1935 259 1971 1111.
296 1935 417 1980 Quam
434 1937 481 1972 ob
500 1946 656 1973 causam
678 1935 818 1972 Gauius
835 1933 980 1971 Bassus
1007 1944 1127 1980 genus
1146 1931 1338 1980 quoddam
1362 1932 1493 1968 iudicii

9 2040 13 2041 ⁷
69 1991 342 2028 diuinationem
358 1993 541 2040 appellari
559 1994 754 2040 scripserit
778 1996 814 2028 et
832 2002 943 2039 quam
961 1991 1023 2027 alii
1041 2001 1196 2027 causam
1213 2000 1299 2026 esse
1320 1989 1494 2026 eiusdem

4 2083 6 2087 ,
68 2050 246 2086 uocabuli
271 2049 448 2085 dixerint.

183 2106 233 2141 V.
266 2106 387 2151 Quam
411 2107 536 2154 lepide
555 2106 829 2154 designateque
847 2104 983 2140 dixerit
998 2104 1210 2140 Fauorinus
1227 2103 1492 2151 philosophus,

8 2200 13 2205 ,
33 2184 36 2185 ⁷
70 2162 164 2210 quid
179 2163 325 2199 intersit
338 2163 433 2199 inter
450 2164 616 2201 Platonis
635 2168 670 2200 et
686 2164 826 2210 Lysiae
844 2162 1068 2199 orationem.

14 2216 15 2219 ’
46 2267 50 2271 p
183 2219 248 2255 VI.
281 2219 424 2265 Quibus
450 2221 578 2257 uerbis
605 2221 792 2267 ignauiter
824 2224 860 2255 et
893 2218 1036 2254 abiecte
1061 2218 1254 2265 Vergilius
1279 2229 1372 2254 usus
1407 2228 1493 2253 esse

73 2274 218 2312 dicatur
234 2281 270 2313 et
286 2276 377 2324 quid
393 2277 454 2314 his
468 2307 476 2322 ,
496 2278 558 2324 qui
576 2279 744 2325 improbe
765 2276 836 2322 [id]
856 2276 1004 2320 dicunt,
1026 2275 1318 2322 respondeatur.
