1619 2476
158 76 213 117 60
649 60 653 70 x
727 81 755 118 l.
780 91 849 118 xv.
873 90 959 118 xv1.

102 193 146 231 17
236 189 557 229 Fauorinum
582 201 659 240 ego
686 189 825 230 audiui
842 191 1145 232 dicereuersus
1162 192 1266 233 istos
1284 190 1557 242 Euripidi:
1618 207 1619 229 1

269 250 576 307 Ἀχαλίνων
608 253 923 311 στομάτων,

269 317 500 374 ’Λνόμου
530 318 571 362 τ’
608 318 971 376 ἀφροσύνας,

277 384 351 428 Τὸ
383 386 545 437 τέλος
572 388 866 441 δυστυχία,

160 477 243 504 non
267 465 319 504 de
335 465 397 505 his
415 471 573 505 tantum
591 468 723 506 factos
741 466 871 516 accipi
891 467 1064 515 debere,
1098 467 1167 517 qui
1183 466 1306 517 impia
1323 471 1393 505 aut
1408 465 1559 505 inlicita

162 521 364 568 dicerent,
397 523 473 562 sed
495 524 561 562 uel
590 523 766 562 maxime
792 523 843 562 de
867 523 1102 563 hominibus
1129 534 1297 573 quoque
1322 533 1452 572 posse
1479 521 1559 561 dici

160 578 284 617 stulta
302 583 343 616 et
359 578 565 618 inmodica
587 579 902 626 blaterantibus,
938 591 1113 629 quorum
1129 581 1268 629 lingua
1285 584 1366 618 tam
1383 578 1560 628 prodiga

160 633 415 683 infrenisque
448 635 519 682 sit,
552 641 597 674 ut
620 636 722 674 ssuat
745 646 911 685 semper
934 641 974 675 et
1002 641 1164 675 aestuet
1196 635 1444 676 conluuione
1466 645 1559 674 uer-

160 690 309 729 borum
341 692 598 738 taetei'rima,
648 692 760 740 quod
792 703 924 741 gemis
959 692 1147 732 homines
1179 704 1203 731 a
1235 691 1403 731 Graecis
1436 690 1558 740 signi·
1614 734 1615 738 Ἰ

103 753 148 788 18
167 746 434 786 ficantissimo
454 749 659 787 uocabulo
686 751 697 769 ‘
713 745 1044 799 κατάγλωσσον
1064 750 1336 798 appellantur.
1397 748 1528 786 Vale
1545 769 1558 774 -
1614 783 1616 792 ζ

162 802 287 841 rium
306 804 403 843 Pro
419 805 444 842 b
456 817 551 851 um,
584 804 895 853 grammaticum
912 804 1147 853 inlustrem,
1181 817 1232 845 ex
1250 804 1436 844 familiari
1455 803 1558 851 eius,

162 859 287 898 docto
306 860 419 908 uiro,
454 861 657 910 comperi,
693 861 1077 900 Sallustianum
1102 861 1224 900 illud:
1267 861 1410 901 Satis
1443 861 1558 899 elo-

163 915 436 964 quentiae.
482 917 787 967 sapientiae
820 929 1026 966 parum,
1073 918 1191 957 breui
1224 922 1445 967 antequam
1475 915 1560 955 uita

163 971 407 1020 decederet,
455 973 514 1011 sic
548 975 684 1022 legere
719 973 912 1022 coepisse
944 978 983 1012 et
1021 973 1080 1013 sic
1111 985 1135 1012 a
1181 974 1451 1013 Sallustio
1498 983 1560 1010 re-

161 1027 300 1066 lictum
333 1029 632 1069 affirmauisse:
666 1029 799 1069 <Satis
832 1030 1088 1079 loquentiae,
1120 1031 1346 1080 sapientiae
1377 1029 1558 1080 parum'.

164 1085 276 1133 quod
321 1085 583 1134 ‘loquentia’
632 1085 823 1124 nouatori
869 1087 1093 1125 uerborum
1141 1087 1335 1126 Sallustio
1382 1085 1559 1125 maxime

164 1147 440 1189 congrueret,
495 1142 795 1191 ‘eloquentia'
844 1153 935 1181 cum
990 1142 1223 1192 insipientia
1266 1142 1430 1182 minime
1464 1152 1560 1181 con-

163 1203 334 1236 ueniret.

105 1269 149 1304 19
250 1264 549 1304 Huiuscemodi
581 1269 717 1303 autem
745 1264 1036 1313 loquacitatem
1058 1266 1367 1316 uerborumque
1397 1265 1561 1304 turbam

164 1320 445 1368 magnitudine
469 1320 578 1358 inani
604 1325 765 1359 uastam
792 1321 1067 1361 facetissimus
1093 1327 1220 1372 poeta
1242 1321 1562 1371 Aristopha-

165 1386 225 1413 ne
239 1387 257 1414 s
287 1376 518 1425 insignibus
536 1376 751 1415 uocabulis
771 1377 984 1433 denotauit
1001 1378 1040 1416 iu
1059 1378 1121 1417 his
1138 1378 1352 1418 uersibus:

208 1435 537 1494 ’Ἀνθρωπον
568 1437 921 1494 ἀγριοποιόν,
958 1437 1181 1484 αὐθαδό
1197 1453 1405 1496 στομον
1422 1475 1431 1492 ,

207 1502 420 1560 ’Ἑχοντ’
438 1503 597 1560 ἀχαλι
614 1523 732 1558 νον,
769 1504 1025 1561 ἆκρατές,
1050 1504 1344 1551 ἀπύλωτον
1365 1504 1559 1560 στόμα,

215 1571 675 1628 Ἀπεριλάλητον,
709 1572 1389 1628 κομποφακελορρήμονα,
1557 1623 1560 1625 Α

105 1657 151 1692 20
167 1664 304 1704 neque
333 1651 468 1692 minus
494 1652 709 1701 insigniter
724 1657 889 1691 ueteres
909 1663 1077 1702 quoque
1094 1653 1225 1692 nostri
1242 1653 1322 1692 hoc
1342 1663 1474 1701 genus
1489 1651 1561 1690 ho-

164 1712 317 1756 mines,
350 1709 389 1747 in
415 1709 545 1747 uerba
569 1708 794 1757 proiectos,
823 1709 1119 1748 ‘locutuleios’
1150 1714 1190 1748 et
1217 1709 1562 1747 ‘blaterones’et

164 1772 175 1790 θ
190 1768 401 1817 linguaces
413 1767 426 1786 ²
446 1765 651 1804 dixerunt.

808 1900 916 1939 XVI.

164 1991 274 2036 Quod
305 1992 421 2027 uerba
445 1991 563 2026 istaec
582 1990 808 2036 QuadrIgari
834 2002 879 2026 ex
907 1990 1031 2026 annali
1057 1989 1187 2024 tertio:
1220 1989 1285 2024 ibi
1316 1989 1445 2024 mille
1475 1989 1589 2038 ho-..j

221 2049 314 2083 min
327 2058 397 2082 um
415 2058 435 2081 o
449 2057 467 2082 c
481 2047 558 2082 eid
573 2048 667 2082 itur
680 2075 688 2090 ,
721 2057 794 2081 non
813 2047 986 2090 licenter,
1005 2057 1126 2093 neque
1145 2045 1190 2080 de
1206 2049 1402 2092 poetarum
1423 2038 1587 2102 figurah'j

222 2103 289 2139 sed
306 2104 449 2138 ratione
467 2107 570 2139 certa
588 2107 622 2138 ct
637 2104 755 2149 proba
774 2103 1042 2149 grammaticae
1060 2102 1281 2148 disciplinae
1299 2102 1399 2139 dieta
1416 2106 1516 2139 sunt.
1552 2116 1559 2122 “
1618 2119 1619 2123 ’

131 2212 149 2245 1
254 2201 638 2250 Quadrigarius
684 2201 734 2240 in
782 2200 940 2240 tertio
989 2200 1338 2241 annaliumita
1367 2200 1558 2252 scripsit:
1615 2187 1619 2234 ἶ

163 2257 240 2297 Ibi
294 2256 564 2296 occiditur
617 2257 762 2296 mille
807 2256 1078 2296 hominum.
1155 2257 1455 2306 Occiditur,
1500 2259 1560 2298 in-

1566 2399 1581 2415 ξ’(

1561 2421 1570 2426 ,,
1575 2415 1581 2422 γι

1553 2427 1575 2439 ⁴>-
