1635 2492
678 56 765 95 XII.
796 67 840 96 11.
1413 56 1467 96 53

49 167 308 209 Cicerone
342 174 382 208 et
415 169 459 218 Q.
486 168 646 209 Ennio
681 174 722 208 et
745 169 789 208 P.
815 168 1051 219 Vergilio
1084 170 1300 218 iudicauit,
1323 178 1382 210 'ea
1400 181 1468 210 res

49 224 284 266 cuiusmodi
315 226 390 274 sit,
423 226 477 265 ad
510 226 860 266 considerandum
889 237 1112 276 ponemus.

128 283 174 322 In
213 282 349 324 libro
383 282 491 322 enim
531 282 788 323 uicesimo
829 284 1066 324 secundo
1108 284 1507 334 epistularumss

45 339 334 388 moralium,
369 350 472 389 quas
498 340 552 379 ad
573 338 775 379 Lucilium
805 340 1049 391 conposuit,
1091 341 1345 381 deridiculos
1376 351 1469 380 uer-

46 405 119 435 sus
147 396 192 446 Q.
217 395 431 436 Ennium
463 396 516 435 de
540 397 693 446 Cetego
725 397 896 447 antiquo
929 396 1019 436 uiro
1053 397 1205 438 fecisse
1237 399 1315 438 hos
1349 397 1467 437 dicit:

488 474 536 512 Is
569 473 775 514 dictust
808 474 934 514 ollis
965 474 1316 525 popularibus
1350 474 1469 514 olim

104 529 198 581 Qui
227 535 333 570 tum
362 529 617 570 uiuebant
645 531 884 571 homines
916 537 1073 581 atque
1104 542 1281 571 aeuum
1314 531 1469 581 agita-

102 646 226 686 Flos
260 643 527 684 delibatus
559 644 765 695 populi,
815 588 1168 695 sugggffeque]
1202 645 1441 685 medulla.

45 741 109 778 Ac
136 737 288 777 deinde
320 735 488 776 scribsit
518 735 569 774 de
599 735 734 775 isdem
762 735 956 775 uersibus
980 736 1110 776 uerba
1140 736 1263 776 haec:
1295 735 1509 782 Admi-4

43 807 137 837 ror
169 792 647 844 eloquentissimos
676 792 820 833 uiros
855 799 903 831 et
928 793 1142 833 deditos
1173 793 1340 833 Ennio
1372 805 1467 843 pro

45 850 256 903 optimis
287 849 513 889 ridicula
543 849 807 889 laudasse.
845 849 1024 890 Cicero
1057 854 1198 889 certe
1223 850 1360 889 inter
1382 851 1470 889 bo·

43 920 138 950 nos
171 908 284 947 eius
323 918 513 946 uersus
550 911 598 945 et
642 906 734 947 lios
780 907 954 946 refert.
1016 909 1158 957 Atque
1191 906 1232 945 id
1264 907 1386 946 etiam
1417 907 1506 952 def,

47 965 302 1006 Cicerone
342 963 457 1002 dicit:
503 965 610 1003 Non
644 963 821 1011 miror,
851 963 1002 1013 inquit,
1037 964 1225 1011 fuisse,
1258 963 1342 1014 qui
1374 964 1469 1004 hos

45 1033 237 1062 uersus
271 1021 557 1068 scriberet,
593 1031 703 1059 cum
736 1020 911 1068 fuerit,
946 1021 1033 1070 qui
1063 1021 1325 1069 laudaret3
1367 1020 1471 1060 nisi

46 1081 184 1120 forte
203 1078 386 1117 Cicero
411 1088 634 1116 summus
660 1083 838 1116 orator
869 1077 1054 1126 agebat
1088 1088 1294 1117 causam
1327 1089 1469 1117 suam

47 1141 96 1175 et
136 1135 358 1174 uolebat
398 1133 492 1173 hos
534 1145 726 1173 uersus
760 1134 933 1173 uideri
968 1135 1150 1174 bonos.
1212 1135 1367 1174 Postea
1388 1135 1508 1180 hoc6

47 1191 168 1231 etiam
207 1190 366 1230 addidit
395 1190 691 1230 insulsissime:
754 1194 892 1240 Aput
930 1190 1100 1240 ipsum
1141 1202 1370 1240 quoque,
1412 1191 1470 1229 in-

47 1248 154 1298 quit,
191 1247 489 1287 Ciceronem
515 1247 760 1286 inuenies
788 1247 937 1286 etiam
967 1248 1014 1287 in
1042 1259 1201 1298 prosa
1226 1247 1470 1287 oratione

1 1356 7 1360 .
47 1303 316 1355 quaedam,
364 1315 422 1343 ex
458 1304 649 1353 quibus
691 1303 1004 1357 intellegas,
1052 1305 1193 1343 illum
1224 1316 1324 1344 non
1351 1316 1469 1354 per-

13 1379 16 1383 <
47 1360 252 1401 didisse
285 1371 514 1411 operam,
554 1361 690 1411 quod
721 1361 933 1400 Ennium
964 1361 1107 1411 legit.
1152 1361 1273 1401 Ponit
1305 1361 1506 1409 deinde,7

47 1429 154 1468 quae
173 1418 286 1467 apud
304 1417 607 1458 Ciceronem
623 1418 921 1468 reprehendat,
942 1418 1061 1468 quasi
1077 1417 1333 1466 Enniana,
1355 1418 1470 1468 quod

0 1475 100 1521 §ita
131 1474 348 1524 scripserit
387 1474 427 1514 in
469 1474 624 1514 libris
666 1476 724 1514 de
762 1475 1062 1525 republica:
1124 1475 1190 1514 Vt
1231 1475 1468 1514 Menelao

0 1532 17 1577 ’,-
44 1531 238 1572 Laconi
282 1532 535 1581 quaedam
574 1531 672 1571 fuit
705 1532 1095 1581 suauiloquens
1131 1531 1468 1579 iucunditas,

0 1619 11 1632 ,
46 1594 88 1628 et
118 1588 233 1638 quod
262 1588 342 1627 alio
379 1587 419 1627 in
450 1589 546 1628 loco
581 1587 748 1627 dixerit:
789 1588 1278 1638 breuiloquentiam
1308 1588 1356 1627 in
1397 1588 1469 1626 di-

2 1634 26 1683 ?2·
47 1645 215 1685 cendo
244 1646 396 1685 colat.
429 1647 570 1695 Atque
587 1644 641 1684 ibi
658 1644 783 1684 homo
802 1650 982 1694 nugator
1000 1645 1274 1685 Ciceronis
1302 1654 1509 1690 errores&

0 1686 299 1752 {deprecatur
330 1707 389 1741 et:
434 1701 687 1749 nonfuit,
735 1701 886 1751 inquit,
939 1701 1217 1741 Ciceronis
1257 1702 1354 1741 hoc
1393 1701 1468 1740 ui-

0 1753 190 1818 }'tium,
225 1758 621 1809 sedtemporis,
654 1769 877 1798 necesse
902 1765 1014 1798 erat
1045 1759 1168 1797 haec
1202 1757 1325 1806 dici,
1361 1769 1469 1797 cum

0 1814 135 1885 {gilla
159 1816 476 1865 legerentur.
507 1815 667 1855 Deinde
685 1815 900 1862 adscribit,
929 1815 1238 1855 Ciceronem
1256 1815 1360 1854 haec
1377 1815 1507 1865 ipsa9

0 1875 21 1922 ὶ-
46 1870 354 1922 interposuisse
385 1873 439 1911 ad
471 1871 753 1922 effugiendam
782 1871 991 1911 infamiam
1023 1871 1143 1912 nimis
1167 1871 1353 1912 lasciuae
1379 1883 1468 1911 ora-

0 1923 19 1983 Ξ
46 1927 172 1968 tionis
199 1934 241 1968 et
268 1928 435 1968 nitidae.

12 1986 15 1987 ⁷
132 1985 194 2024 De
223 1985 464 2035 Vergilio
504 1997 675 2036 quoque
714 1985 863 2025 eodem
893 1985 934 2025 in
968 1987 1063 2026 loco
1097 1986 1228 2026 uerba
1258 1985 1362 2023 haec
1392 1994 1526 2034 po-lo

7 2040 127 2090 J-nit:
177 2041 450 2091 Vergilius
492 2054 698 2092 quoque
731 2048 914 2082 noster
945 2054 1044 2082 non
1077 2054 1134 2081 ex
1167 2041 1267 2081 alia
1301 2052 1466 2081 causa

2 2106 18 2142 ῑ,
52 2096 215 2138 duros
262 2099 518 2148 quosdam
563 2111 753 2139 uersus
802 2104 847 2137 et
893 2109 1131 2139 enormes
1179 2104 1225 2137 et
1260 2097 1468 2147 aliquid

8 2150 19 2199 ,’
50 2163 214 2203 supra
237 2166 529 2195 mensuram
551 2157 825 2195 trahentes
853 2154 1204 2205 interposuit,
1238 2165 1384 2204 quam
1413 2159 1468 2194 ut

2 2209 25 2262 42
51 2209 317 2250 Ennianus
343 2213 571 2262 populus
598 2213 961 2262 adgnosceret
988 2212 1036 2251 in
1068 2223 1206 2252 nouo
1241 2211 1467 2251 carmine

25 2264 251 2316 “aliquid
283 2268 638 2318 antiquitatis.
