1619 2476
111 33 168 75 84
417 33 520 72 XIII.
552 45 620 72 xv.
643 10 730 71 1111.
753 36 956 81 xvi1.(xv.
975 35 1078 71 extr.
1099 35 1203 80 xvh)

113 146 287 187 iustus
328 145 531 185 curiata
571 145 720 183 datur
752 145 889 193 lege;
937 142 1157 183 maiores
1195 144 1512 185 centuriatis

116 202 349 243 comitiis
382 202 525 240 fiunt.

74 269 95 302 5
193 261 254 297 Ex
283 258 344 297 his
378 257 566 297 omnibus
597 255 735 296 uerbis
766 256 1048 294 Messallae
1084 255 1345 297 manifestum
1372 256 1434 304 fit,
1474 262 1514 296 et

115 315 182 364 qui
215 315 294 353 sint
325 313 585 363 magistratus
621 313 801 353 minores
831 316 871 350 et
895 312 1163 361 quamobrem
1188 312 1418 353 ‘minores'
1445 325 1513 362 ap-

74 372 327 421 6pellentur.
390 370 473 409 Sed
504 375 543 408 ct
571 371 785 418 conlegam
810 378 904 407 esse
936 372 1170 417 praetorem
1194 368 1354 408 consuli
1376 369 1511 415 docet,

77 433 97 469 7
116 428 228 477 quod
247 427 395 466 eodem
418 426 603 476 auspicio
627 430 830 464 creantur.
892 423 1048 463 Maiora
1073 429 1209 464 autem
1230 424 1420 464 dIcuntur
1445 436 1513 464 au-

114 483 241 533 spicia
276 483 450 529 habere,
495 481 589 531 quia
622 493 765 521 eorum
796 479 980 529 auspicia
1009 479 1137 530 magis
1161 486 1249 519 rata
1274 485 1369 520 sunt
1393 491 1513 530 quarn

112 539 296 580 aliorum.

568 651 672 690 XVI.
706 654 792 698 (ug.
815 649 904 689 XV.
929 652 1050 695 extr.)

111 733 200 768 Item
231 731 345 766 uerba
374 727 544 763 eiusdem
566 727 789 769 Messallae,
822 725 1063 768 disserentis,
1097 725 1199 761 aliud
1220 735 1306 762 csse
1328 726 1376 762 ad
1397 737 1515 773 popu—

169 789 243 822 lum
272 785 393 831 loqui,
429 783 531 820 aliud
553 794 636 819 cum
661 783 800 829 populo
824 792 960 829 agere,
996 785 1029 816 et
1050 782 1112 828 qui
1137 782 1375 828 magiStratus
1399 793 1419 818 a
1437 783 1515 829 qui—

167 845 236 879 bus
256 845 415 878 anocent
436 840 675 876 comitiatum.

55 941 180 985 1(xv.
202 935 242 979 8)
323 931 435 969 Idem
461 929 712 968 Messalla
750 927 796 968 in
831 928 1011 969 eodem
1044 927 1174 966 libro
1207 927 1258 966 de
1287 926 1514 966 minoribus

113 986 420 1038 magistratibus
443 986 497 1024 ita
526 984 708 1025 scribsit:
773 985 963 1024 Consul
994 984 1051 1022 ab
1085 983 1327 1024 omnibus
1357 982 1515 1031 magi-

114 1044 363 1085 stratibus
410 1047 459 1081 et
503 1041 816 1082 comitiatum
858 1045 905 1080 et
953 1039 1249 1079 contionem
1289 1049 1516 1079 auocare

113 1105 306 1151 potest.
348 1100 561 1138 Praetor
591 1103 638 1136 ct
669 1097 1005 1136 comitiatum
1035 1102 1084 1135 et
1114 1095 1412 1136 contionem
1434 1106 1516 1134 us-

116 1167 429 1207 quequaque
459 1165 686 1193 auocare
714 1158 914 1203 potest,
954 1152 1060 1192 nisi
1086 1163 1109 1190 a
1142 1152 1371 1192 consule.
1430 1150 1516 1190 Mi-

115 1225 271 1254 nores
303 1210 653 1260 magistratus
683 1220 937 1259 nusquam
959 1220 1050 1249 nec
1075 1207 1400 1248 comitiatum
1423 1216 1516 1246 nec

116 1269 414 1310 contionem
449 1277 673 1306 auocare
714 1271 952 1315 possunt.
1014 1267 1080 1304 Ea
1117 1275 1189 1311 re,
1230 1263 1313 1313 qui
1344 1273 1514 1302 eorum

113 1326 310 1376 primus
340 1328 499 1362 uocat
529 1323 587 1360 ad
619 1322 952 1368 comitiatum,
986 1321 1027 1360 is
1056 1324 1195 1359 recte
1223 1318 1345 1368 agit,
1401 1318 1516 1367 quia

113 1381 356 1420 bifariam
394 1390 501 1417 cum
532 1378 732 1427 populo
767 1376 845 1425 agi
882 1382 979 1416 non
1018 1380 1209 1425 potest.
1269 1376 1369 1414 Nec
1400 1385 1517 1414 auo-

116 1449 235 1477 care
267 1435 403 1474 alius
434 1434 523 1473 alii
551 1437 754 1483 posset,
805 1432 848 1472 si
885 1432 1185 1471 contionem
1214 1431 1405 1470 habere
1432 1442 1517 1470 uo-

114 1496 241 1541 lunt,
282 1491 355 1531 uti
395 1502 452 1530 ne
492 1502 600 1530 cum
641 1490 836 1538 populo
878 1493 1061 1538 agant,
1103 1487 1341 1537 quamuis
1371 1486 1518 1525 multi

115 1549 457 1599 magistratus
506 1547 656 1586 simul
704 1545 1001 1585 contionem
1040 1544 1233 1583 habere
1273 1548 1515 1594 possunt.

58 1614 80 1648 2
97 1611 153 1654 (9)
184 1608 248 1645 Ex
271 1605 334 1644 his
360 1603 499 1643 uerbis
520 1603 741 1642 Messallae
764 1601 1022 1640 manifestum
1044 1606 1126 1649 est,
1152 1599 1262 1639 aliud
1282 1610 1377 1639 esse
1400 1601 1517 1638 ecum

59 1670 81 1704 3
97 1667 177 1711 (10)
205 1662 361 1713 populo
386 1662 547 1710 agere'‚
571 1658 680 1698 aliud
703 1658 957 1698 ‘contionem
977 1657 1161 1696 habere’.
1191 1657 1291 1695 Nam
1315 1659 1425 1695 ‘cum
1445 1666 1517 1704 po-

115 1721 213 1769 pulo
238 1720 384 1768 agere'
421 1722 484 1756 est
506 1726 654 1765 rogare
684 1715 780 1764 quid
810 1716 1029 1765 populum,
1068 1712 1181 1762 quod
1203 1710 1410 1761 suffragiis
1432 1711 1516 1750 suis

117 1780 187 1815 aut
205 1775 346 1814 iubeat
367 1778 436 1812 aut
459 1776 592 1820 uetet‚
625 1776 635 1794 ²
651 1771 909 1811 contionem'
935 1774 1070 1809 autem
1089 1769 1285 1807 thabere'
1307 1772 1371 1807 est
1389 1767 1517 1806 uerba

117 1834 256 1871 facere
279 1831 331 1870 ad
356 1830 556 1880 populum
581 1828 668 1867 sine
688 1829 771 1867 ulla
794 1826 1021 1877 rogatione.
1416 1833 1421 1838 ·

670 1940 794 1981 XVII.
817 1939 960 1988 (XVI.)

119 2026 394 2062 Humanitatem
420 2036 494 2060 non
515 2023 730 2071 significare
752 2021 802 2065 id„
827 2020 927 2068 quod
947 2021 1083 2066 uulgus
1108 2022 1222 2066 putat,
1249 2018 1318 2054 sed
1340 2028 1384 2053 eo
1405 2027 1517 2052 uoca-

175 2083 276 2126 bulo,
299 2083 359 2128 qui
385 2081 576 2117 sinceriter
597 2080 708 2115 locuti
732 2082 828 2122 sunt,
851 2077 973 2124 magis
995 2076 1146 2123 proprie
1170 2085 1255 2111 esse
1281 2085 1385 2110 usos.

83 2175 103 2209 1
206 2169 279 2217 Qui
312 2169 441 2207 uerba
476 2167 619 2206 Latina
658 2167 844 2205 fecerunt
880 2163 1032 2213 quique
1066 2161 1128 2202 his
1168 2161 1299 2212 probe
1319 2160 1385 2200 usi
1407 2163 1515 2204 sunt,

124 2224 448 2263 ‘humanitatem’
472 2235 553 2263 non
577 2223 615 2261 id
638 2233 732 2262 esse
753 2223 985 2266 uoluerunt,
1009 2218 1121 2268 quod
1141 2218 1290 2267 uolgus
1314 2214 1518 2256 existimat
