1635 2492
0 484 10 494 ‚
0 438 8 458 >m
0 418 11 428 ς
0 0 64 408 ,wwmssfmw

0 514 9 536 y.
574 466 634 529 A.
680 466 720 530 G
739 467 780 530 E
801 468 837 530 L
858 468 895 531 L
915 470 940 532 Ι
958 470 982 532 I

0 551 6 654 Ι»
59 613 363 690 Noc‘rlvM
408 613 800 690 ATTIGARVM
848 616 1048 691 LIBER
1087 613 1479 692 anEcfflvs,

756 870 790 913 Ι.

66 972 122 1009 De
144 973 291 1020 origine
312 973 488 1009 uocabuli
506 976 627 1009 terrae
645 974 796 1019 Italiae;
821 974 945 1021 deque
967 985 1011 1011 ea
1032 975 1159 1018 multa,
1182 985 1278 1021 quae
1301 986 1478 1022 suprema

127 1030 337 1076 appellatur
359 1029 481 1076 deque
513 1029 594 1066 eius
624 1032 787 1067 nominis
817 1032 962 1066 ratione
996 1043 1040 1067 ae
1063 1030 1110 1067 de
1132 1032 1217 1078 lege
1238 1032 1417 1077 Aternia;
1442 1037 1477 1068 et

126 1085 259 1132 quibus
281 1087 408 1122 uerbis
430 1086 632 1132 antiquitus
649 1089 765 1123 multa
786 1088 940 1123 minima
964 1088 1036 1123 dici
1060 1089 1171 1124 solita
1191 1088 1250 1124 sit.

140 1161 387 1222 Timaeus
411 1182 450 1221 in
477 1182 741 1231 historiis,
760 1195 878 1232 >quas
899 1183 1087 1224 oratione
1107 1184 1266 1223 Graeca
1283 1184 1335 1223 de
1352 1185 1477 1224 rebus
1499 1197 1516 1231 l

68 1239 215 1290 populi
243 1239 420 1279 Romani
453 1239 709 1289 composuit,
740 1246 780 1280 et
800 1242 853 1279 M.
878 1242 1047 1280 Varro
1078 1241 1117 1279 in
1152 1240 1478 1290 antiquitati-

0 1292 3 1294 ’
66 1295 160 1336 bus
194 1306 365 1335 rerum
399 1297 728 1335 humanarum
759 1302 911 1336 terram
930 1297 1086 1336 Italiam
1107 1298 1157 1336 de
1178 1298 1336 1337 Graeco
1355 1309 1478 1337 uoca-

6 1386 9 1387 ⁷
69 1352 167 1394 bulo
190 1353 439 1403 appellatam
461 1352 741 1402 scripserunt,
773 1354 968 1403 quoniam
992 1354 1126 1394 boues
1154 1354 1311 1393 Graeca
1334 1359 1478 1394 uetere

69 1408 208 1460 lingua
238 1405 429 1449 ‘dvakoi'
460 1409 632 1449 uocitati
664 1409 765 1457 sint,
800 1422 977 1460 quorum
994 1410 1034 1449 in
1053 1410 1165 1450 Italia
1190 1421 1339 1460 magna
1358 1411 1478 1461 copia

0 1463 5 1512 ἒ
66 1466 207 1515 fuerit,
233 1465 471 1516 bucetaque
496 1466 536 1505 in
564 1477 613 1505 ea
637 1471 748 1505 terra
765 1467 875 1518 gigni
899 1466 1100 1518 pascique
1124 1467 1245 1507 solita
1261 1466 1343 1506 sint
1367 1478 1477 1507 com-

4 1532 6 1535 ’
63 1522 253 1574 plurima.

152 1578 398 1620 Coniectare
426 1583 563 1618 autem
594 1590 823 1629 possumus
850 1580 902 1619 ob
927 1580 1102 1619 eandem
1136 1592 1326 1629 causam,
1360 1581 1471 1629 quod
1492 1586 1514 1621 2

20 1648 23 1649 ⁷
65 1635 181 1676 Italia
210 1641 310 1676 tunc
342 1641 457 1676 esset
478 1635 856 1684 armentosissima,
887 1638 1068 1683 multam,
1103 1647 1209 1686 quae
1242 1638 1478 1686 appellatur

5 1740 8 1744 .
65 1695 312 1743 ‘suprema'‚
340 1692 567 1732 institutam
590 1691 628 1731 in
649 1692 738 1732 dies
765 1693 954 1742 singulos
973 1693 1147 1732 duarum
1167 1692 1319 1741 ouium,
1348 1693 1476 1733 boum

62 1749 243 1799 triginta,
276 1761 352 1799 pro
371 1748 492 1799 copia
509 1749 669 1789 scilicet
684 1749 811 1789 boum
830 1760 992 1799 proque
1011 1748 1150 1789 ouium
1170 1749 1357 1799 penuria.
1391 1750 1476 1789 Sed

64 1816 157 1845 cum
170 1805 377 1846 eiusmodi
395 1807 522 1845 multa
538 1805 705 1856 pecoris
725 1806 983 1855 armentique
1001 1816 1024 1844 a
1041 1805 1350 1855 magistratibus
1367 1806 1477 1846 dicta

64 1867 174 1910 erat,
213 1861 486 1912 adigebantur
516 1863 650 1902 boues
695 1874 883 1912 ouesque
917 1862 1017 1901 alias
1049 1862 1166 1912 pretii
1204 1862 1340 1912 parui,
1372 1863 1474 1903 alias

63 1918 256 1971 maioris,
288 1930 423 1969 eaque
443 1930 511 1959 res
529 1919 706 1958 faciebat
723 1919 982 1968 inaequalem
999 1920 1152 1958 multae
1175 1919 1473 1968 poenitionem.

62 1975 222 2015 Idcirco
252 1980 402 2026 postea
423 1977 537 2025 lege
557 1976 773 2015 Aternia
799 1975 1011 2015 constituti
1033 1980 1130 2015 sunt
1147 1974 1187 2014 in
1211 1986 1314 2016 oues
1338 1976 1474 2026 singu-

6 2064 12 2066 *
62 2031 124 2071 las
141 2031 249 2072 aeris
266 2032 375 2080 deni,
404 2032 445 2072 in
461 2032 594 2072 boues
613 2032 719 2072 aeris
739 2032 913 2072 centeni.
977 2031 1176 2071 ‘Minima'
1195 2037 1330 2072 autem
1347 2034 1472 2072 multa
1490 2040 1512 2075 3

63 2092 130 2128 est
156 2088 248 2129 ouis
265 2088 401 2129 unius.
438 2088 676 2139 ‘Suprema'
715 2091 842 2129 multa
860 2094 923 2128 est
949 2087 1036 2128 eius
1061 2088 1241 2136 numeri,
1269 2089 1385 2129 cuius
1416 2090 1472 2128 di-

62 2145 224 2193 ximus,
256 2146 363 2185 ultra
390 2157 511 2196 quem
538 2147 706 2185 multam
735 2146 874 2185 dicere
902 2145 941 2184 in
971 2145 1061 2184 dies
1087 2145 1274 2194 singulos
1303 2145 1367 2185 ius
1389 2158 1473 2186 non

70 2204 147 2249 est,
179 2207 220 2242 et
241 2207 466 2253 propterea
482 2205 710 2252 ‘suprema'
729 2203 982 2253 appellatur,
1014 2201 1053 2240 id
1071 2206 1135 2241 est
1156 2213 1317 2242 summa
1334 2207 1374 2242 et
1391 2214 1472 2242 ma·

0 2363 31 2418 ἐ
