<?xml version="1.0" encoding="UTF-8"?>
<!DOCTYPE html PUBLIC "-//W3C//DTD XHTML 1.0 Transitional//EN"
    "http://www.w3.org/TR/xhtml1/DTD/xhtml1-transitional.dtd">
<html xmlns="http://www.w3.org/1999/xhtml" xml:lang="en" lang="en">
 <head>
  <title>
</title>
<meta http-equiv="Content-Type" content="text/html;charset=utf-8" />
  <meta name='ocr-system' content='tesseract 3.04.00' />
  <meta name='ocr-capabilities' content='ocr_page ocr_carea ocr_par ocr_line ocrx_word'/>
</head>
<body>
  <div class='ocr_page' id='page_1' title='image "./agelliinoctivmat00gelluoft_0536.png"; bbox 0 0 1619 2476; ppageno 0'>
   <div class='ocr_carea' id='block_1_1' title="bbox 151 55 984 99">
    <p class='ocr_par' dir='ltr' id='par_1_1' title="bbox 151 55 984 99">
     <span class='ocr_line' id='line_1_1' title="bbox 151 55 984 99; baseline -0.007 -1"><span class='ocrx_word' id='word_1_1' title='bbox 151 56 237 99; x_wconf 82' lang='lat'>250</span> <span class='ocrx_word' id='word_1_2' title='bbox 720 55 808 94; x_wconf 90' lang='lat' dir='ltr'>XX.</span> <span class='ocrx_word' id='word_1_3' title='bbox 831 65 889 93; x_wconf 92' lang='lat' dir='ltr'>v1.</span> <span class='ocrx_word' id='word_1_4' title='bbox 909 64 984 92; x_wconf 91' lang='lat' dir='ltr'>v11.</span> 
     </span>
    </p>
   </div>
   <div class='ocr_carea' id='block_1_2' title="bbox 92 162 1551 554">
    <p class='ocr_par' dir='ltr' id='par_1_2' title="bbox 92 162 1551 554">
     <span class='ocr_line' id='line_1_2' title="bbox 153 162 1551 213; baseline -0.004 -4"><span class='ocrx_word' id='word_1_5' title='bbox 153 168 249 211; x_wconf 90' lang='lat' dir='ltr'>Mei</span> <span class='ocrx_word' id='word_1_6' title='bbox 274 167 379 207; x_wconf 86' lang='lat' dir='ltr'>enim</span> <span class='ocrx_word' id='word_1_7' title='bbox 401 168 620 206; x_wconf 84' lang='lat' dir='ltr'>Plautus</span> <span class='ocrx_word' id='word_1_8' title='bbox 644 165 723 205; x_wconf 87' lang='lat' dir='ltr'>hoc</span> <span class='ocrx_word' id='word_1_9' title='bbox 746 164 786 203; x_wconf 91' lang='lat' dir='ltr'>in</span> <span class='ocrx_word' id='word_1_10' title='bbox 811 165 904 204; x_wconf 90' lang='lat' dir='ltr'>loco</span> <span class='ocrx_word' id='word_1_11' title='bbox 932 175 1016 204; x_wconf 91' lang='lat' dir='ltr'>non</span> <span class='ocrx_word' id='word_1_12' title='bbox 1046 164 1097 202; x_wconf 89' lang='lat' dir='ltr'>ab</span> <span class='ocrx_word' id='word_1_13' title='bbox 1119 175 1169 204; x_wconf 93' lang='lat' dir='ltr'>eo</span> <span class='ocrx_word' id='word_1_14' title='bbox 1195 162 1318 211; x_wconf 88' lang='lat' dir='ltr'>dixit,</span> <span class='ocrx_word' id='word_1_15' title='bbox 1348 164 1462 213; x_wconf 91' lang='lat' dir='ltr'>quod</span> <span class='ocrx_word' id='word_1_16' title='bbox 1485 167 1551 203; x_wconf 89' lang='lat' dir='ltr'>est</span> 
     </span>
     <span class='ocr_line' id='line_1_3' title="bbox 98 219 1548 270; baseline -0.003 -6"><span class='ocrx_word' id='word_1_17' title='bbox 98 227 336 270; x_wconf 67' lang='lat' dir='ltr'>10‘meus’,</span> <span class='ocrx_word' id='word_1_18' title='bbox 370 223 446 263; x_wconf 91' lang='lat' dir='ltr'>sed</span> <span class='ocrx_word' id='word_1_19' title='bbox 464 223 514 261; x_wconf 91' lang='lat' dir='ltr'>ab</span> <span class='ocrx_word' id='word_1_20' title='bbox 533 233 604 269; x_wconf 86' lang='lat' dir='ltr'>eo,</span> <span class='ocrx_word' id='word_1_21' title='bbox 639 222 751 270; x_wconf 88' lang='lat' dir='ltr'>quod</span> <span class='ocrx_word' id='word_1_22' title='bbox 774 225 840 260; x_wconf 88' lang='lat' dir='ltr'>est</span> <span class='ocrx_word' id='word_1_23' title='bbox 856 222 999 270; x_wconf 71' lang='lat' dir='ltr'>‘ego&#39;.</span> <span class='ocrx_word' id='word_1_24' title='bbox 1061 220 1204 269; x_wconf 88' lang='lat' dir='ltr'>ltaque</span> <span class='ocrx_word' id='word_1_25' title='bbox 1228 219 1264 259; x_wconf 92' lang='lat' dir='ltr'>si</span> <span class='ocrx_word' id='word_1_26' title='bbox 1280 219 1419 259; x_wconf 86' lang='lat' dir='ltr'>dicere</span> <span class='ocrx_word' id='word_1_27' title='bbox 1444 219 1548 260; x_wconf 87' lang='lat' dir='ltr'>uelis</span> 
     </span>
     <span class='ocr_line' id='line_1_4' title="bbox 152 271 1549 330; baseline -0.003 -10.933"><span class='ocrx_word' id='word_1_28' title='bbox 152 285 334 330; x_wconf 86' lang='lat' dir='ltr'>patrem</span> <span class='ocrx_word' id='word_1_29' title='bbox 362 279 465 318; x_wconf 89' lang='lat' dir='ltr'>mei’</span> <span class='ocrx_word' id='word_1_30' title='bbox 492 290 567 328; x_wconf 87' lang='lat' dir='ltr'>pro</span> <span class='ocrx_word' id='word_1_31' title='bbox 594 281 779 328; x_wconf 83' lang='lat' dir='ltr'>patrem</span> <span class='ocrx_word' id='word_1_32' title='bbox 809 278 986 323; x_wconf 90' lang='lat' dir='ltr'>meum’‚</span> <span class='ocrx_word' id='word_1_33' title='bbox 1020 287 1102 325; x_wconf 91' lang='lat' dir='ltr'>quo</span> <span class='ocrx_word' id='word_1_34' title='bbox 1121 275 1269 315; x_wconf 86' lang='lat' dir='ltr'>Graeci</span> <span class='ocrx_word' id='word_1_35' title='bbox 1293 277 1453 317; x_wconf 91' lang='lat' dir='ltr'>modo</span> <span class='ocrx_word' id='word_1_36' title='bbox 1466 271 1549 315; x_wconf 84' lang='grc' dir='ltr'>τὸν</span> 
     </span>
     <span class='ocr_line' id='line_1_5' title="bbox 150 332 1546 399; baseline -0.003 -23"><span class='ocrx_word' id='word_1_37' title='bbox 150 333 318 387; x_wconf 80' lang='grc' dir='ltr'><strong><em>πατέρα</em></strong></span> <span class='ocrx_word' id='word_1_38' title='bbox 343 338 454 399; x_wconf 63' lang='lat' dir='ltr'>pov&#39;</span> <span class='ocrx_word' id='word_1_39' title='bbox 484 335 636 382; x_wconf 87' lang='lat' dir='ltr'>dicunt,</span> <span class='ocrx_word' id='word_1_40' title='bbox 666 333 860 373; x_wconf 79' lang='lat' dir='ltr'>inusitate</span> <span class='ocrx_word' id='word_1_41' title='bbox 891 332 1078 382; x_wconf 86' lang='lat' dir='ltr'>quidem,</span> <span class='ocrx_word' id='word_1_42' title='bbox 1108 332 1185 372; x_wconf 91' lang='lat' dir='ltr'>sed</span> <span class='ocrx_word' id='word_1_43' title='bbox 1217 336 1330 371; x_wconf 88' lang='lat' dir='ltr'>recte</span> <span class='ocrx_word' id='word_1_44' title='bbox 1357 334 1546 382; x_wconf 84' lang='lat' dir='ltr'>profecto</span> 
     </span>
     <span class='ocr_line' id='line_1_6' title="bbox 149 387 1546 442; baseline -0.002 -10"><span class='ocrx_word' id='word_1_45' title='bbox 149 403 282 442; x_wconf 87' lang='lat' dir='ltr'>eaque</span> <span class='ocrx_word' id='word_1_46' title='bbox 312 392 471 432; x_wconf 84' lang='lat' dir='ltr'>ratione</span> <span class='ocrx_word' id='word_1_47' title='bbox 493 390 631 438; x_wconf 88' lang='lat' dir='ltr'>dices,</span> <span class='ocrx_word' id='word_1_48' title='bbox 664 401 745 439; x_wconf 87' lang='lat' dir='ltr'>qua</span> <span class='ocrx_word' id='word_1_49' title='bbox 770 391 988 429; x_wconf 86' lang='lat' dir='ltr'>Plautus</span> <span class='ocrx_word' id='word_1_50' title='bbox 1021 387 1122 427; x_wconf 85' lang='lat' dir='ltr'>dixit</span> <span class='ocrx_word' id='word_1_51' title='bbox 1149 387 1305 429; x_wconf 69' lang='lat' dir='ltr'>&lt;labori</span> <span class='ocrx_word' id='word_1_52' title='bbox 1338 388 1442 428; x_wconf 86' lang='lat' dir='ltr'>mei&#39;</span> <span class='ocrx_word' id='word_1_53' title='bbox 1470 400 1546 438; x_wconf 90' lang='lat' dir='ltr'>pro</span> 
     </span>
     <span class='ocr_line' id='line_1_7' title="bbox 92 444 1548 496; baseline -0.002 -9"><span class='ocrx_word' id='word_1_54' title='bbox 92 461 132 494; x_wconf 82' lang='lat'>11</span> <span class='ocrx_word' id='word_1_55' title='bbox 149 453 159 471; x_wconf 64' lang='lat'>⁹</span> <span class='ocrx_word' id='word_1_56' title='bbox 175 448 306 489; x_wconf 90' lang='lat' dir='ltr'>labori</span> <span class='ocrx_word' id='word_1_57' title='bbox 332 451 466 488; x_wconf 90' lang='lat' dir='ltr'>meo&#39;.</span> <span class='ocrx_word' id='word_1_58' title='bbox 529 448 641 487; x_wconf 85' lang='lat' dir='ltr'>Haec</span> <span class='ocrx_word' id='word_1_59' title='bbox 663 452 799 486; x_wconf 86' lang='lat' dir='ltr'>autem</span> <span class='ocrx_word' id='word_1_60' title='bbox 822 446 914 495; x_wconf 86' lang='lat' dir='ltr'>ipsa</span> <span class='ocrx_word' id='word_1_61' title='bbox 938 444 1041 485; x_wconf 83' lang='lat' dir='ltr'>ratio</span> <span class='ocrx_word' id='word_1_62' title='bbox 1067 449 1131 484; x_wconf 88' lang='lat' dir='ltr'>est</span> <span class='ocrx_word' id='word_1_63' title='bbox 1154 444 1193 484; x_wconf 92' lang='lat' dir='ltr'>in</span> <span class='ocrx_word' id='word_1_64' title='bbox 1217 455 1390 485; x_wconf 89' lang='lat' dir='ltr'>numero</span> <span class='ocrx_word' id='word_1_65' title='bbox 1411 447 1548 496; x_wconf 89' lang='lat' dir='ltr'>plura-</span> 
     </span>
     <span class='ocr_line' id='line_1_8' title="bbox 149 501 1548 554; baseline -0.002 -10"><span class='ocrx_word' id='word_1_66' title='bbox 149 505 255 552; x_wconf 90' lang='lat' dir='ltr'>tiuo‚</span> <span class='ocrx_word' id='word_1_67' title='bbox 282 516 364 554; x_wconf 87' lang='lat' dir='ltr'>qua</span> <span class='ocrx_word' id='word_1_68' title='bbox 387 506 548 544; x_wconf 86' lang='lat' dir='ltr'>Gracc</span> <span class='ocrx_word' id='word_1_69' title='bbox 562 505 620 543; x_wconf 82' lang='lat' dir='ltr'>hu</span> <span class='ocrx_word' id='word_1_70' title='bbox 635 515 654 543; x_wconf 90' lang='lat' dir='ltr'>s</span> <span class='ocrx_word' id='word_1_71' title='bbox 678 502 882 542; x_wconf 70' lang='lat' dir='ltr'>‘misereri</span> <span class='ocrx_word' id='word_1_72' title='bbox 900 504 1102 541; x_wconf 83' lang='lat' dir='ltr'>uestrum’</span> <span class='ocrx_word' id='word_1_73' title='bbox 1122 501 1224 541; x_wconf 88' lang='lat' dir='ltr'>dixit</span> <span class='ocrx_word' id='word_1_74' title='bbox 1245 506 1284 541; x_wconf 88' lang='lat' dir='ltr'>et</span> <span class='ocrx_word' id='word_1_75' title='bbox 1302 513 1384 551; x_wconf 88' lang='lat' dir='ltr'>qua</span> <span class='ocrx_word' id='word_1_76' title='bbox 1397 502 1451 541; x_wconf 90' lang='lat' dir='ltr'>M.</span> <span class='ocrx_word' id='word_1_77' title='bbox 1472 501 1548 541; x_wconf 89' lang='lat' dir='ltr'>Ci-</span> 
     </span>
    </p>
   </div>
   <div class='ocr_carea' id='block_1_3' title="bbox 147 557 1589 601">
    <p class='ocr_par' dir='ltr' id='par_1_3' title="bbox 147 557 1589 601">
     <span class='ocr_line' id='line_1_9' title="bbox 147 557 1589 601; baseline -0.002 -1"><span class='ocrx_word' id='word_1_78' title='bbox 147 572 267 601; x_wconf 88' lang='lat' dir='ltr'>cero</span> <span class='ocrx_word' id='word_1_79' title='bbox 300 560 536 601; x_wconf 73' lang='lat' dir='ltr'>‘contentio</span> <span class='ocrx_word' id='word_1_80' title='bbox 566 563 778 600; x_wconf 86' lang='lat' dir='ltr'>uestrum&#39;</span> <span class='ocrx_word' id='word_1_81' title='bbox 813 564 853 597; x_wconf 85' lang='lat' dir='ltr'>et</span> <span class='ocrx_word' id='word_1_82' title='bbox 882 557 1256 598; x_wconf 72' lang='lat' dir='ltr'>‘contentione</span> <span class='ocrx_word' id='word_1_83' title='bbox 1287 561 1546 598; x_wconf 87' lang='lat' dir='ltr'>nostrum’</span> <span class='ocrx_word' id='word_1_84' title='bbox 1587 576 1589 579; x_wconf 88' lang='grc'><em>·</em></span> 
     </span>
    </p>
   </div>
   <div class='ocr_carea' id='block_1_4' title="bbox 85 613 1547 1108">
    <p class='ocr_par' dir='ltr' id='par_1_4' title="bbox 141 613 1547 836">
     <span class='ocr_line' id='line_1_10' title="bbox 145 613 1547 667; baseline -0.003 -10"><span class='ocrx_word' id='word_1_85' title='bbox 145 617 250 657; x_wconf 86' lang='lat' dir='ltr'>dixit</span> <span class='ocrx_word' id='word_1_86' title='bbox 275 628 441 667; x_wconf 85' lang='lat' dir='ltr'>quaque</span> <span class='ocrx_word' id='word_1_87' title='bbox 465 617 561 656; x_wconf 86' lang='lat' dir='ltr'>item</span> <span class='ocrx_word' id='word_1_88' title='bbox 590 616 748 656; x_wconf 76' lang='lat' dir='ltr'>ratione</span> <span class='ocrx_word' id='word_1_89' title='bbox 773 614 1155 664; x_wconf 77' lang='lat' dir='ltr'>Quadrigarius</span> <span class='ocrx_word' id='word_1_90' title='bbox 1185 614 1225 654; x_wconf 93' lang='lat' dir='ltr'>in</span> <span class='ocrx_word' id='word_1_91' title='bbox 1255 613 1430 654; x_wconf 86' lang='lat' dir='ltr'>annali</span> <span class='ocrx_word' id='word_1_92' title='bbox 1459 626 1547 654; x_wconf 91' lang='lat' dir='ltr'>un-</span> 
     </span>
     <span class='ocr_line' id='line_1_11' title="bbox 145 670 1544 721; baseline -0.001 -9"><span class='ocrx_word' id='word_1_93' title='bbox 145 673 505 714; x_wconf 81' lang='lat' dir='ltr'>deuicensimo</span> <span class='ocrx_word' id='word_1_94' title='bbox 535 674 664 712; x_wconf 88' lang='lat' dir='ltr'>uerba</span> <span class='ocrx_word' id='word_1_95' title='bbox 695 673 797 711; x_wconf 83' lang='lat' dir='ltr'>haee</span> <span class='ocrx_word' id='word_1_96' title='bbox 821 670 984 721; x_wconf 87' lang='lat' dir='ltr'>posuit:</span> <span class='ocrx_word' id='word_1_97' title='bbox 1021 671 1062 710; x_wconf 90' lang='lat' dir='ltr'>C.</span> <span class='ocrx_word' id='word_1_98' title='bbox 1093 671 1239 719; x_wconf 87' lang='lat' dir='ltr'>Mari,</span> <span class='ocrx_word' id='word_1_99' title='bbox 1270 671 1544 720; x_wconf 83' lang='lat' dir='ltr'>ecquando</span> 
     </span>
     <span class='ocr_line' id='line_1_12' title="bbox 143 725 1547 779; baseline -0.003 -9"><span class='ocrx_word' id='word_1_100' title='bbox 143 735 191 769; x_wconf 91' lang='lat' dir='ltr'>te</span> <span class='ocrx_word' id='word_1_101' title='bbox 217 725 452 770; x_wconf 86' lang='lat' dir='ltr'>nostrum</span> <span class='ocrx_word' id='word_1_102' title='bbox 483 735 531 768; x_wconf 89' lang='lat' dir='ltr'>et</span> <span class='ocrx_word' id='word_1_103' title='bbox 565 728 897 779; x_wconf 85' lang='lat' dir='ltr'>reipublicae</span> <span class='ocrx_word' id='word_1_104' title='bbox 933 727 1292 767; x_wconf 87' lang='lat' dir='ltr'>miserebitur!</span> <span class='ocrx_word' id='word_1_105' title='bbox 1327 727 1547 777; x_wconf 84' lang='lat' dir='ltr'>Curigitur</span> 
     </span>
     <span class='ocr_line' id='line_1_13' title="bbox 141 784 1544 836; baseline -0.002 -10"><span class='ocrx_word' id='word_1_106' title='bbox 141 786 417 826; x_wconf 87' lang='lat' dir='ltr'>Terentius</span> <span class='ocrx_word' id='word_1_107' title='bbox 439 789 450 808; x_wconf 76' lang='lat'><strong>‘</strong></span> <span class='ocrx_word' id='word_1_108' title='bbox 465 786 647 836; x_wconf 87' lang='lat' dir='ltr'>paenitet</span> <span class='ocrx_word' id='word_1_109' title='bbox 663 786 832 832; x_wconf 85' lang='lat' dir='ltr'>nostri&#39;‚</span> <span class='ocrx_word' id='word_1_110' title='bbox 863 795 946 824; x_wconf 89' lang='lat' dir='ltr'>non</span> <span class='ocrx_word' id='word_1_111' title='bbox 963 786 1200 832; x_wconf 72' lang='lat' dir='ltr'>‘nostrum’‚</span> <span class='ocrx_word' id='word_1_112' title='bbox 1225 788 1267 823; x_wconf 89' lang='lat' dir='ltr'>et</span> <span class='ocrx_word' id='word_1_113' title='bbox 1285 785 1323 823; x_wconf 93' lang='lat' dir='ltr'>A</span> <span class='ocrx_word' id='word_1_114' title='bbox 1338 784 1544 823; x_wconf 79' lang='lat' dir='ltr'>sranius</span> 
     </span>
    </p>

    <p class='ocr_par' dir='ltr' id='par_1_5' title="bbox 85 840 1545 1108">
     <span class='ocr_line' id='line_1_14' title="bbox 85 840 1543 890; baseline -0.003 -7"><span class='ocrx_word' id='word_1_115' title='bbox 85 843 289 883; x_wconf 75' lang='lat' dir='ltr'>12‘n0stri</span> <span class='ocrx_word' id='word_1_116' title='bbox 320 842 527 883; x_wconf 83' lang='lat' dir='ltr'>miseritus</span> <span class='ocrx_word' id='word_1_117' title='bbox 559 845 652 890; x_wconf 88' lang='lat' dir='ltr'>est’,</span> <span class='ocrx_word' id='word_1_118' title='bbox 678 854 760 881; x_wconf 92' lang='lat' dir='ltr'>non</span> <span class='ocrx_word' id='word_1_119' title='bbox 784 842 1029 880; x_wconf 75' lang='lat' dir='ltr'>‘nostrum&#39;?</span> <span class='ocrx_word' id='word_1_120' title='bbox 1065 840 1168 879; x_wconf 88' lang='lat' dir='ltr'>Nihil</span> <span class='ocrx_word' id='word_1_121' title='bbox 1198 841 1368 888; x_wconf 85' lang='lat' dir='ltr'>hercle&#39;,</span> <span class='ocrx_word' id='word_1_122' title='bbox 1399 840 1543 890; x_wconf 85' lang='lat' dir='ltr'>inquit,</span> 
     </span>
     <span class='ocr_line' id='line_1_15' title="bbox 143 896 1543 946; baseline -0.001 -9"><span class='ocrx_word' id='word_1_123' title='bbox 143 898 255 938; x_wconf 74' lang='lat' dir='ltr'>‘mihi</span> <span class='ocrx_word' id='word_1_124' title='bbox 274 900 326 938; x_wconf 91' lang='lat' dir='ltr'>de</span> <span class='ocrx_word' id='word_1_125' title='bbox 343 899 422 939; x_wconf 83' lang='lat' dir='ltr'>ista</span> <span class='ocrx_word' id='word_1_126' title='bbox 442 911 486 939; x_wconf 88' lang='lat' dir='ltr'>re</span> <span class='ocrx_word' id='word_1_127' title='bbox 504 899 543 937; x_wconf 92' lang='lat' dir='ltr'>in</span> <span class='ocrx_word' id='word_1_128' title='bbox 562 904 740 938; x_wconf 85' lang='lat' dir='ltr'>mentem</span> <span class='ocrx_word' id='word_1_129' title='bbox 763 897 887 944; x_wconf 89' lang='lat' dir='ltr'>uenit,</span> <span class='ocrx_word' id='word_1_130' title='bbox 909 896 987 936; x_wconf 89' lang='lat' dir='ltr'>nisi</span> <span class='ocrx_word' id='word_1_131' title='bbox 1005 896 1229 937; x_wconf 87' lang='lat' dir='ltr'>auctoritas</span> <span class='ocrx_word' id='word_1_132' title='bbox 1252 897 1457 946; x_wconf 83' lang='lat' dir='ltr'>quaedam</span> <span class='ocrx_word' id='word_1_133' title='bbox 1474 908 1543 936; x_wconf 90' lang='lat' dir='ltr'>ue-</span> 
     </span>
     <span class='ocr_line' id='line_1_16' title="bbox 140 952 1543 1004; baseline -0.002 -9"><span class='ocrx_word' id='word_1_134' title='bbox 140 956 305 995; x_wconf 90' lang='lat' dir='ltr'>tustatis</span> <span class='ocrx_word' id='word_1_135' title='bbox 331 967 413 995; x_wconf 91' lang='lat' dir='ltr'>non</span> <span class='ocrx_word' id='word_1_136' title='bbox 432 955 550 995; x_wconf 91' lang='lat' dir='ltr'>nimis</span> <span class='ocrx_word' id='word_1_137' title='bbox 574 956 694 994; x_wconf 80' lang='lat' dir='ltr'>anxie</span> <span class='ocrx_word' id='word_1_138' title='bbox 715 965 852 1004; x_wconf 83' lang='lat' dir='ltr'>neque</span> <span class='ocrx_word' id='word_1_139' title='bbox 876 953 1168 1003; x_wconf 85' lang='lat' dir='ltr'>superstitiose</span> <span class='ocrx_word' id='word_1_140' title='bbox 1187 952 1410 1003; x_wconf 85' lang='lat' dir='ltr'>loquentis.</span> <span class='ocrx_word' id='word_1_141' title='bbox 1442 953 1543 992; x_wconf 89' lang='lat' dir='ltr'>Nam</span> 
     </span>
     <span class='ocr_line' id='line_1_17' title="bbox 141 1011 1545 1061; baseline -0.001 -11"><span class='ocrx_word' id='word_1_142' title='bbox 141 1011 259 1051; x_wconf 87' lang='lat' dir='ltr'>sicuti</span> <span class='ocrx_word' id='word_1_143' title='bbox 277 1012 535 1052; x_wconf 84' lang='lat' dir='ltr'>multifariam</span> <span class='ocrx_word' id='word_1_144' title='bbox 560 1012 759 1061; x_wconf 89' lang='lat' dir='ltr'>scriptum</span> <span class='ocrx_word' id='word_1_145' title='bbox 779 1015 842 1050; x_wconf 90' lang='lat' dir='ltr'>est</span> <span class='ocrx_word' id='word_1_146' title='bbox 861 1013 1130 1049; x_wconf 75' lang='lat' dir='ltr'>‘uestrorum’</span> <span class='ocrx_word' id='word_1_147' title='bbox 1151 1021 1227 1060; x_wconf 86' lang='lat' dir='ltr'>pro</span> <span class='ocrx_word' id='word_1_148' title='bbox 1246 1013 1481 1058; x_wconf 69' lang='lat' dir='ltr'>‘uestrum’‚</span> <span class='ocrx_word' id='word_1_149' title='bbox 1501 1014 1545 1049; x_wconf 91' lang='lat' dir='ltr'>ut</span> 
     </span>
     <span class='ocr_line' id='line_1_18' title="bbox 139 1068 1058 1108; baseline -0.003 0"><span class='ocrx_word' id='word_1_150' title='bbox 139 1068 179 1108; x_wconf 90' lang='lat' dir='ltr'>in</span> <span class='ocrx_word' id='word_1_151' title='bbox 200 1068 365 1108; x_wconf 85' lang='lat' dir='ltr'>Plauti</span> <span class='ocrx_word' id='word_1_152' title='bbox 386 1068 717 1108; x_wconf 86' lang='lat' dir='ltr'>Mustellaria</span> <span class='ocrx_word' id='word_1_153' title='bbox 742 1068 781 1106; x_wconf 91' lang='lat' dir='ltr'>in</span> <span class='ocrx_word' id='word_1_154' title='bbox 808 1068 889 1106; x_wconf 89' lang='lat' dir='ltr'>hoc</span> <span class='ocrx_word' id='word_1_155' title='bbox 912 1078 1058 1106; x_wconf 89' lang='lat' dir='ltr'>uersu:</span> 
     </span>
    </p>
   </div>
   <div class='ocr_carea' id='block_1_5' title="bbox 197 1144 1542 1251">
    <p class='ocr_par' dir='ltr' id='par_1_6' title="bbox 197 1144 1542 1251">
     <span class='ocr_line' id='line_1_19' title="bbox 197 1144 1542 1194; baseline 0 -9"><span class='ocrx_word' id='word_1_156' title='bbox 197 1146 387 1186; x_wconf 79' lang='lat' dir='ltr'>Verum</span> <span class='ocrx_word' id='word_1_157' title='bbox 416 1147 542 1186; x_wconf 91' lang='lat' dir='ltr'>illud</span> <span class='ocrx_word' id='word_1_158' title='bbox 575 1159 696 1187; x_wconf 90' lang='lat' dir='ltr'>esse</span> <span class='ocrx_word' id='word_1_159' title='bbox 728 1146 944 1185; x_wconf 78' lang='lat' dir='ltr'>maxima</span> <span class='ocrx_word' id='word_1_160' title='bbox 980 1147 1154 1194; x_wconf 84' lang='lat' dir='ltr'>[adeo]</span> <span class='ocrx_word' id='word_1_161' title='bbox 1186 1144 1304 1194; x_wconf 79' lang='lat' dir='ltr'>pars</span> <span class='ocrx_word' id='word_1_162' title='bbox 1336 1149 1542 1185; x_wconf 86' lang='lat' dir='ltr'>uestro·</span> 
     </span>
     <span class='ocr_line' id='line_1_20' title="bbox 974 1200 1380 1251; baseline -0.002 -10"><span class='ocrx_word' id='word_1_163' title='bbox 974 1214 1080 1241; x_wconf 87' lang='lat' dir='ltr'>rum</span> <span class='ocrx_word' id='word_1_164' title='bbox 1115 1200 1380 1251; x_wconf 79' lang='lat' dir='ltr'>intellegit</span> 
     </span>
    </p>
   </div>
   <div class='ocr_carea' id='block_1_6' title="bbox 80 1291 1540 1905">
    <p class='ocr_par' dir='ltr' id='par_1_7' title="bbox 140 1291 1540 1343">
     <span class='ocr_line' id='line_1_21' title="bbox 140 1291 1540 1343; baseline -0.001 -11"><span class='ocrx_word' id='word_1_165' title='bbox 140 1304 233 1333; x_wconf 89' lang='lat' dir='ltr'>cum</span> <span class='ocrx_word' id='word_1_166' title='bbox 252 1294 376 1332; x_wconf 90' lang='lat' dir='ltr'>uellet</span> <span class='ocrx_word' id='word_1_167' title='bbox 396 1294 589 1332; x_wconf 72' lang='lat' dir='ltr'>‘maxima</span> <span class='ocrx_word' id='word_1_168' title='bbox 609 1297 724 1343; x_wconf 84' lang='lat' dir='ltr'>pars&#39;</span> <span class='ocrx_word' id='word_1_169' title='bbox 748 1294 886 1332; x_wconf 79' lang='lat' dir='ltr'>dicere</span> <span class='ocrx_word' id='word_1_170' title='bbox 904 1294 1138 1338; x_wconf 71' lang='lat' dir='ltr'>‘uestrum&#39;,</span> <span class='ocrx_word' id='word_1_171' title='bbox 1157 1291 1213 1330; x_wconf 88' lang='lat' dir='ltr'>ita</span> <span class='ocrx_word' id='word_1_172' title='bbox 1229 1301 1540 1340; x_wconf 84' lang='lat' dir='ltr'>nonnumquam</span> 
     </span>
    </p>

    <p class='ocr_par' dir='ltr' id='par_1_8' title="bbox 85 1346 1540 1454">
     <span class='ocr_line' id='line_1_22' title="bbox 85 1346 1540 1401; baseline -0.003 -12"><span class='ocrx_word' id='word_1_173' title='bbox 85 1357 126 1391; x_wconf 81' lang='lat'>13</span> <span class='ocrx_word' id='word_1_174' title='bbox 144 1349 308 1388; x_wconf 75' lang='lat' dir='ltr'>euestri&#39;</span> <span class='ocrx_word' id='word_1_175' title='bbox 335 1360 503 1398; x_wconf 88' lang='lat' dir='ltr'>quoque</span> <span class='ocrx_word' id='word_1_176' title='bbox 526 1349 679 1388; x_wconf 84' lang='lat' dir='ltr'>dictum</span> <span class='ocrx_word' id='word_1_177' title='bbox 707 1355 771 1388; x_wconf 87' lang='lat' dir='ltr'>est</span> <span class='ocrx_word' id='word_1_178' title='bbox 790 1361 877 1401; x_wconf 86' lang='lat' dir='ltr'>pro</span> <span class='ocrx_word' id='word_1_179' title='bbox 899 1351 1135 1387; x_wconf 74' lang='lat' dir='ltr'>‘uestrum’.</span> <span class='ocrx_word' id='word_1_180' title='bbox 1197 1346 1281 1386; x_wconf 92' lang='lat' dir='ltr'>Sed</span> <span class='ocrx_word' id='word_1_181' title='bbox 1300 1347 1446 1395; x_wconf 88' lang='lat' dir='ltr'>procul</span> <span class='ocrx_word' id='word_1_182' title='bbox 1468 1347 1540 1386; x_wconf 89' lang='lat' dir='ltr'>du-</span> 
     </span>
     <span class='ocr_line' id='line_1_23' title="bbox 139 1402 1540 1454; baseline -0.001 -10"><span class='ocrx_word' id='word_1_183' title='bbox 139 1405 228 1452; x_wconf 89' lang='lat' dir='ltr'>bio,</span> <span class='ocrx_word' id='word_1_184' title='bbox 262 1405 330 1454; x_wconf 85' lang='lat' dir='ltr'>qui</span> <span class='ocrx_word' id='word_1_185' title='bbox 367 1404 596 1445; x_wconf 89' lang='lat' dir='ltr'>rectissime</span> <span class='ocrx_word' id='word_1_186' title='bbox 627 1405 742 1454; x_wconf 87' lang='lat' dir='ltr'>loqui</span> <span class='ocrx_word' id='word_1_187' title='bbox 768 1406 901 1452; x_wconf 88' lang='lat' dir='ltr'>uolet,</span> <span class='ocrx_word' id='word_1_188' title='bbox 934 1407 946 1426; x_wconf 73' lang='lat'><em>‘</em></span> <span class='ocrx_word' id='word_1_189' title='bbox 961 1405 1172 1442; x_wconf 88' lang='lat' dir='ltr'>uestrum’</span> <span class='ocrx_word' id='word_1_190' title='bbox 1204 1402 1344 1453; x_wconf 89' lang='lat' dir='ltr'>potius</span> <span class='ocrx_word' id='word_1_191' title='bbox 1377 1402 1540 1452; x_wconf 85' lang='lat' dir='ltr'>dixerit,</span> 
     </span>
    </p>

    <p class='ocr_par' dir='ltr' id='par_1_9' title="bbox 82 1458 1538 1793">
     <span class='ocr_line' id='line_1_24' title="bbox 82 1458 1538 1524; baseline 0 -25"><span class='ocrx_word' id='word_1_192' title='bbox 82 1471 127 1504; x_wconf 80' lang='lat'>14</span> <span class='ocrx_word' id='word_1_193' title='bbox 139 1472 262 1524; x_wconf 81' lang='lat' dir='ltr'>quam</span> <span class='ocrx_word' id='word_1_194' title='bbox 286 1461 464 1501; x_wconf 69' lang='lat' dir='ltr'>‘uestri&#39;.</span> <span class='ocrx_word' id='word_1_195' title='bbox 500 1462 550 1500; x_wconf 87' lang='lat' dir='ltr'>Et</span> <span class='ocrx_word' id='word_1_196' title='bbox 573 1461 727 1502; x_wconf 86' lang='lat' dir='ltr'>idcirco</span> <span class='ocrx_word' id='word_1_197' title='bbox 747 1460 1120 1511; x_wconf 88' lang='lat' dir='ltr'>inportunissime&#39;‚</span> <span class='ocrx_word' id='word_1_198' title='bbox 1153 1458 1297 1508; x_wconf 85' lang='lat' dir='ltr'>inquit,</span> <span class='ocrx_word' id='word_1_199' title='bbox 1321 1459 1538 1508; x_wconf 77' lang='lat' dir='ltr'>‘fecerunt‚</span> 
     </span>
     <span class='ocr_line' id='line_1_25' title="bbox 139 1515 1538 1567; baseline -0.001 -11"><span class='ocrx_word' id='word_1_200' title='bbox 139 1518 210 1567; x_wconf 87' lang='lat' dir='ltr'>qui</span> <span class='ocrx_word' id='word_1_201' title='bbox 239 1517 279 1556; x_wconf 91' lang='lat' dir='ltr'>in</span> <span class='ocrx_word' id='word_1_202' title='bbox 311 1517 523 1567; x_wconf 86' lang='lat' dir='ltr'>plerisque</span> <span class='ocrx_word' id='word_1_203' title='bbox 549 1517 776 1557; x_wconf 86' lang='lat' dir='ltr'>Sallusti</span> <span class='ocrx_word' id='word_1_204' title='bbox 809 1516 1114 1566; x_wconf 79' lang='lat' dir='ltr'>exemplaribus</span> <span class='ocrx_word' id='word_1_205' title='bbox 1138 1516 1387 1566; x_wconf 88' lang='lat' dir='ltr'>scripturam</span> <span class='ocrx_word' id='word_1_206' title='bbox 1417 1515 1538 1555; x_wconf 90' lang='lat' dir='ltr'>istam</span> 
     </span>
     <span class='ocr_line' id='line_1_26' title="bbox 137 1571 1538 1624; baseline -0.001 -12"><span class='ocrx_word' id='word_1_207' title='bbox 137 1573 460 1613; x_wconf 85' lang='lat' dir='ltr'>sincerissimam</span> <span class='ocrx_word' id='word_1_208' title='bbox 486 1579 774 1624; x_wconf 86' lang='lat' dir='ltr'>corruperunt.</span> <span class='ocrx_word' id='word_1_209' title='bbox 836 1575 935 1613; x_wconf 87' lang='lat' dir='ltr'>Nam</span> <span class='ocrx_word' id='word_1_210' title='bbox 955 1584 1046 1612; x_wconf 77' lang='lat' dir='ltr'>cuin</span> <span class='ocrx_word' id='word_1_211' title='bbox 1068 1572 1124 1611; x_wconf 89' lang='lat' dir='ltr'>ita</span> <span class='ocrx_word' id='word_1_212' title='bbox 1139 1572 1180 1611; x_wconf 93' lang='lat' dir='ltr'>in</span> <span class='ocrx_word' id='word_1_213' title='bbox 1199 1571 1418 1611; x_wconf 85' lang='lat' dir='ltr'>Catilina</span> <span class='ocrx_word' id='word_1_214' title='bbox 1439 1571 1538 1613; x_wconf 88' lang='lat' dir='ltr'>scri-</span> 
     </span>
     <span class='ocr_line' id='line_1_27' title="bbox 137 1627 1537 1680; baseline 0 -12"><span class='ocrx_word' id='word_1_215' title='bbox 137 1635 251 1679; x_wconf 86' lang='lat' dir='ltr'>ptum</span> <span class='ocrx_word' id='word_1_216' title='bbox 269 1636 402 1669; x_wconf 90' lang='lat' dir='ltr'>esset:</span> <span class='ocrx_word' id='word_1_217' title='bbox 431 1630 596 1680; x_wconf 85' lang='lat' dir='ltr'>Saepe</span> <span class='ocrx_word' id='word_1_218' title='bbox 624 1630 846 1670; x_wconf 86' lang='lat' dir='ltr'>maiores</span> <span class='ocrx_word' id='word_1_219' title='bbox 869 1635 1099 1669; x_wconf 88' lang='lat' dir='ltr'>uestrum</span> <span class='ocrx_word' id='word_1_220' title='bbox 1121 1627 1347 1668; x_wconf 90' lang='lat' dir='ltr'>miseriti</span> <span class='ocrx_word' id='word_1_221' title='bbox 1369 1628 1537 1677; x_wconf 90' lang='lat' dir='ltr'>plebis</span> 
     </span>
     <span class='ocr_line' id='line_1_28' title="bbox 134 1684 1537 1735; baseline -0.002 -9"><span class='ocrx_word' id='word_1_222' title='bbox 134 1687 327 1726; x_wconf 89' lang='lat' dir='ltr'>Roman</span> <span class='ocrx_word' id='word_1_223' title='bbox 341 1698 417 1734; x_wconf 88' lang='lat' dir='ltr'>ae,</span> <span class='ocrx_word' id='word_1_224' title='bbox 451 1693 681 1726; x_wconf 86' lang='lat' dir='ltr'>uestrum</span> <span class='ocrx_word' id='word_1_225' title='bbox 706 1688 952 1726; x_wconf 85' lang='lat' dir='ltr'>obleuerunt</span> <span class='ocrx_word' id='word_1_226' title='bbox 974 1691 1015 1724; x_wconf 91' lang='lat' dir='ltr'>et</span> <span class='ocrx_word' id='word_1_227' title='bbox 1031 1689 1042 1708; x_wconf 66' lang='lat'><em>³</em></span> <span class='ocrx_word' id='word_1_228' title='bbox 1057 1684 1211 1724; x_wconf 86' lang='lat' dir='ltr'>uestri’</span> <span class='ocrx_word' id='word_1_229' title='bbox 1231 1684 1537 1735; x_wconf 88' lang='lat' dir='ltr'>superscripse-</span> 
     </span>
     <span class='ocr_line' id='line_1_29' title="bbox 134 1740 1536 1806; baseline -0.001 -25"><span class='ocrx_word' id='word_1_230' title='bbox 134 1747 243 1782; x_wconf 89' lang='lat' dir='ltr'>runt.</span> <span class='ocrx_word' id='word_1_231' title='bbox 271 1743 333 1781; x_wconf 86' lang='lat' dir='ltr'>Ex</span> <span class='ocrx_word' id='word_1_232' title='bbox 351 1755 432 1792; x_wconf 88' lang='lat' dir='ltr'>quo</span> <span class='ocrx_word' id='word_1_233' title='bbox 452 1743 490 1781; x_wconf 93' lang='lat' dir='ltr'>in</span> <span class='ocrx_word' id='word_1_234' title='bbox 510 1744 651 1806; x_wconf 81' lang='lat' dir='ltr'>plures</span> <span class='ocrx_word' id='word_1_235' title='bbox 668 1744 795 1783; x_wconf 81' lang='lat' dir='ltr'>libios</span> <span class='ocrx_word' id='word_1_236' title='bbox 813 1742 988 1781; x_wconf 81' lang='lat' dir='ltr'>mendae</span> <span class='ocrx_word' id='word_1_237' title='bbox 1004 1741 1123 1781; x_wconf 88' lang='lat' dir='ltr'>istius</span> <span class='ocrx_word' id='word_1_238' title='bbox 1141 1741 1304 1781; x_wconf 89' lang='lat' dir='ltr'>indoles</span> <span class='ocrx_word' id='word_1_239' title='bbox 1322 1740 1536 1781; x_wconf 88' lang='lat' dir='ltr'>manauit&#39;.</span> 
     </span>
    </p>

    <p class='ocr_par' dir='ltr' id='par_1_10' title="bbox 80 1797 1536 1905">
     <span class='ocr_line' id='line_1_30' title="bbox 80 1797 1536 1861; baseline -0.001 -23"><span class='ocrx_word' id='word_1_240' title='bbox 80 1806 124 1839; x_wconf 82' lang='lat'>15</span> <span class='ocrx_word' id='word_1_241' title='bbox 222 1800 334 1838; x_wconf 86' lang='lat' dir='ltr'>Haec</span> <span class='ocrx_word' id='word_1_242' title='bbox 367 1799 532 1839; x_wconf 88' lang='lat' dir='ltr'>memini</span> <span class='ocrx_word' id='word_1_243' title='bbox 562 1800 657 1838; x_wconf 90' lang='lat' dir='ltr'>mihi</span> <span class='ocrx_word' id='word_1_244' title='bbox 683 1799 1048 1861; x_wconf 81' lang='lat' dir='ltr'>Apollinaiem</span> <span class='ocrx_word' id='word_1_245' title='bbox 1081 1797 1241 1846; x_wconf 83' lang='lat' dir='ltr'>dicere,</span> <span class='ocrx_word' id='word_1_246' title='bbox 1273 1809 1406 1856; x_wconf 87' lang='lat' dir='ltr'>eaque</span> <span class='ocrx_word' id='word_1_247' title='bbox 1437 1802 1536 1837; x_wconf 88' lang='lat' dir='ltr'>tunc</span> 
     </span>
     <span class='ocr_line' id='line_1_31' title="bbox 134 1854 900 1905; baseline -0.001 -11"><span class='ocrx_word' id='word_1_248' title='bbox 134 1854 246 1905; x_wconf 87' lang='lat' dir='ltr'>ipsa,</span> <span class='ocrx_word' id='word_1_249' title='bbox 277 1855 331 1894; x_wconf 82' lang='lat' dir='ltr'>ita</span> <span class='ocrx_word' id='word_1_250' title='bbox 348 1861 393 1895; x_wconf 93' lang='lat' dir='ltr'>ut</span> <span class='ocrx_word' id='word_1_251' title='bbox 410 1856 518 1895; x_wconf 89' lang='lat' dir='ltr'>dicta</span> <span class='ocrx_word' id='word_1_252' title='bbox 536 1857 715 1905; x_wconf 84' lang='lat' dir='ltr'>fuerant,</span> <span class='ocrx_word' id='word_1_253' title='bbox 746 1855 900 1898; x_wconf 89' lang='lat' dir='ltr'>notaui.</span> 
     </span>
    </p>
   </div>
   <div class='ocr_carea' id='block_1_7' title="bbox 792 1969 877 2009">
    <p class='ocr_par' dir='ltr' id='par_1_11' title="bbox 792 1969 877 2009">
     <span class='ocr_line' id='line_1_32' title="bbox 792 1969 877 2009; baseline -0.035 0"><span class='ocrx_word' id='word_1_254' title='bbox 792 1969 877 2009; x_wconf 75' lang='lat' dir='ltr'>Vll.</span> 
     </span>
    </p>
   </div>
   <div class='ocr_carea' id='block_1_8' title="bbox 136 2035 1534 2142">
    <p class='ocr_par' dir='ltr' id='par_1_12' title="bbox 136 2035 1534 2142">
     <span class='ocr_line' id='line_1_33' title="bbox 136 2035 1534 2096; baseline 0.002 -12"><span class='ocrx_word' id='word_1_255' title='bbox 136 2047 256 2092; x_wconf 83' lang='lat' dir='ltr'>Quam</span> <span class='ocrx_word' id='word_1_256' title='bbox 292 2048 466 2085; x_wconf 86' lang='lat' dir='ltr'>diuersae</span> <span class='ocrx_word' id='word_1_257' title='bbox 513 2050 742 2086; x_wconf 85' lang='lat' dir='ltr'>Graecorum</span> <span class='ocrx_word' id='word_1_258' title='bbox 782 2050 987 2086; x_wconf 69' lang='lat' dir='ltr'>sententiae</span> <span class='ocrx_word' id='word_1_259' title='bbox 1032 2060 1144 2096; x_wconf 85' lang='lat' dir='ltr'>super</span> <span class='ocrx_word' id='word_1_260' title='bbox 1183 2060 1340 2086; x_wconf 84' lang='lat' dir='ltr'>numero</span> <span class='ocrx_word' id='word_1_261' title='bbox 1381 2035 1534 2087; x_wconf 64' lang='lat' dir='ltr'>&#39;Niobae</span> 
     </span>
     <span class='ocr_line' id='line_1_34' title="bbox 743 2107 918 2142; baseline -0.011 0"><span class='ocrx_word' id='word_1_262' title='bbox 743 2107 918 2142; x_wconf 85' lang='lat' dir='ltr'>filiorum.</span> 
     </span>
    </p>
   </div>
   <div class='ocr_carea' id='block_1_9' title="bbox 98 2191 1531 2243">
    <p class='ocr_par' dir='ltr' id='par_1_13' title="bbox 98 2191 1531 2243">
     <span class='ocr_line' id='line_1_35' title="bbox 98 2191 1531 2243; baseline 0.002 -13"><span class='ocrx_word' id='word_1_263' title='bbox 98 2194 113 2225; x_wconf 93' lang='lat'>1</span> <span class='ocrx_word' id='word_1_264' title='bbox 213 2191 316 2231; x_wconf 88' lang='lat' dir='ltr'>Mira</span> <span class='ocrx_word' id='word_1_265' title='bbox 336 2197 376 2231; x_wconf 88' lang='lat' dir='ltr'>et</span> <span class='ocrx_word' id='word_1_266' title='bbox 392 2204 525 2242; x_wconf 90' lang='lat' dir='ltr'>prope</span> <span class='ocrx_word' id='word_1_267' title='bbox 543 2194 647 2233; x_wconf 87' lang='lat' dir='ltr'>adeo</span> <span class='ocrx_word' id='word_1_268' title='bbox 669 2193 840 2233; x_wconf 87' lang='lat' dir='ltr'>ridicula</span> <span class='ocrx_word' id='word_1_269' title='bbox 857 2193 1076 2233; x_wconf 88' lang='lat' dir='ltr'>diuersitas</span> <span class='ocrx_word' id='word_1_270' title='bbox 1100 2193 1262 2233; x_wconf 86' lang='lat' dir='ltr'>fabulae</span> <span class='ocrx_word' id='word_1_271' title='bbox 1278 2193 1390 2243; x_wconf 90' lang='lat' dir='ltr'>apud</span> <span class='ocrx_word' id='word_1_272' title='bbox 1408 2194 1531 2233; x_wconf 89' lang='lat' dir='ltr'>Grae-</span> 
     </span>
    </p>
   </div>
   <div class='ocr_carea' id='block_1_10' title="bbox 1556 2212 1599 2268">
    <p class='ocr_par' dir='ltr' id='par_1_14' title="bbox 1556 2212 1599 2268">
     <span class='ocr_line' id='line_1_36' title="bbox 1556 2212 1599 2268; baseline 0 0"><span class='ocrx_word' id='word_1_273' title='bbox 1556 2212 1599 2268; x_wconf 67' lang='grc' dir='ltr'>-ἶῑ</span> 
     </span>
    </p>
   </div>
   <div class='ocr_carea' id='block_1_11' title="bbox 93 2249 1598 2300">
    <p class='ocr_par' dir='ltr' id='par_1_15' title="bbox 93 2249 1598 2300">
     <span class='ocr_line' id='line_1_37' title="bbox 93 2249 1598 2300; baseline 0.003 -15"><span class='ocrx_word' id='word_1_274' title='bbox 93 2252 117 2285; x_wconf 78' lang='lat'><strong>2</strong></span> <span class='ocrx_word' id='word_1_275' title='bbox 135 2256 208 2286; x_wconf 90' lang='lat' dir='ltr'>cos</span> <span class='ocrx_word' id='word_1_276' title='bbox 229 2253 377 2296; x_wconf 82' lang='lat' dir='ltr'>poetas</span> <span class='ocrx_word' id='word_1_277' title='bbox 401 2249 670 2299; x_wconf 85' lang='lat' dir='ltr'>deprenditur</span> <span class='ocrx_word' id='word_1_278' title='bbox 687 2261 813 2300; x_wconf 86' lang='lat' dir='ltr'>super</span> <span class='ocrx_word' id='word_1_279' title='bbox 834 2260 1005 2290; x_wconf 88' lang='lat' dir='ltr'>numero</span> <span class='ocrx_word' id='word_1_280' title='bbox 1029 2249 1183 2290; x_wconf 88' lang='lat' dir='ltr'>Niobae</span> <span class='ocrx_word' id='word_1_281' title='bbox 1200 2249 1391 2290; x_wconf 85' lang='lat' dir='ltr'>filiorum.</span> <span class='ocrx_word' id='word_1_282' title='bbox 1427 2250 1533 2290; x_wconf 86' lang='lat' dir='ltr'>Nam</span> <span class='ocrx_word' id='word_1_283' title='bbox 1584 2272 1598 2294; x_wconf 63' lang='lat'>&gt;‚-</span> 
     </span>
    </p>
   </div>
   <div class='ocr_carea' id='block_1_12' title="bbox 1588 0 1619 2362">
    <p class='ocr_par' dir='ltr' id='par_1_16' title="bbox 1588 0 1619 2362">
     <span class='ocr_line' id='line_1_38' title="bbox 1588 0 1619 2290; baseline 0 -88"><span class='ocrx_word' id='word_1_284' title='bbox 1588 0 1619 2290; x_wconf 95' lang='lat' dir='ltr'>   </span> 
     </span>
     <span class='ocr_line' id='line_1_39' title="bbox 1600 2290 1619 2362; baseline 0 114"><span class='ocrx_word' id='word_1_285' title='bbox 1600 2290 1619 2362; x_wconf 95' lang='lat' dir='ltr'> </span> 
     </span>
    </p>
   </div>
   <div class='ocr_carea' id='block_1_13' title="bbox 1589 2296 1600 2347">
    <p class='ocr_par' dir='ltr' id='par_1_17' title="bbox 1589 2296 1600 2347">
     <span class='ocr_line' id='line_1_40' title="bbox 1589 2296 1600 2347; baseline 0 0"><span class='ocrx_word' id='word_1_286' title='bbox 1589 2296 1600 2347; x_wconf 55' lang='lat' dir='ltr'>i</span> 
     </span>
    </p>
   </div>
  </div>
 </body>
</html>
