1635 2492
680 37 787 78 XIII.
811 48 869 76 vx.
887 49 961 76 v11.
1478 39 1533 82 75

115 149 210 190 eis:
255 150 492 192 rusticus
529 151 590 191 fit
625 162 817 198 sermo,
857 150 1012 201 inquit,
1062 151 1104 191 si
1139 152 1388 203 adspires
1421 165 1534 204 per-

111 206 302 258 peram.
363 209 510 259 Itaque
541 209 584 248 id
613 209 886 257 uocabulum,
917 209 1032 258 quod
1066 208 1216 249 dicitur
1252 210 1378 260 uulgo
1418 211 1572 251 <bar-4

111 262 360 314 barismus’,
393 265 463 315 qui
484 270 580 306 ante
607 265 692 306 diui
706 266 887 316 Augusti
904 269 1085 305 aetatem
1105 277 1211 317 pure
1229 271 1356 317 atque
1372 266 1533 319 integre

112 321 239 362 locuti
256 326 355 362 sunt
383 334 433 362 an
458 322 664 370 dixerint,
697 323 885 363 nondum
903 322 1095 373 equidem
1116 322 1271 363 inueni.

776 437 864 477 Vll.

139 515 337 553 Diuersum
361 517 407 553 dc
428 522 562 554 natura
585 519 734 554 leonum
753 517 899 554 dixisse
918 517 1122 552 Homerum
1147 517 1185 553 in
1210 518 1442 558 carminibus
1464 527 1500 557 et

573 575 807 612 Herodotum
825 575 862 610 in
882 573 1066 610 historiis.

192 660 382 701 Leaenas
422 659 530 701 inter
572 672 737 701 omnem
769 660 897 700 uitam
930 659 1061 699 semel
1095 669 1246 709 parere
1276 669 1416 710 eoque
1447 673 1531 703 uno
1552 668 1572 700 l

108 721 232 769 partu
259 729 487 768 numquam
514 718 641 758 edere
665 720 807 768 plu1es
833 728 958 768 quam
987 727 1136 764 unum,
1164 716 1464 758 Herodotus
1488 719 1528 759 in

110 774 266 816 tertia
293 775 517 816 historia
544 775 744 816 scribtum
775 774 953 840 reliquit.
1003 773 1148 813 Verba
1164 784 1216 813 ex
1232 784 1284 814 eo
1302 774 1407 815 libro
1424 776 1527 817 haec
1545 780 1566 814 2

109 836 230 873 sunt:
254 826 315 872 H
339 829 403 872 δὲ
436 827 500 884 ὁὴ
532 830 756 883 λέαινα,
795 826 888 872 ἐὸν
926 824 1167 898 ἰσχυρὸν
1199 828 1290 870 και
1313 829 1531 883 θρασύ-

111 902 306 942 τατον,
337 882 474 938 ἅπαξ
504 886 567 929 ἐν
595 890 671 945 τῷ
693 888 795 944 βίῳ
823 889 995 929 τίκτει
1019 884 1102 928 ἕν·
1135 887 1401 928 τίκτουσα
1423 885 1529 944 γὰρ

107 941 485 1000 συνεκβάλλει
529 946 598 1002 τῷ
640 932 818 1001 τέκνῳ
864 941 958 995 τὰς
991 940 1210 999 μήτρας.
1275 945 1570 989 Homerusss

110 1008 250 1044 autem
273 1005 433 1053 leones,
452 1003 513 1044 sic
527 1004 636 1045 enim
657 1004 829 1044 feminas
849 1015 1018 1054 quoque
1040 1002 1147 1044 uirili
1162 1013 1319 1052 genere
1335 1006 1528 1055 appellat,

111 1061 227 1111 quod
259 1060 554 1111 grammatici
568 1058 827 1101 ἐπίκοινον’
853 1066 1028 1109 uocant,
1055 1059 1186 1112 pluris
1213 1059 1386 1110 gignere
1404 1068 1528 1112 atque

110 1118 293 1214 eduearle
319 1119 482 1158 catulos
511 1118 621 1158 dicit.
682 1119 866 1166 Versus,
903 1118 1053 1169 quibus
1082 1118 1164 1157 hoc
1188 1122 1333 1166 aperte
1359 1118 1529 1161 demon·
1547 1124 1569 1157 4

110 1179 234 1223 strat,
278 1175 307 1215 1i
323 1180 440 1215 sunt:

167 1247 470 1305 Είστήκει,
510 1246 586 1301 ὥς
623 1253 700 1301 τίς
730 1264 792 1293 τε
832 1250 972 1292 λέων
1006 1249 1133 1304 περὶ
1172 1245 1285 1294 οἷσι
1325 1250 1527 1294 τέκεσ-

948 1318 1037 1349 σιν

161 1355 248 1406 Ὧι
288 1361 362 1420 ῥά
408 1379 470 1406 τε
505 1361 662 1420 νήπι’
708 1362 903 1419 α’γοντι
946 1339 1419 1464 στὲνάντήσωνται
1464 1365 1528 1408 ἐν

949 1437 979 1464 v

152 1473 389 1533 ’Ἄνδρες
426 1478 753 1535 ἐπακτῆρες.
1028 1438 1055 1478 ῃ

105 1572 210 1612 Item
233 1571 339 1613 alio
330 1584 370 1614 in
390 1573 484 1614 loeo
502 1572 613 1613 idem
636 1573 863 1624 signifieat:
1543 1578 1564 1611 5

164 1644 359 1690 Πυκνὰ
383 1644 529 1718 μάλα
551 1646 870 1716 στενάχων
897 1663 966 1699 ως
996 1663 1050 1690 τε
1086 1648 1166 1699 λὶς
1201 1646 1525 1715 ἠυγένειος,

159 1695 240 1747 Ὧι
279 1701 341 1762 ῥά
372 1701 421 1748 θ’
457 1703 564 1748 ὑπὸ
598 1702 889 1760 σκύμνους
921 1702 1270 1772 ἐλαφηβόλος
1308 1700 1527 1761 ἁρπασῃ

948 1757 1086 1817 ἀνήρ

155 1815 311 1875 ’Ὑλης
340 1819 396 1862 ἐκ
426 1823 679 1875 πυκινῆς.

107 1917 167 1956 Ea
191 1927 271 1958 nos
297 1915 509 1957 dissensio
543 1921 669 1966 atque
692 1915 912 1956 diuersitas
939 1927 1032 1955 cum
1065 1915 1240 1965 agitaret
1266 1912 1565 1958 inclutissimis

108 1977 328 2024 poetarum
385 1978 428 2014 et
474 1972 771 2014 historicorum
826 1971 1091 2019 nobilissimi,
1145 1970 1301 2022 placuit
1348 1969 1522 2010 libros

107 2029 424 2071 Aristotelis
462 2030 704 2081 philosophi
742 2029 913 2080 inspici,
961 2040 1069 2078 quos
1110 2029 1171 2068 de
1212 2026 1523 2068 animalibus

108 2086 434 2137 exquisitissime
467 2089 719 2138 composuit.
782 2088 824 2126 In
860 2086 1032 2136 quibus,
1067 2086 1182 2135 quod
1213 2083 1446 2134 superista
1478 2093 1524 2122 re

109 2144 312 2184 scribtum
349 2143 657 2197 inuenerimus‚
706 2155 799 2183 eum
843 2143 975 2193 ipsius
1015 2141 1333 2182 Aristotelis
1381 2140 1523 2180 uerbis

108 2199 148 2239 in
179 2199 243 2241 his
281 2201 577 2242 conmentariis
616 2201 863 2241 scribemus.
