1619 2476
1614 0 1619 110 l

150 187 195 220 10
207 178 381 218 rubente
399 181 439 216 et
455 176 643 215 sudante.
695 174 779 214 Sed
797 173 865 214 ubi
882 174 1145 216 deblateratis
1161 186 1359 216 uersuum
1377 175 1514 216 multis
1532 171 1619 270 mbl

205 233 311 273 libus
325 234 449 271 finem
467 231 688 281 aliquando
704 230 800 270 fecit
815 231 1058 281 egressique
1073 231 1169 271 inde
1185 243 1343 281 sumus,
1355 231 1474 272 amici
1492 231 1588 272 sami
1617 271 1619 276 Α

205 289 415 338 liaresque
442 288 530 327 eius
560 289 634 326 Iul
649 287 731 326 ian
744 299 819 326 um
846 287 1079 337 prosecuti,
1111 286 1303 338 quidnam
1335 287 1601 337 existimaret,

151 343 437 396 lipercontati
467 349 575 384 sunt.
627 345 768 393 Atque
797 342 851 382 ibi
871 343 1101 384 Iulianus
1131 343 1420 384 festiuissime:
1453 345 1605 385 ‘nolite

208 403 441 451 quaerere’,
471 399 622 450 inquit,
654 402 665 421 ‘
683 398 946 448 sententiam
979 400 1228 441 adulescens
1247 399 1314 440 hic
1331 399 1420 440 sine
1439 405 1604 441 contro-

203 456 344 497 uersia
366 455 546 496 disertus
570 458 666 495 est'.

205 64 289 106 252
750 63 874 102 V1111.
892 75 961 102 xv.
974 73 1061 103 xv1.

852 558 959 598 XVI.

203 637 311 682 Quod
332 638 489 673 Plinium
514 637 741 682 Secundum,
760 650 833 674 non
850 638 1039 674 hominem
1060 637 1262 684 indoctum,
1283 640 1421 687 sugerit
1436 640 1599 676 latuerit-

318 705 389 739 que
410 694 537 729 uitium
554 695 774 741 argumenti,
794 694 894 741 quod
911 685 1171 744 ἆντιστρὲφον
1188 694 1321 732 Graeci
1341 695 1483 732 dicunt.

161 804 181 837 1
284 791 480 832 Plinius
514 793 788 833 Secundus
821 792 1075 833 existimatus
1109 798 1292 833 estesse
1324 794 1469 834 aetatis
1498 805 1600 834 suae

162 847 481 894 2doctissimus.
543 850 582 888 Is
613 849 741 890 libros
776 848 961 899 reliquit,
1008 860 1114 899 quos
1143 849 1509 891 studiosorum
1542 852 1600 890 in-

161 903 378 953 3scripsit‚
412 916 493 944 non
519 905 679 946 medius
710 905 832 946 fidius
854 916 1160 955 usquequaque
1190 907 1492 956 aspernandos.
1554 907 1599 945 ln

200 959 263 998 his
295 959 408 1000 libris
435 962 562 1000 multa
583 961 697 1001 uarie
731 963 784 1001 ad
810 962 1078 1002 oblectandas
1102 960 1356 1002 eruditorum
1386 961 1600 1003 hominum

166 1028 189 1062 4
203 1027 326 1056 aures
341 1016 471 1066 ponit.
531 1019 673 1057 Refert
691 1017 812 1058 etiam
828 1020 1051 1069 plerasque
1071 1017 1317 1066 sententias,
1347 1029 1451 1068 quas
1473 1018 1513 1058 in
1530 1019 1599 1058 de-

165 1084 186 1117 5
204 1072 428 1112 clamandis
448 1073 744 1115 controuersiis
760 1075 896 1125 lepide
917 1079 1146 1125 arguteque
1163 1073 1292 1114 dictas
1309 1079 1440 1125 putat.
1472 1073 1599 1115 Sicuti

201 1128 308 1167 hanc
330 1140 498 1178 quoque
520 1129 765 1170 sententiam
779 1131 898 1181 ponit
914 1142 966 1171 ex
982 1129 1270 1171 huiuscemodi
1288 1130 1597 1171 controuersia:

202 1183 315 1223 ‘Vir
345 1184 500 1225 fortis
537 1187 797 1236 praemio,
839 1188 977 1237 quod
1013 1187 1312 1237 optauerit,
1359 1187 1596 1227 donetur.

202 1240 291 1289 Qui
337 1240 551 1280 sortiter
600 1244 829 1292 fecerat,
880 1243 1014 1294 petit
1044 1243 1264 1283 alterius
1295 1253 1512 1282 uxorem
1542 1242 1595 1281 in

201 1296 584 1337 matrimonium
608 1304 655 1337 et
687 1300 909 1349 accepit.
942 1300 1158 1346 Deinde,
1182 1299 1299 1338 cuia
1318 1309 1453 1338 uxor
1474 1299 1594 1346 fuit,

200 1351 419 1391 fortiter
453 1353 594 1392 fecit.
655 1355 868 1404 Repetit
898 1354 1130 1401 eandem3
1165 1353 1595 1394 contradicitur’.

163 1407 510 1457 6Eleganter,
542 1409 697 1459 inquit,
730 1415 783 1449 et
814 1409 1176 1459 probabiliter
1209 1421 1275 1450 ex
1311 1415 1461 1461 parte
1495 1421 1596 1460 po-

201 1462 457 1505 sterioris
498 1464 599 1504 uiri
629 1465 788 1507 fortis
821 1477 1034 1507 uxorem
1079 1465 1178 1506 sibi
1223 1465 1375 1506 reddi
1404 1471 1595 1517 postu-

200 1519 394 1569 lantis,
421 1521 521 1561 hoc
553 1521 750 1562 dictum
783 1528 896 1563 est:
938 1527 949 1546 ³
970 1522 1027 1562 Si
1061 1523 1241 1572 placet
1269 1524 1377 1570 lex,
1409 1522 1593 1570 redde;

163 1582 184 1618 7
201 1575 250 1616 si
278 1587 379 1616 non
421 1578 621 1626 placet,
654 1579 818 1619 redde
835 1583 863 1618 ’.
923 1579 1042 1627 Fugit
1061 1583 1197 1619 autem
1216 1577 1471 1629 Plinium,
1502 1589 1594 1618 sen-

197 1631 410 1673 tentiolam
433 1633 572 1682 istam,
605 1647 725 1685 quam
749 1635 908 1686 putauit
925 1646 1019 1675 esse
1041 1634 1365 1685 argutissimam‚
1392 1633 1491 1674 uitio
1509 1645 1593 1674 non

201 1699 355 1737 carere,
379 1691 492 1739 quod
509 1691 665 1731 Graece
682 1686 1013 1745 ‘o'cvuovoe'wov'
1034 1691 1192 1731 dicitur.
1223 1691 1275 1730 Et
1290 1695 1354 1730 est
1369 1689 1514 1729 uitium
1534 1689 1592 1729 in-

200 1744 402 1785 sidiosum
420 1751 460 1785 et
476 1747 553 1786 sub
572 1748 674 1787 falsa
698 1748 830 1789 laudis
850 1747 989 1799 specie
1015 1748 1147 1786 latens
1164 1760 1173 1794 ;
1205 1745 1303 1785 nihil
1327 1746 1434 1792 enim
1456 1745 1592 1785 minus

201 1801 389 1841 conuerti
406 1813 457 1842 ex
475 1804 681 1844 contrario
698 1804 739 1844 id
756 1805 892 1855 ipsum
912 1804 1114 1843 aduersus
1141 1802 1317 1842 eundem
1340 1808 1503 1853 potest,
1535 1806 1591 1842 at-

200 1868 280 1905 que
294 1857 349 1896 ita
367 1869 391 1897 a
411 1858 550 1908 priore
567 1859 634 1900 illo
651 1861 741 1901 uiro
761 1863 866 1901 sorte
884 1860 982 1900 dici:
1003 1859 1064 1899 ‘Si
1080 1860 1214 1909 placet
1228 1860 1313 1906 lex,
1334 1870 1417 1900 non
1433 1858 1564 1898 reddo
1575 1870 1589 1905 ;

199 1912 234 1951 si
251 1924 334 1953 non
349 1915 504 1964 placet,
536 1927 619 1955 non
636 1917 767 1956 reddo
780 1920 808 1956 ³.
