1635 2492
591 28 696 68 XIII.
732 39 831 68 xxv.
854 31 1031 76 (xx1111.)
1462 25 1516 67 97

107 143 231 184 facit?
273 143 380 184 sicut
409 142 450 182 in
489 141 623 181 libro
656 141 844 181 eiusdem
872 141 928 180 M.
965 140 1126 188 Tulli,
1176 139 1246 190 qui
1288 139 1348 178 de
1394 150 1517 180 con-

105 201 379 240 stituendo
410 203 734 238 accusatore
760 202 844 245 est,
873 209 957 237 una
978 198 1211 247 eademque
1235 207 1304 236 res
1329 195 1518 246 pluribus

106 256 247 297 uerbis
274 260 492 297 uementer
514 260 638 305 atque
667 253 864 294 atrociter
896 254 1061 294 dicitur:
1102 253 1285 293 Sicilia
1310 257 1438 304 tota,
1477 251 1520 292 si

106 325 206 354 una
232 324 363 354 uoce
395 314 738 363 loqueretur,
782 311 879 351 hoc
919 311 1152 361 diceret,
1199 310 1338 360 quod
1377 309 1519 358 auri,

108 370 246 420 quod
275 369 513 421 argenti,
543 369 676 418 quod
708 374 1133 407 ornamentorum
1155 367 1201 406 in
1226 366 1352 406 meis
1384 365 1521 405 urbi·

107 427 224 480 bus,
261 426 506 478 sedibus,
532 424 766 464 delubris
800 425 914 464 suit.
974 425 1075 464 Nam
1112 435 1206 463 cum
1233 424 1360 462 urbes
1391 424 1522 462 semel

108 488 218 524 totas
251 483 451 534 dixisset,
483 482 607 521 sedes
639 481 898 531 delubraque
927 481 1108 532 addidit,
1148 492 1255 530 quae
1297 486 1393 519 sunt
1430 480 1522 529 ipsa

107 551 281 589 quoque
320 540 360 579 in
396 538 582 579 urbibus.
644 539 745 578 Item
776 538 815 577 in
846 538 1026 578 eodem
1060 538 1192 577 libro
1224 536 1344 577 simili
1372 537 1581 576 modo:10

109 596 368 649 Siciliam,
404 595 559 647 inquit,
586 594 907 645 prouinciam
939 595 981 634 C.
1003 596 1199 634 Verres
1234 605 1322 644 per
1356 592 1521 632 trien-

108 653 249 694 nium
292 654 650 703 depopulatus
700 663 852 703 esse,
915 651 1213 692 Siculorum
1269 651 1522 690 ciuitates

107 715 378 762 uastasse,
425 711 604 749 domos
637 708 968 760 exinanisse,
1002 710 1116 747 fana
1152 708 1421 758 spoliasse
1453 705 1523 745 di-

110 767 262 807 citur.
296 767 426 818 Haec,
453 766 552 815 quid
574 765 754 816 uidetur,
776 776 867 805 cum
892 765 1072 805 Siciliam
1095 764 1355 814 prouinciam
1375 762 1578 803 dixeritll

109 829 236 873 atque
257 823 432 874 insuper
449 822 571 862 etiam
592 822 780 862 ciuitates
796 822 1015 874 addiderit,
1043 822 1192 861 domos
1211 821 1333 860 etiam
1351 826 1391 860 et
1415 822 1523 870 fana,

111 891 220 930 quae
242 879 350 920 infra
376 879 542 931 posuit,
567 878 966 931 conprehendisset,
998 879 1128 918 uerba
1153 879 1256 918 haee
1280 878 1376 917 item
1400 878 1526 916 multa

79 941 235 986 ,atque
271 936 408 977 uaria:
451 936 809 986 depopulatus
847 947 995 987 esse,
1034 941 1309 986 uastasse,
1346 934 1525 974 exina-

109 993 280 1046 nisse,
303 993 588 1042 spoliasse,
617 1004 757 1032 nonne
775 1004 898 1032 unam
917 998 957 1032 et
979 992 1153 1032 eandem
1175 992 1259 1031 uim
1280 992 1320 1031 in
1339 1002 1435 1030 sese
1458 991 1526 1029 ha-

109 1051 236 1090 bent?
267 1061 384 1090 sane.
448 1049 533 1088 Sed
559 1049 654 1098 quia
681 1060 773 1089 cum
793 1049 989 1099 dignitate
1013 1049 1213 1089 orationis
1238 1055 1388 1088 etcum
1410 1047 1527 1098 graui

109 1107 340 1146 uerborum
365 1105 488 1156 copia
511 1105 723 1153 dicuntur,
754 1117 1006 1156 quamquam
1030 1107 1176 1145 eadem
1202 1107 1287 1144 sere
1316 1105 1398 1144 sint
1414 1109 1453 1143 et
1476 1115 1527 1143 ex

110 1174 194 1203 una
229 1162 438 1203 sententia
470 1162 730 1210 (moriantur,
768 1164 888 1212 plura
921 1168 1058 1202 tamen
1091 1173 1187 1202 esse
1224 1161 1525 1212 existimantur,

111 1219 310 1270 quoniam
332 1224 374 1258 et
395 1229 520 1259 aures
542 1224 583 1258 et
605 1218 785 1258 animum
812 1219 981 1269 saepius
1005 1219 1169 1259 feriunt.

195 1276 289 1317 Hoc
312 1280 486 1316 ornatus
505 1286 638 1325 genus
656 1275 697 1314 in
721 1275 891 1315 crimine
921 1287 1004 1316 uno
1029 1276 1206 1316 uocibus
1238 1275 1376 1315 multis
1402 1280 1528 1324 atque
1541 1279 1585 1314 Π

110 1331 250 1373 saeuis
283 1331 518 1371 extruendo
557 1331 625 1371 ille
652 1331 732 1371 iam
770 1337 870 1371 tunc
899 1333 952 1372 M.
992 1334 1114 1373 Cato
1145 1332 1459 1382 antiquissimus
1487 1331 1528 1370 in

111 1388 447 1430 orationibus
479 1388 566 1428 suis
596 1388 842 1436 celebrauit,
875 1389 996 1429 sicuti
1021 1390 1061 1429 in
1078 1389 1168 1436 illa,
1201 1400 1307 1439 quae
1330 1388 1529 1438 inscripta

110 1450 177 1486 est
212 1446 272 1484 de
300 1446 482 1485 decem
523 1445 840 1493 hominibus,
892 1457 985 1486 cum
1034 1447 1256 1486 Thermum
1296 1445 1526 1491 accusauit,

111 1502 228 1552 quod
250 1502 397 1542 decem
430 1501 585 1542 liberos
614 1501 806 1542 homines
840 1503 989 1543 eodem
1019 1509 1209 1553 tempore
1233 1502 1528 1547 interfecisset,

110 1559 226 1599 hisce
252 1558 395 1599 uerbis
419 1558 595 1597 eandem
623 1558 816 1599 omnibus
839 1571 926 1599 rem
956 1559 1286 1609 significantibus
1309 1571 1413 1599 usus
1448 1565 1528 1608 est,

111 1626 220 1666 quae
238 1615 435 1665 quoniam
453 1620 551 1654 sunt
568 1615 831 1664 eloquentiae
840 1616 1009 1655 Latinae
1027 1623 1124 1656 tunc
1144 1616 1321 1666 primum
1339 1615 1530 1655 exorien-

110 1672 162 1712 tis
180 1671 335 1712 lumina
357 1671 565 1722 quaedam
584 1671 829 1719 sublustria‚
862 1673 1018 1712 libitum
1045 1678 1110 1712 est
1131 1684 1180 1712 ea
1200 1672 1297 1712 mihi
1320 1667 1529 1736 ἀπομνη-

111 1725 349 1781 μονεύειν·
393 1729 549 1768 Tuum
579 1728 838 1767 nesaiium
869 1730 1082 1769 facinus
1114 1729 1297 1780 peiore
1320 1728 1529 1779 operire

111 1786 377 1836 postulaS,
425 1783 697 1825 succidias
732 1785 1163 1833 humanasfacis‚
1196 1792 1395 1826 tantam
1423 1791 1529 1825 tru-

112 1841 434 1882 cidationem
455 1841 604 1888 sacis,
640 1841 816 1881 decem
840 1843 1023 1882 funera
1058 1843 1211 1891 facis,
1246 1844 1422 1883 decem
1447 1854 1529 1881 ca-

112 1897 220 1949 pita
262 1897 430 1938 libera
466 1898 760 1946 interficis,
799 1900 980 1938 decem
1021 1900 1324 1940 hominibus
1367 1899 1527 1940 uitam

112 1954 296 2006 eripis,
318 1954 517 1995 indicta
541 1966 722 2003 causa,
755 1955 1088 2004 iniudicatis‚
1121 1956 1528 2007 incondempna-

112 2010 197 2051 tis.
258 2013 360 2051 Item
384 2012 440 2051 M.
465 2013 587 2052 Cato
614 2012 653 2051 in
677 2012 942 2052 orationis
962 2013 1188 2064 principio,
1223 2025 1346 2064 quam
1364 2012 1467 2053 dixit
1487 2012 1526 2052 in
1539 2019 1586 2054 13

114 2072 264 2108 senatu
286 2079 383 2118 pro
405 2067 822 2116 Rhodiensibus,
858 2081 951 2108 cum
971 2071 1098 2110 uellet
1119 2082 1186 2111 res
1209 2070 1329 2111 nimis
1352 2081 1528 2121 prospe-

114 2135 183 2164 ras
206 2124 369 2177 dicere,
389 2124 522 2166 tribus
540 2126 758 2166 uocabulis
780 2125 889 2166 idem
910 2126 1184 2167 sentientibus
1212 2127 1328 2167 dixit.
1387 2126 1530 2166 Verba
1545 2130 1591 2167 14

115 2179 206 2221 eius
229 2181 334 2220 haec
352 2186 468 2222 sunt:
499 2181 619 2222 Scio
647 2184 821 2222 solere
847 2183 1121 2233 plerisque
1150 2184 1448 2224 hominibus
1477 2183 1525 2222 in

115 2237 272 2332 regus
315 2238 566 2332 selcundis
607 2243 768 2288 atque
805 2238 1038 2289 prolixis
1072 2246 1225 2290 atque
1252 2238 1529 2336 p7rosperis

204 2306 326 2332 Etmvs
382 2323 391 2331 .
