<?xml version="1.0" encoding="UTF-8"?>
<!DOCTYPE html PUBLIC "-//W3C//DTD XHTML 1.0 Transitional//EN"
    "http://www.w3.org/TR/xhtml1/DTD/xhtml1-transitional.dtd">
<html xmlns="http://www.w3.org/1999/xhtml" xml:lang="en" lang="en">
 <head>
  <title>
</title>
<meta http-equiv="Content-Type" content="text/html;charset=utf-8" />
  <meta name='ocr-system' content='tesseract 3.04.00' />
  <meta name='ocr-capabilities' content='ocr_page ocr_carea ocr_par ocr_line ocrx_word'/>
</head>
<body>
  <div class='ocr_page' id='page_1' title='image "./agelliinoctivmat00gelluoft_0403.png"; bbox 0 0 1635 2492; ppageno 0'>
   <div class='ocr_carea' id='block_1_1' title="bbox 0 2277 4 2345">
    <p class='ocr_par' dir='ltr' id='par_1_1' title="bbox 0 2277 4 2345">
     <span class='ocr_line' id='line_1_1' title="bbox 0 2277 4 2345; baseline 0 0"><span class='ocrx_word' id='word_1_1' title='bbox 0 2277 4 2345; x_wconf 65' lang='lat' dir='ltr'>&#39;l</span> 
     </span>
    </p>
   </div>
   <div class='ocr_carea' id='block_1_2' title="bbox 604 47 1466 88">
    <p class='ocr_par' dir='ltr' id='par_1_2' title="bbox 604 47 1466 88">
     <span class='ocr_line' id='line_1_2' title="bbox 604 47 1466 88; baseline 0.001 -1"><span class='ocrx_word' id='word_1_2' title='bbox 604 47 728 87; x_wconf 84' lang='lat' dir='ltr'>XIIII.</span> <span class='ocrx_word' id='word_1_3' title='bbox 757 57 818 86; x_wconf 91' lang='lat'>111.</span> <span class='ocrx_word' id='word_1_4' title='bbox 835 58 916 87; x_wconf 88' lang='lat'>1111.</span> <span class='ocrx_word' id='word_1_5' title='bbox 1386 47 1466 88; x_wconf 80' lang='lat'>117</span> 
     </span>
    </p>
   </div>
   <div class='ocr_carea' id='block_1_3' title="bbox 52 158 1530 1517">
    <p class='ocr_par' dir='ltr' id='par_1_3' title="bbox 52 158 1530 1517">
     <span class='ocr_line' id='line_1_3' title="bbox 52 158 1468 212; baseline -0.002 -9"><span class='ocrx_word' id='word_1_6' title='bbox 52 164 319 204; x_wconf 83' lang='lat' dir='ltr'>Platonem</span> <span class='ocrx_word' id='word_1_7' title='bbox 340 159 536 201; x_wconf 89' lang='lat' dir='ltr'>uidelicet</span> <span class='ocrx_word' id='word_1_8' title='bbox 551 165 680 208; x_wconf 90' lang='lat' dir='ltr'>notat,</span> <span class='ocrx_word' id='word_1_9' title='bbox 702 159 742 199; x_wconf 92' lang='lat' dir='ltr'>in</span> <span class='ocrx_word' id='word_1_10' title='bbox 767 158 884 200; x_wconf 90' lang='lat' dir='ltr'>cuius</span> <span class='ocrx_word' id='word_1_11' title='bbox 894 159 1007 200; x_wconf 90' lang='lat' dir='ltr'>libris</span> <span class='ocrx_word' id='word_1_12' title='bbox 1021 161 1049 200; x_wconf 91' lang='lat' dir='ltr'>S</span> <span class='ocrx_word' id='word_1_13' title='bbox 1063 171 1086 201; x_wconf 96' lang='lat' dir='ltr'>o</span> <span class='ocrx_word' id='word_1_14' title='bbox 1102 166 1274 202; x_wconf 88' lang='lat' dir='ltr'>crates</span> <span class='ocrx_word' id='word_1_15' title='bbox 1290 161 1468 212; x_wconf 80' lang='lat' dir='ltr'>physica</span> 
     </span>
     <span class='ocr_line' id='line_1_4' title="bbox 53 216 1506 268; baseline -0.002 -8"><span class='ocrx_word' id='word_1_16' title='bbox 53 225 95 260; x_wconf 89' lang='lat' dir='ltr'>et</span> <span class='ocrx_word' id='word_1_17' title='bbox 117 218 278 260; x_wconf 85' lang='lat' dir='ltr'>musica</span> <span class='ocrx_word' id='word_1_18' title='bbox 299 223 340 258; x_wconf 89' lang='lat' dir='ltr'>et</span> <span class='ocrx_word' id='word_1_19' title='bbox 355 217 611 268; x_wconf 81' lang='lat' dir='ltr'>geometrica</span> <span class='ocrx_word' id='word_1_20' title='bbox 632 216 833 257; x_wconf 84' lang='lat' dir='ltr'>disserit’.</span> <span class='ocrx_word' id='word_1_21' title='bbox 874 216 958 257; x_wconf 88' lang='lat' dir='ltr'>Sed</span> <span class='ocrx_word' id='word_1_22' title='bbox 985 216 1093 256; x_wconf 88' lang='lat' dir='ltr'>enim</span> <span class='ocrx_word' id='word_1_23' title='bbox 1112 218 1165 257; x_wconf 91' lang='lat' dir='ltr'>de</span> <span class='ocrx_word' id='word_1_24' title='bbox 1180 216 1281 257; x_wconf 88' lang='lat' dir='ltr'>uiris</span> <span class='ocrx_word' id='word_1_25' title='bbox 1300 217 1467 268; x_wconf 89' lang='lat' dir='ltr'>optimis</span> <span class='ocrx_word' id='word_1_26' title='bbox 1484 221 1506 257; x_wconf 91' lang='lat'><strong>7</strong></span> 
     </span>
     <span class='ocr_line' id='line_1_5' title="bbox 53 273 1469 327; baseline -0.001 -11"><span class='ocrx_word' id='word_1_27' title='bbox 53 281 95 317; x_wconf 88' lang='lat' dir='ltr'>et</span> <span class='ocrx_word' id='word_1_28' title='bbox 113 274 373 327; x_wconf 85' lang='lat' dir='ltr'>grauissimis</span> <span class='ocrx_word' id='word_1_29' title='bbox 400 274 435 314; x_wconf 93' lang='lat' dir='ltr'>si</span> <span class='ocrx_word' id='word_1_30' title='bbox 463 273 719 314; x_wconf 89' lang='lat' dir='ltr'>credendum</span> <span class='ocrx_word' id='word_1_31' title='bbox 743 273 825 313; x_wconf 89' lang='lat' dir='ltr'>hoc</span> <span class='ocrx_word' id='word_1_32' title='bbox 854 279 925 314; x_wconf 91' lang='lat' dir='ltr'>aut</span> <span class='ocrx_word' id='word_1_33' title='bbox 942 273 1242 324; x_wconf 87' lang='lat' dir='ltr'>suspicandum</span> <span class='ocrx_word' id='word_1_34' title='bbox 1266 274 1355 327; x_wconf 87' lang='lat' dir='ltr'>fuit,</span> <span class='ocrx_word' id='word_1_35' title='bbox 1375 285 1469 314; x_wconf 88' lang='lat' dir='ltr'>cau-</span> 
     </span>
     <span class='ocr_line' id='line_1_6' title="bbox 54 330 1468 383; baseline -0.002 -10"><span class='ocrx_word' id='word_1_36' title='bbox 54 345 144 374; x_wconf 87' lang='lat' dir='ltr'>sam</span> <span class='ocrx_word' id='word_1_37' title='bbox 167 331 362 383; x_wconf 82' lang='lat' dir='ltr'>equidem</span> <span class='ocrx_word' id='word_1_38' title='bbox 392 342 489 371; x_wconf 89' lang='lat' dir='ltr'>esse</span> <span class='ocrx_word' id='word_1_39' title='bbox 519 330 697 370; x_wconf 85' lang='lat' dir='ltr'>arbitror</span> <span class='ocrx_word' id='word_1_40' title='bbox 723 341 807 370; x_wconf 90' lang='lat' dir='ltr'>non</span> <span class='ocrx_word' id='word_1_41' title='bbox 838 330 1155 371; x_wconf 85' lang='lat' dir='ltr'>obtrectationis</span> <span class='ocrx_word' id='word_1_42' title='bbox 1179 342 1257 370; x_wconf 89' lang='lat' dir='ltr'>nec</span> <span class='ocrx_word' id='word_1_43' title='bbox 1286 331 1468 371; x_wconf 88' lang='lat' dir='ltr'>inuidiae</span> 
     </span>
     <span class='ocr_line' id='line_1_7' title="bbox 55 387 1469 440; baseline -0.002 -10"><span class='ocrx_word' id='word_1_44' title='bbox 55 400 194 440; x_wconf 89' lang='lat' dir='ltr'>neque</span> <span class='ocrx_word' id='word_1_45' title='bbox 229 389 283 429; x_wconf 90' lang='lat' dir='ltr'>de</span> <span class='ocrx_word' id='word_1_46' title='bbox 313 387 447 439; x_wconf 89' lang='lat' dir='ltr'>gloria</span> <span class='ocrx_word' id='word_1_47' title='bbox 480 387 638 428; x_wconf 85' lang='lat' dir='ltr'>maiore</span> <span class='ocrx_word' id='word_1_48' title='bbox 669 387 870 438; x_wconf 83' lang='lat' dir='ltr'>parienda</span> <span class='ocrx_word' id='word_1_49' title='bbox 906 387 1170 428; x_wconf 82' lang='lat' dir='ltr'>certationis:</span> <span class='ocrx_word' id='word_1_50' title='bbox 1220 390 1324 429; x_wconf 84' lang='lat' dir='ltr'>haec</span> <span class='ocrx_word' id='word_1_51' title='bbox 1360 388 1469 427; x_wconf 88' lang='lat' dir='ltr'>enim</span> 
     </span>
     <span class='ocr_line' id='line_1_8' title="bbox 52 443 1468 498; baseline -0.002 -11"><span class='ocrx_word' id='word_1_52' title='bbox 52 447 202 498; x_wconf 90' lang='lat' dir='ltr'>procul</span> <span class='ocrx_word' id='word_1_53' title='bbox 227 457 252 485; x_wconf 89' lang='lat' dir='ltr'>a</span> <span class='ocrx_word' id='word_1_54' title='bbox 283 444 470 486; x_wconf 90' lang='lat' dir='ltr'>moribus</span> <span class='ocrx_word' id='word_1_55' title='bbox 504 443 797 495; x_wconf 82' lang='lat' dir='ltr'>philosophiae</span> <span class='ocrx_word' id='word_1_56' title='bbox 829 445 1002 493; x_wconf 86' lang='lat' dir='ltr'>absunt,</span> <span class='ocrx_word' id='word_1_57' title='bbox 1040 444 1080 484; x_wconf 91' lang='lat' dir='ltr'>in</span> <span class='ocrx_word' id='word_1_58' title='bbox 1114 444 1264 495; x_wconf 79' lang='lat' dir='ltr'>quibus</span> <span class='ocrx_word' id='word_1_59' title='bbox 1297 444 1353 484; x_wconf 92' lang='lat' dir='ltr'>illi</span> <span class='ocrx_word' id='word_1_60' title='bbox 1385 445 1468 484; x_wconf 92' lang='lat' dir='ltr'>duo</span> 
     </span>
     <span class='ocr_line' id='line_1_9' title="bbox 55 501 1469 552; baseline -0.003 -8"><span class='ocrx_word' id='word_1_61' title='bbox 55 503 239 546; x_wconf 91' lang='lat' dir='ltr'>omnium</span> <span class='ocrx_word' id='word_1_62' title='bbox 273 501 426 542; x_wconf 89' lang='lat' dir='ltr'>iudicio</span> <span class='ocrx_word' id='word_1_63' title='bbox 475 502 774 541; x_wconf 81' lang='lat' dir='ltr'>excelluerunt.</span> <span class='ocrx_word' id='word_1_64' title='bbox 836 502 950 551; x_wconf 79' lang='lat' dir='ltr'>Quae</span> <span class='ocrx_word' id='word_1_65' title='bbox 984 501 1109 551; x_wconf 88' lang='lat' dir='ltr'>igitur</span> <span class='ocrx_word' id='word_1_66' title='bbox 1155 507 1220 543; x_wconf 90' lang='lat' dir='ltr'>est</span> <span class='ocrx_word' id='word_1_67' title='bbox 1259 501 1469 552; x_wconf 86' lang='lat' dir='ltr'>opinionis</span> 
     </span>
     <span class='ocr_line' id='line_1_10' title="bbox 54 557 1510 609; baseline -0.001 -9"><span class='ocrx_word' id='word_1_68' title='bbox 54 559 174 600; x_wconf 86' lang='lat' dir='ltr'>istius</span> <span class='ocrx_word' id='word_1_69' title='bbox 191 559 326 600; x_wconf 87' lang='lat' dir='ltr'>ratio?</span> <span class='ocrx_word' id='word_1_70' title='bbox 352 560 466 599; x_wconf 88' lang='lat' dir='ltr'>Haec</span> <span class='ocrx_word' id='word_1_71' title='bbox 485 559 677 609; x_wconf 80' lang='lat' dir='ltr'>profecto</span> <span class='ocrx_word' id='word_1_72' title='bbox 699 563 784 598; x_wconf 88' lang='lat' dir='ltr'>est:</span> <span class='ocrx_word' id='word_1_73' title='bbox 809 557 1095 609; x_wconf 83' lang='lat' dir='ltr'>aequiperatio</span> <span class='ocrx_word' id='word_1_74' title='bbox 1114 558 1207 609; x_wconf 87' lang='lat' dir='ltr'>ipsa</span> <span class='ocrx_word' id='word_1_75' title='bbox 1222 560 1470 609; x_wconf 87' lang='lat' dir='ltr'>plerumque</span> <span class='ocrx_word' id='word_1_76' title='bbox 1485 557 1510 592; x_wconf 90' lang='grc'>8</span> 
     </span>
     <span class='ocr_line' id='line_1_11' title="bbox 57 614 1470 667; baseline -0.002 -10"><span class='ocrx_word' id='word_1_77' title='bbox 57 622 98 657; x_wconf 86' lang='lat' dir='ltr'>et</span> <span class='ocrx_word' id='word_1_78' title='bbox 127 615 313 667; x_wconf 85' lang='lat' dir='ltr'>parilitas</span> <span class='ocrx_word' id='word_1_79' title='bbox 339 615 540 656; x_wconf 82' lang='lat' dir='ltr'>uirtutum</span> <span class='ocrx_word' id='word_1_80' title='bbox 574 614 683 655; x_wconf 88' lang='lat' dir='ltr'>inter</span> <span class='ocrx_word' id='word_1_81' title='bbox 720 626 817 655; x_wconf 89' lang='lat' dir='ltr'>sese</span> <span class='ocrx_word' id='word_1_82' title='bbox 849 615 1147 664; x_wconf 83' lang='lat' dir='ltr'>consimilium,</span> <span class='ocrx_word' id='word_1_83' title='bbox 1187 615 1348 656; x_wconf 88' lang='lat' dir='ltr'>etiamsi</span> <span class='ocrx_word' id='word_1_84' title='bbox 1373 627 1470 655; x_wconf 89' lang='lat' dir='ltr'>con-</span> 
     </span>
     <span class='ocr_line' id='line_1_12' title="bbox 52 671 1470 722; baseline -0.002 -8"><span class='ocrx_word' id='word_1_85' title='bbox 52 672 252 714; x_wconf 86' lang='lat' dir='ltr'>tentionis</span> <span class='ocrx_word' id='word_1_86' title='bbox 286 672 469 713; x_wconf 90' lang='lat' dir='ltr'>studium</span> <span class='ocrx_word' id='word_1_87' title='bbox 507 677 549 711; x_wconf 90' lang='lat' dir='ltr'>et</span> <span class='ocrx_word' id='word_1_88' title='bbox 569 674 766 712; x_wconf 88' lang='lat' dir='ltr'>uoluntas</span> <span class='ocrx_word' id='word_1_89' title='bbox 797 673 937 720; x_wconf 85' lang='lat' dir='ltr'>abest,</span> <span class='ocrx_word' id='word_1_90' title='bbox 968 671 1153 722; x_wconf 89' lang='lat' dir='ltr'>speciem</span> <span class='ocrx_word' id='word_1_91' title='bbox 1173 678 1310 712; x_wconf 87' lang='lat' dir='ltr'>tamen</span> <span class='ocrx_word' id='word_1_92' title='bbox 1333 683 1470 711; x_wconf 87' lang='lat' dir='ltr'>aernu-</span> 
     </span>
     <span class='ocr_line' id='line_1_13' title="bbox 53 728 1509 779; baseline -0.001 -9"><span class='ocrx_word' id='word_1_93' title='bbox 53 730 219 771; x_wconf 85' lang='lat' dir='ltr'>lationis</span> <span class='ocrx_word' id='word_1_94' title='bbox 250 735 376 770; x_wconf 86' lang='lat' dir='ltr'>creat.</span> <span class='ocrx_word' id='word_1_95' title='bbox 437 730 539 769; x_wconf 89' lang='lat' dir='ltr'>Nam</span> <span class='ocrx_word' id='word_1_96' title='bbox 565 740 658 769; x_wconf 91' lang='lat' dir='ltr'>cum</span> <span class='ocrx_word' id='word_1_97' title='bbox 685 728 851 779; x_wconf 86' lang='lat' dir='ltr'>ingenia</span> <span class='ocrx_word' id='word_1_98' title='bbox 875 730 1081 779; x_wconf 87' lang='lat' dir='ltr'>quaedam</span> <span class='ocrx_word' id='word_1_99' title='bbox 1112 741 1263 779; x_wconf 86' lang='lat' dir='ltr'>magna</span> <span class='ocrx_word' id='word_1_100' title='bbox 1292 729 1509 769; x_wconf 85' lang='lat' dir='ltr'>duorum9</span> 
     </span>
     <span class='ocr_line' id='line_1_14' title="bbox 54 785 1473 838; baseline -0.001 -12"><span class='ocrx_word' id='word_1_101' title='bbox 54 786 290 838; x_wconf 89' lang='lat' dir='ltr'>pluriumue</span> <span class='ocrx_word' id='word_1_102' title='bbox 320 786 361 825; x_wconf 92' lang='lat' dir='ltr'>in</span> <span class='ocrx_word' id='word_1_103' title='bbox 400 785 588 826; x_wconf 90' lang='lat' dir='ltr'>eiusdem</span> <span class='ocrx_word' id='word_1_104' title='bbox 625 785 685 825; x_wconf 90' lang='lat' dir='ltr'>rei</span> <span class='ocrx_word' id='word_1_105' title='bbox 709 786 848 826; x_wconf 92' lang='lat' dir='ltr'>studio</span> <span class='ocrx_word' id='word_1_106' title='bbox 886 786 1121 826; x_wconf 88' lang='lat' dir='ltr'>inlustrium</span> <span class='ocrx_word' id='word_1_107' title='bbox 1157 791 1228 825; x_wconf 88' lang='lat' dir='ltr'>aut</span> <span class='ocrx_word' id='word_1_108' title='bbox 1259 786 1350 836; x_wconf 85' lang='lat' dir='ltr'>pari</span> <span class='ocrx_word' id='word_1_109' title='bbox 1373 790 1473 825; x_wconf 87' lang='lat' dir='ltr'>sunt</span> 
     </span>
     <span class='ocr_line' id='line_1_15' title="bbox 54 842 1471 893; baseline -0.002 -9"><span class='ocrx_word' id='word_1_110' title='bbox 54 845 164 884; x_wconf 84' lang='lat' dir='ltr'>fama</span> <span class='ocrx_word' id='word_1_111' title='bbox 202 848 273 884; x_wconf 86' lang='lat' dir='ltr'>aut</span> <span class='ocrx_word' id='word_1_112' title='bbox 302 843 513 893; x_wconf 86' lang='lat' dir='ltr'>proxima,</span> <span class='ocrx_word' id='word_1_113' title='bbox 552 842 683 883; x_wconf 88' lang='lat' dir='ltr'>oritur</span> <span class='ocrx_word' id='word_1_114' title='bbox 719 843 831 893; x_wconf 88' lang='lat' dir='ltr'>apud</span> <span class='ocrx_word' id='word_1_115' title='bbox 863 843 1056 883; x_wconf 89' lang='lat' dir='ltr'>diuersos</span> <span class='ocrx_word' id='word_1_116' title='bbox 1087 842 1294 883; x_wconf 83' lang='lat' dir='ltr'>fauisores</span> <span class='ocrx_word' id='word_1_117' title='bbox 1325 853 1471 882; x_wconf 86' lang='lat' dir='ltr'>eorum</span> 
     </span>
     <span class='ocr_line' id='line_1_16' title="bbox 55 898 1530 949; baseline -0.003 -8"><span class='ocrx_word' id='word_1_118' title='bbox 55 900 285 941; x_wconf 89' lang='lat' dir='ltr'>industriae</span> <span class='ocrx_word' id='word_1_119' title='bbox 315 900 538 949; x_wconf 86' lang='lat' dir='ltr'>laudisque</span> <span class='ocrx_word' id='word_1_120' title='bbox 571 899 855 939; x_wconf 88' lang='lat' dir='ltr'>aestimandae</span> <span class='ocrx_word' id='word_1_121' title='bbox 896 900 1124 940; x_wconf 87' lang='lat' dir='ltr'>contentio.</span> <span class='ocrx_word' id='word_1_122' title='bbox 1186 901 1289 939; x_wconf 89' lang='lat' dir='ltr'>Tum</span> <span class='ocrx_word' id='word_1_123' title='bbox 1321 904 1473 949; x_wconf 83' lang='lat' dir='ltr'>postea</span> <span class='ocrx_word' id='word_1_124' title='bbox 1489 898 1530 933; x_wconf 84' lang='lat'>10</span> 
     </span>
     <span class='ocr_line' id='line_1_17' title="bbox 57 955 1472 1007; baseline -0.003 -9"><span class='ocrx_word' id='word_1_125' title='bbox 57 969 110 999; x_wconf 88' lang='lat' dir='ltr'>ex</span> <span class='ocrx_word' id='word_1_126' title='bbox 137 957 271 997; x_wconf 86' lang='lat' dir='ltr'>alieno</span> <span class='ocrx_word' id='word_1_127' title='bbox 310 957 537 997; x_wconf 87' lang='lat' dir='ltr'>certamine</span> <span class='ocrx_word' id='word_1_128' title='bbox 569 957 622 995; x_wconf 89' lang='lat' dir='ltr'>ad</span> <span class='ocrx_word' id='word_1_129' title='bbox 651 968 725 996; x_wconf 86' lang='lat' dir='ltr'>eos</span> <span class='ocrx_word' id='word_1_130' title='bbox 760 968 929 1006; x_wconf 88' lang='lat' dir='ltr'>quoque</span> <span class='ocrx_word' id='word_1_131' title='bbox 959 956 1077 1007; x_wconf 89' lang='lat' dir='ltr'>ipsos</span> <span class='ocrx_word' id='word_1_132' title='bbox 1115 955 1352 1006; x_wconf 84' lang='lat' dir='ltr'>contagium</span> <span class='ocrx_word' id='word_1_133' title='bbox 1386 967 1472 995; x_wconf 88' lang='lat' dir='ltr'>cer-</span> 
     </span>
     <span class='ocr_line' id='line_1_18' title="bbox 57 1013 1471 1064; baseline -0.001 -11"><span class='ocrx_word' id='word_1_134' title='bbox 57 1013 226 1055; x_wconf 87' lang='lat' dir='ltr'>tationis</span> <span class='ocrx_word' id='word_1_135' title='bbox 248 1014 436 1064; x_wconf 85' lang='lat' dir='ltr'>adspirat</span> <span class='ocrx_word' id='word_1_136' title='bbox 468 1024 702 1063; x_wconf 87' lang='lat' dir='ltr'>cursusque</span> <span class='ocrx_word' id='word_1_137' title='bbox 728 1024 873 1053; x_wconf 90' lang='lat' dir='ltr'>eorum</span> <span class='ocrx_word' id='word_1_138' title='bbox 905 1014 957 1052; x_wconf 89' lang='lat' dir='ltr'>ad</span> <span class='ocrx_word' id='word_1_139' title='bbox 994 1014 1170 1053; x_wconf 90' lang='lat' dir='ltr'>eandem</span> <span class='ocrx_word' id='word_1_140' title='bbox 1195 1013 1360 1052; x_wconf 90' lang='lat' dir='ltr'>uirtutis</span> <span class='ocrx_word' id='word_1_141' title='bbox 1393 1014 1471 1052; x_wconf 88' lang='lat' dir='ltr'>cal-</span> 
     </span>
     <span class='ocr_line' id='line_1_19' title="bbox 58 1069 1472 1122; baseline -0.002 -11"><span class='ocrx_word' id='word_1_142' title='bbox 58 1083 149 1111; x_wconf 84' lang='lat' dir='ltr'>cem</span> <span class='ocrx_word' id='word_1_143' title='bbox 173 1070 457 1122; x_wconf 75' lang='lat' dir='ltr'>pergentium,</span> <span class='ocrx_word' id='word_1_144' title='bbox 492 1070 661 1119; x_wconf 89' lang='lat' dir='ltr'>quando</span> <span class='ocrx_word' id='word_1_145' title='bbox 690 1075 754 1109; x_wconf 90' lang='lat' dir='ltr'>est</span> <span class='ocrx_word' id='word_1_146' title='bbox 783 1081 954 1120; x_wconf 88' lang='lat' dir='ltr'>compar</span> <span class='ocrx_word' id='word_1_147' title='bbox 974 1071 1041 1109; x_wconf 92' lang='lat' dir='ltr'>uel</span> <span class='ocrx_word' id='word_1_148' title='bbox 1064 1069 1303 1119; x_wconf 86' lang='lat' dir='ltr'>ambiguus,</span> <span class='ocrx_word' id='word_1_149' title='bbox 1331 1069 1373 1108; x_wconf 90' lang='lat' dir='ltr'>in</span> <span class='ocrx_word' id='word_1_150' title='bbox 1406 1080 1472 1108; x_wconf 86' lang='lat' dir='ltr'>ae-</span> 
     </span>
     <span class='ocr_line' id='line_1_20' title="bbox 57 1125 1470 1177; baseline -0.002 -10"><span class='ocrx_word' id='word_1_151' title='bbox 57 1127 242 1168; x_wconf 89' lang='lat' dir='ltr'>mulandi</span> <span class='ocrx_word' id='word_1_152' title='bbox 259 1126 516 1177; x_wconf 87' lang='lat' dir='ltr'>suspitiones</span> <span class='ocrx_word' id='word_1_153' title='bbox 533 1138 617 1166; x_wconf 91' lang='lat' dir='ltr'>non</span> <span class='ocrx_word' id='word_1_154' title='bbox 636 1138 737 1174; x_wconf 89' lang='lat' dir='ltr'>suo,</span> <span class='ocrx_word' id='word_1_155' title='bbox 756 1127 831 1166; x_wconf 88' lang='lat' dir='ltr'>sed</span> <span class='ocrx_word' id='word_1_156' title='bbox 849 1127 1076 1166; x_wconf 83' lang='lat' dir='ltr'>fauentium</span> <span class='ocrx_word' id='word_1_157' title='bbox 1093 1127 1231 1166; x_wconf 89' lang='lat' dir='ltr'>studio</span> <span class='ocrx_word' id='word_1_158' title='bbox 1251 1125 1470 1165; x_wconf 89' lang='lat' dir='ltr'>delabitur.</span> 
     </span>
     <span class='ocr_line' id='line_1_21' title="bbox 56 1179 1528 1233; baseline -0.001 -10"><span class='ocrx_word' id='word_1_159' title='bbox 56 1184 238 1224; x_wconf 89' lang='lat' dir='ltr'>Proinde</span> <span class='ocrx_word' id='word_1_160' title='bbox 260 1183 383 1233; x_wconf 86' lang='lat' dir='ltr'>igitur</span> <span class='ocrx_word' id='word_1_161' title='bbox 411 1188 452 1223; x_wconf 83' lang='lat' dir='ltr'>et</span> <span class='ocrx_word' id='word_1_162' title='bbox 470 1183 762 1233; x_wconf 90' lang='lat' dir='ltr'>Xenophon</span> <span class='ocrx_word' id='word_1_163' title='bbox 790 1189 831 1223; x_wconf 89' lang='lat' dir='ltr'>et</span> <span class='ocrx_word' id='word_1_164' title='bbox 853 1184 994 1223; x_wconf 88' lang='lat' dir='ltr'>Plato</span> <span class='ocrx_word' id='word_1_165' title='bbox 1015 1216 1023 1232; x_wconf 94' lang='lat'>,</span> <span class='ocrx_word' id='word_1_166' title='bbox 1064 1182 1304 1223; x_wconf 81' lang='lat' dir='ltr'>Socraticae</span> <span class='ocrx_word' id='word_1_167' title='bbox 1336 1179 1528 1222; x_wconf 79' lang='lat' dir='ltr'>amoe·ll</span> 
     </span>
     <span class='ocr_line' id='line_1_22' title="bbox 61 1238 1473 1290; baseline -0.002 -10"><span class='ocrx_word' id='word_1_168' title='bbox 61 1239 198 1280; x_wconf 86' lang='lat' dir='ltr'>nitatis</span> <span class='ocrx_word' id='word_1_169' title='bbox 236 1240 319 1280; x_wconf 93' lang='lat' dir='ltr'>duo</span> <span class='ocrx_word' id='word_1_170' title='bbox 351 1239 529 1286; x_wconf 89' lang='lat' dir='ltr'>lumina,</span> <span class='ocrx_word' id='word_1_171' title='bbox 565 1244 725 1279; x_wconf 86' lang='lat' dir='ltr'>certare</span> <span class='ocrx_word' id='word_1_172' title='bbox 751 1240 1034 1290; x_wconf 86' lang='lat' dir='ltr'>aemularique</span> <span class='ocrx_word' id='word_1_173' title='bbox 1061 1240 1168 1279; x_wconf 88' lang='lat' dir='ltr'>inter</span> <span class='ocrx_word' id='word_1_174' title='bbox 1202 1251 1298 1279; x_wconf 91' lang='lat' dir='ltr'>sese</span> <span class='ocrx_word' id='word_1_175' title='bbox 1336 1238 1473 1278; x_wconf 88' lang='lat' dir='ltr'>existi-</span> 
     </span>
     <span class='ocr_line' id='line_1_23' title="bbox 59 1295 1474 1346; baseline -0.002 -9"><span class='ocrx_word' id='word_1_176' title='bbox 59 1296 159 1337; x_wconf 89' lang='lat' dir='ltr'>mati</span> <span class='ocrx_word' id='word_1_177' title='bbox 198 1301 330 1344; x_wconf 89' lang='lat' dir='ltr'>sunt,-</span> <span class='ocrx_word' id='word_1_178' title='bbox 362 1295 458 1346; x_wconf 89' lang='lat' dir='ltr'>quia</span> <span class='ocrx_word' id='word_1_179' title='bbox 490 1297 542 1336; x_wconf 90' lang='lat' dir='ltr'>de</span> <span class='ocrx_word' id='word_1_180' title='bbox 577 1296 627 1336; x_wconf 90' lang='lat' dir='ltr'>iis</span> <span class='ocrx_word' id='word_1_181' title='bbox 665 1297 776 1346; x_wconf 86' lang='lat' dir='ltr'>apud</span> <span class='ocrx_word' id='word_1_182' title='bbox 810 1297 934 1345; x_wconf 89' lang='lat' dir='ltr'>alios,</span> <span class='ocrx_word' id='word_1_183' title='bbox 967 1302 1061 1336; x_wconf 89' lang='lat' dir='ltr'>uter</span> <span class='ocrx_word' id='word_1_184' title='bbox 1091 1302 1205 1336; x_wconf 86' lang='lat' dir='ltr'>esset</span> <span class='ocrx_word' id='word_1_185' title='bbox 1242 1306 1474 1346; x_wconf 83' lang='lat' dir='ltr'>exuperan-</span> 
     </span>
     <span class='ocr_line' id='line_1_24' title="bbox 59 1352 1473 1402; baseline -0.002 -9"><span class='ocrx_word' id='word_1_186' title='bbox 59 1353 158 1402; x_wconf 88' lang='lat' dir='ltr'>tior,</span> <span class='ocrx_word' id='word_1_187' title='bbox 183 1353 421 1393; x_wconf 87' lang='lat' dir='ltr'>certabatur</span> <span class='ocrx_word' id='word_1_188' title='bbox 437 1357 478 1392; x_wconf 91' lang='lat' dir='ltr'>et</span> <span class='ocrx_word' id='word_1_189' title='bbox 500 1352 597 1402; x_wconf 85' lang='lat' dir='ltr'>quia</span> <span class='ocrx_word' id='word_1_190' title='bbox 619 1353 726 1393; x_wconf 87' lang='lat' dir='ltr'>duae</span> <span class='ocrx_word' id='word_1_191' title='bbox 748 1353 1014 1401; x_wconf 84' lang='lat' dir='ltr'>eminentiae,</span> <span class='ocrx_word' id='word_1_192' title='bbox 1050 1365 1142 1393; x_wconf 88' lang='lat' dir='ltr'>curn</span> <span class='ocrx_word' id='word_1_193' title='bbox 1166 1353 1286 1393; x_wconf 89' lang='lat' dir='ltr'>simul</span> <span class='ocrx_word' id='word_1_194' title='bbox 1308 1353 1473 1391; x_wconf 88' lang='lat' dir='ltr'>iunctae</span> 
     </span>
     <span class='ocr_line' id='line_1_25' title="bbox 57 1408 1472 1461; baseline -0.002 -11"><span class='ocrx_word' id='word_1_195' title='bbox 57 1410 98 1450; x_wconf 91' lang='lat' dir='ltr'>in</span> <span class='ocrx_word' id='word_1_196' title='bbox 122 1411 298 1450; x_wconf 89' lang='lat' dir='ltr'>arduum</span> <span class='ocrx_word' id='word_1_197' title='bbox 324 1409 529 1458; x_wconf 90' lang='lat' dir='ltr'>nituntur,</span> <span class='ocrx_word' id='word_1_198' title='bbox 563 1409 828 1450; x_wconf 86' lang='lat' dir='ltr'>simulacrum</span> <span class='ocrx_word' id='word_1_199' title='bbox 854 1411 1067 1461; x_wconf 89' lang='lat' dir='ltr'>quoddam</span> <span class='ocrx_word' id='word_1_200' title='bbox 1099 1408 1379 1450; x_wconf 83' lang='lat' dir='ltr'>contentionis</span> <span class='ocrx_word' id='word_1_201' title='bbox 1408 1419 1472 1447; x_wconf 86' lang='lat' dir='ltr'>ae-</span> 
     </span>
     <span class='ocr_line' id='line_1_26' title="bbox 60 1466 408 1517; baseline -0.006 -10"><span class='ocrx_word' id='word_1_202' title='bbox 60 1468 195 1507; x_wconf 88' lang='lat' dir='ltr'>mulae</span> <span class='ocrx_word' id='word_1_203' title='bbox 229 1466 408 1517; x_wconf 88' lang='lat' dir='ltr'>pariunt.</span> 
     </span>
    </p>
   </div>
   <div class='ocr_carea' id='block_1_4' title="bbox 728 1570 812 1610">
    <p class='ocr_par' dir='ltr' id='par_1_4' title="bbox 728 1570 812 1610">
     <span class='ocr_line' id='line_1_27' title="bbox 728 1570 812 1610; baseline 0 -1"><span class='ocrx_word' id='word_1_204' title='bbox 728 1570 812 1610; x_wconf 91' lang='lat'><em>1111.</em></span> 
     </span>
    </p>
   </div>
   <div class='ocr_carea' id='block_1_5' title="bbox 64 1649 1472 1754">
    <p class='ocr_par' dir='ltr' id='par_1_5' title="bbox 64 1649 1472 1754">
     <span class='ocr_line' id='line_1_28' title="bbox 64 1649 1472 1698; baseline 0.001 -12"><span class='ocrx_word' id='word_1_205' title='bbox 64 1650 174 1695; x_wconf 85' lang='lat' dir='ltr'>Quod</span> <span class='ocrx_word' id='word_1_206' title='bbox 195 1653 280 1698; x_wconf 85' lang='lat' dir='ltr'>apte</span> <span class='ocrx_word' id='word_1_207' title='bbox 299 1649 538 1698; x_wconf 80' lang='lat' dir='ltr'>Chrysippus</span> <span class='ocrx_word' id='word_1_208' title='bbox 555 1653 591 1685; x_wconf 88' lang='lat' dir='ltr'>et</span> <span class='ocrx_word' id='word_1_209' title='bbox 615 1649 796 1697; x_wconf 84' lang='lat' dir='ltr'>graphice</span> <span class='ocrx_word' id='word_1_210' title='bbox 820 1651 1025 1698; x_wconf 82' lang='lat' dir='ltr'>imaginem</span> <span class='ocrx_word' id='word_1_211' title='bbox 1041 1650 1205 1688; x_wconf 72' lang='lat' dir='ltr'>Iustitiae</span> <span class='ocrx_word' id='word_1_212' title='bbox 1223 1651 1386 1687; x_wconf 87' lang='lat' dir='ltr'>modulis</span> <span class='ocrx_word' id='word_1_213' title='bbox 1410 1662 1472 1687; x_wconf 92' lang='lat' dir='ltr'>co-</span> 
     </span>
     <span class='ocr_line' id='line_1_29' title="bbox 447 1706 1081 1754; baseline 0 -12"><span class='ocrx_word' id='word_1_214' title='bbox 447 1706 664 1753; x_wconf 86' lang='lat' dir='ltr'>loribusque</span> <span class='ocrx_word' id='word_1_215' title='bbox 682 1708 883 1743; x_wconf 88' lang='lat' dir='ltr'>uerborum</span> <span class='ocrx_word' id='word_1_216' title='bbox 900 1707 1081 1754; x_wconf 81' lang='lat' dir='ltr'>depinxit.</span> 
     </span>
    </p>
   </div>
   <div class='ocr_carea' id='block_1_6' title="bbox 60 1805 1517 2253">
    <p class='ocr_par' dir='ltr' id='par_1_6' title="bbox 60 1805 1517 2253">
     <span class='ocr_line' id='line_1_30' title="bbox 157 1805 1510 1858; baseline 0.001 -13"><span class='ocrx_word' id='word_1_217' title='bbox 157 1805 370 1856; x_wconf 86' lang='lat' dir='ltr'>Condigne</span> <span class='ocrx_word' id='word_1_218' title='bbox 394 1806 633 1846; x_wconf 89' lang='lat' dir='ltr'>mehercule</span> <span class='ocrx_word' id='word_1_219' title='bbox 662 1810 703 1844; x_wconf 89' lang='lat' dir='ltr'>et</span> <span class='ocrx_word' id='word_1_220' title='bbox 726 1806 964 1846; x_wconf 88' lang='lat' dir='ltr'>condecore</span> <span class='ocrx_word' id='word_1_221' title='bbox 995 1805 1320 1858; x_wconf 79' lang='lat' dir='ltr'>Chrysippus</span> <span class='ocrx_word' id='word_1_222' title='bbox 1345 1807 1384 1847; x_wconf 92' lang='lat' dir='ltr'>in</span> <span class='ocrx_word' id='word_1_223' title='bbox 1416 1807 1473 1846; x_wconf 89' lang='lat' dir='ltr'>li·</span> <span class='ocrx_word' id='word_1_224' title='bbox 1493 1813 1510 1846; x_wconf 84' lang='lat'>1</span> 
     </span>
     <span class='ocr_line' id='line_1_31' title="bbox 60 1858 1471 1916; baseline 0 -14"><span class='ocrx_word' id='word_1_225' title='bbox 60 1862 293 1911; x_wconf 90' lang='lat' dir='ltr'>brorum,</span> <span class='ocrx_word' id='word_1_226' title='bbox 330 1863 400 1913; x_wconf 91' lang='lat' dir='ltr'>qui</span> <span class='ocrx_word' id='word_1_227' title='bbox 429 1863 713 1903; x_wconf 86' lang='lat' dir='ltr'>inscribuntur</span> <span class='ocrx_word' id='word_1_228' title='bbox 746 1859 876 1914; x_wconf 82' lang='grc' dir='ltr'><em>περὶ</em></span> <span class='ocrx_word' id='word_1_229' title='bbox 910 1862 1085 1902; x_wconf 80' lang='grc' dir='ltr'><strong><em>καλοῦ</em></strong></span> <span class='ocrx_word' id='word_1_230' title='bbox 1120 1861 1212 1904; x_wconf 80' lang='grc' dir='ltr'>καὶ</span> <span class='ocrx_word' id='word_1_231' title='bbox 1242 1858 1471 1916; x_wconf 76' lang='grc' dir='ltr'><em>ἡδονῆς,</em></span> 
     </span>
     <span class='ocr_line' id='line_1_32' title="bbox 60 1917 1474 1969; baseline 0.001 -12"><span class='ocrx_word' id='word_1_232' title='bbox 60 1917 225 1969; x_wconf 89' lang='lat' dir='ltr'>primo</span> <span class='ocrx_word' id='word_1_233' title='bbox 247 1951 256 1967; x_wconf 94' lang='lat'>,</span> <span class='ocrx_word' id='word_1_234' title='bbox 287 1930 336 1959; x_wconf 92' lang='lat' dir='ltr'>os</span> <span class='ocrx_word' id='word_1_235' title='bbox 370 1924 411 1959; x_wconf 89' lang='lat' dir='ltr'>et</span> <span class='ocrx_word' id='word_1_236' title='bbox 442 1921 588 1960; x_wconf 92' lang='lat' dir='ltr'>oculos</span> <span class='ocrx_word' id='word_1_237' title='bbox 619 1919 802 1959; x_wconf 88' lang='lat' dir='ltr'>Iustitiae</span> <span class='ocrx_word' id='word_1_238' title='bbox 823 1920 1069 1969; x_wconf 89' lang='lat' dir='ltr'>uultumque</span> <span class='ocrx_word' id='word_1_239' title='bbox 1101 1919 1190 1960; x_wconf 91' lang='lat' dir='ltr'>eius</span> <span class='ocrx_word' id='word_1_240' title='bbox 1222 1920 1384 1961; x_wconf 89' lang='lat' dir='ltr'>seueris</span> <span class='ocrx_word' id='word_1_241' title='bbox 1417 1926 1474 1959; x_wconf 87' lang='lat' dir='ltr'>at-</span> 
     </span>
     <span class='ocr_line' id='line_1_33' title="bbox 64 1975 1517 2027; baseline 0.002 -13"><span class='ocrx_word' id='word_1_242' title='bbox 64 1985 146 2025; x_wconf 90' lang='lat' dir='ltr'>que</span> <span class='ocrx_word' id='word_1_243' title='bbox 164 1976 418 2016; x_wconf 88' lang='lat' dir='ltr'>uenerandis</span> <span class='ocrx_word' id='word_1_244' title='bbox 439 1977 666 2017; x_wconf 85' lang='lat' dir='ltr'>uerborum</span> <span class='ocrx_word' id='word_1_245' title='bbox 691 1975 902 2016; x_wconf 90' lang='lat' dir='ltr'>coloribus</span> <span class='ocrx_word' id='word_1_246' title='bbox 921 1975 1121 2026; x_wconf 85' lang='lat' dir='ltr'>depinxit.</span> <span class='ocrx_word' id='word_1_247' title='bbox 1183 1977 1299 2017; x_wconf 86' lang='lat' dir='ltr'>Facit</span> <span class='ocrx_word' id='word_1_248' title='bbox 1315 1977 1471 2027; x_wconf 87' lang='lat' dir='ltr'>quippe</span> <span class='ocrx_word' id='word_1_249' title='bbox 1491 1984 1517 2018; x_wconf 79' lang='lat'><em>2</em></span> 
     </span>
     <span class='ocr_line' id='line_1_34' title="bbox 61 2029 1472 2084; baseline 0.002 -15"><span class='ocrx_word' id='word_1_250' title='bbox 61 2029 281 2082; x_wconf 86' lang='lat' dir='ltr'>imaginem</span> <span class='ocrx_word' id='word_1_251' title='bbox 311 2032 496 2073; x_wconf 88' lang='lat' dir='ltr'>Iustitiae</span> <span class='ocrx_word' id='word_1_252' title='bbox 533 2033 707 2082; x_wconf 89' lang='lat' dir='ltr'>fierique</span> <span class='ocrx_word' id='word_1_253' title='bbox 733 2032 896 2073; x_wconf 85' lang='lat' dir='ltr'>solitam</span> <span class='ocrx_word' id='word_1_254' title='bbox 932 2043 1028 2072; x_wconf 89' lang='lat' dir='ltr'>esse</span> <span class='ocrx_word' id='word_1_255' title='bbox 1058 2033 1155 2073; x_wconf 93' lang='lat' dir='ltr'>dicit</span> <span class='ocrx_word' id='word_1_256' title='bbox 1188 2045 1212 2072; x_wconf 89' lang='lat' dir='ltr'>a</span> <span class='ocrx_word' id='word_1_257' title='bbox 1241 2033 1472 2084; x_wconf 87' lang='lat' dir='ltr'>pictoribus</span> 
     </span>
     <span class='ocr_line' id='line_1_35' title="bbox 61 2087 1475 2139; baseline 0.001 -13"><span class='ocrx_word' id='word_1_258' title='bbox 61 2087 386 2139; x_wconf 88' lang='lat' dir='ltr'>rhetoribusque</span> <span class='ocrx_word' id='word_1_259' title='bbox 413 2089 715 2139; x_wconf 89' lang='lat' dir='ltr'>antiquioribus</span> <span class='ocrx_word' id='word_1_260' title='bbox 742 2089 794 2128; x_wconf 89' lang='lat' dir='ltr'>ad</span> <span class='ocrx_word' id='word_1_261' title='bbox 817 2089 928 2129; x_wconf 91' lang='lat' dir='ltr'>hunc</span> <span class='ocrx_word' id='word_1_262' title='bbox 945 2090 1074 2129; x_wconf 87' lang='lat' dir='ltr'>ferme</span> <span class='ocrx_word' id='word_1_263' title='bbox 1096 2091 1288 2130; x_wconf 87' lang='lat' dir='ltr'>modum:</span> <span class='ocrx_word' id='word_1_264' title='bbox 1323 2091 1475 2131; x_wconf 80' lang='lat' dir='ltr'>‘forma</span> 
     </span>
     <span class='ocr_line' id='line_1_36' title="bbox 63 2144 1474 2197; baseline 0.002 -15"><span class='ocrx_word' id='word_1_265' title='bbox 63 2147 188 2193; x_wconf 90' lang='lat' dir='ltr'>atque</span> <span class='ocrx_word' id='word_1_266' title='bbox 226 2144 296 2185; x_wconf 89' lang='lat' dir='ltr'>filo</span> <span class='ocrx_word' id='word_1_267' title='bbox 338 2145 548 2196; x_wconf 86' lang='lat' dir='ltr'>uirginali,</span> <span class='ocrx_word' id='word_1_268' title='bbox 593 2150 769 2197; x_wconf 87' lang='lat' dir='ltr'>aspectu</span> <span class='ocrx_word' id='word_1_269' title='bbox 804 2145 984 2186; x_wconf 85' lang='lat' dir='ltr'>uementi</span> <span class='ocrx_word' id='word_1_270' title='bbox 1020 2151 1060 2186; x_wconf 89' lang='lat' dir='ltr'>et</span> <span class='ocrx_word' id='word_1_271' title='bbox 1100 2145 1367 2194; x_wconf 82' lang='lat' dir='ltr'>formidabili,</span> <span class='ocrx_word' id='word_1_272' title='bbox 1416 2147 1474 2185; x_wconf 86' lang='lat' dir='ltr'>lu-</span> 
     </span>
     <span class='ocr_line' id='line_1_37' title="bbox 64 2198 1473 2253; baseline 0.001 -13"><span class='ocrx_word' id='word_1_273' title='bbox 64 2198 242 2241; x_wconf 87' lang='lat' dir='ltr'>minibus</span> <span class='ocrx_word' id='word_1_274' title='bbox 278 2203 498 2242; x_wconf 90' lang='lat' dir='ltr'>oculorum</span> <span class='ocrx_word' id='word_1_275' title='bbox 531 2202 718 2250; x_wconf 89' lang='lat' dir='ltr'>acribus,</span> <span class='ocrx_word' id='word_1_276' title='bbox 753 2214 891 2252; x_wconf 89' lang='lat' dir='ltr'>neque</span> <span class='ocrx_word' id='word_1_277' title='bbox 925 2203 1089 2243; x_wconf 87' lang='lat' dir='ltr'>humilis</span> <span class='ocrx_word' id='word_1_278' title='bbox 1125 2214 1263 2253; x_wconf 88' lang='lat' dir='ltr'>neque</span> <span class='ocrx_word' id='word_1_279' title='bbox 1305 2203 1473 2250; x_wconf 85' lang='lat' dir='ltr'>atrocis,</span> 
     </span>
    </p>
   </div>
   <div class='ocr_carea' id='block_1_7' title="bbox 6 2245 1513 2310">
    <p class='ocr_par' dir='ltr' id='par_1_7' title="bbox 6 2245 1513 2310">
     <span class='ocr_line' id='line_1_38' title="bbox 6 2245 1513 2310; baseline 0.004 -16"><span class='ocrx_word' id='word_1_280' title='bbox 6 2245 15 2264; x_wconf 66' lang='lat'><em>³</em></span> <span class='ocrx_word' id='word_1_281' title='bbox 63 2256 142 2295; x_wconf 87' lang='lat' dir='ltr'>sed</span> <span class='ocrx_word' id='word_1_282' title='bbox 163 2258 422 2299; x_wconf 87' lang='lat' dir='ltr'>reuerendae</span> <span class='ocrx_word' id='word_1_283' title='bbox 446 2258 663 2299; x_wconf 87' lang='lat' dir='ltr'>cuiusdam</span> <span class='ocrx_word' id='word_1_284' title='bbox 687 2258 879 2298; x_wconf 86' lang='lat' dir='ltr'>tristitiae</span> <span class='ocrx_word' id='word_1_285' title='bbox 905 2259 1136 2309; x_wconf 84' lang='lat' dir='ltr'>dignitate&#39;.</span> <span class='ocrx_word' id='word_1_286' title='bbox 1198 2261 1260 2299; x_wconf 81' lang='lat' dir='ltr'>Ex</span> <span class='ocrx_word' id='word_1_287' title='bbox 1285 2258 1472 2310; x_wconf 84' lang='lat' dir='ltr'>imaginis</span> <span class='ocrx_word' id='word_1_288' title='bbox 1490 2266 1513 2300; x_wconf 83' lang='lat'><strong>3</strong></span> 
     </span>
    </p>
   </div>
   <div class='ocr_carea' id='block_1_8' title="bbox 11 2449 93 2492">
    <p class='ocr_par' dir='ltr' id='par_1_8' title="bbox 11 2449 93 2492">
     <span class='ocr_line' id='line_1_39' title="bbox 11 2449 93 2492; baseline 0 0"><span class='ocrx_word' id='word_1_289' title='bbox 11 2449 93 2492; x_wconf 59' lang='lat' dir='ltr'>tt:</span> 
     </span>
    </p>
   </div>
  </div>
 </body>
</html>
