1619 2476
1190 0 1466 42 -2'532‘3523533'233‘27'
1493 23 1502 28 -
1519 6 1582 27 Γπ*
1596 0 1619 68 ἰ

1191 36 1194 39 ·
1232 35 1233 39 ¹
1264 41 1278 48 ,.
1291 34 1347 50 ‘fio-aq.
1356 36 1388 45 -3—
1435 36 1438 37 ⁷
1480 32 1482 34 ’
1563 45 1566 47 i

104 68 188 110 226
602 62 807 109 VII.(Vl.)
823 71 1011 100 x1111.xv.
1208 50 1214 53 ”
1302 74 1374 89 «ψ»

102 182 160 222 ita
192 179 386 219 delictum
412 182 495 223 est,
526 187 610 215 non
635 184 738 215 sane
756 172 924 222 dignum
946 182 1043 212 esse
1074 168 1317 221 imponendi
1346 179 1509 220 poenae

105 237 286 278 studium
309 234 445 274 uisum
463 238 540 272 cst.

69 304 90 337 5
192 294 277 332 Has
303 291 376 330 tris
394 288 622 330 ulciscendi
645 287 829 327 radones
847 291 887 326 et
905 282 1145 336 philosophi
1168 282 1236 322 alii
1257 281 1511 334 plurifariam

69 393 77 398 ,
107 356 146 390 et
176 354 321 389 noster
354 348 551 386 Taurus
582 346 627 384 in
662 343 822 393 primo
857 339 1342 383 commentariorum
1360 371 1370 388 ,
1403 349 1511 388 quos

66 416 88 451 6
105 408 153 447 in
173 404 394 455 Gorgian
411 401 640 443 Platonis
667 399 921 451 composuit,
944 399 1122 449 scriptas
1143 396 1320 446 reliquit.
1365 395 1510 435 Plato

107 469 244 504 autem
270 462 361 512 ipse
383 459 523 501 uerbis
554 457 709 508 apertis
735 458 839 497 duas
864 457 976 496 solas
996 465 1092 495 esse
1116 452 1340 504 poeniendi
1362 461 1513 492 causas

109 520 222 560 dicit:
258 530 401 565 unam,
429 528 552 566 quam
572 515 700 564 primo
718 514 758 553 in
776 515 870 554 loco
886 516 1059 563 propter
1076 510 1389 560 corrigendum,
1416 508 1513 547 alte-

69 586 89 621 7
107 589 207 624 ram,
228 587 351 626 quam
366 575 406 614 in
424 573 542 613 tertio
561 577 733 623 propter
750 569 930 620 exempli
944 574 1097 608 metum
1113 567 1347 617 posuimus.
1372 564 1516 604 Verba

107 635 212 674 haec
244 637 339 672 sunt
363 629 595 671 Platonis
628 628 666 667 in
693 627 901 677 Gorgia:
943 620 1224 678 Προσήκει
1257 618 1313 663 δὲ
1350 617 1515 662 παντὶ

109 690 176 745 τῷ
200 686 254 729 ἐν
280 687 516 740 τιμωρία
541 681 663 725 ὄντι
697 678 785 724 ὑπ’
820 678 988 723 ἄλλου
1019 675 1201 733 ὀρθῶς
1230 690 1512 732 τιμωρου-

109 746 249 801 μένῳ
311 737 333 797 ἢ
393 742 571 797 βελτίο
586 756 638 782 vo
691 740 846 793 γίγνε
861 742 994 780 σθαι
1046 736 1134 779 καὶ
1184 731 1485 777 ὀνίνασθαι
1502 763 1515 787 ,

115 796 137 856 ἢ
179 815 283 853 παρ
300 799 589 853 αδείγματι
632 793 730 838 ἄλλ
746 811 825 846 οις
863 796 1161 849 γίγνεσθαι
1178 825 1189 847 ,
1229 791 1320 834 ἵνα
1358 786 1514 832 ἄλλοι

111 859 163 900 οἱ
215 853 454 910 ὁρῶντες
514 852 792 907 πάσχοντα
856 849 1206 906 φοβούμενοι
1258 849 1516 904 βελτίους

73 928 95 962 8
114 917 205 969 γίγ
221 929 288 955 vm
301 929 326 954 v
338 929 434 954 ται.
483 916 525 953 111
553 913 667 952 hisce
684 911 824 951 uerbis
845 911 961 949 facile
979 910 1215 958 intellegas,
1247 911 1260 930 ³
1273 904 1513 958 τιμωρίαν’

112 975 375 1013 Platonem
407 971 583 1017 dixisse,
621 981 704 1008 non
736 974 780 1007 ut
802 979 930 1018 supra
956 965 1105 1016 scripsi
1131 964 1338 1014 quosdam
1364 961 1515 1007 dicere,

75 1040 95 1075 9
113 1030 189 1070 sed
208 1030 263 1069 ita
280 1034 323 1069 ut
340 1027 549 1078 promisce
568 1025 647 1065 dici
665 1027 771 1066 solet
787 1036 862 1075 pro
884 1024 994 1064 omni
1019 1021 1247 1073 punitione.
1308 1021 1431 1058 Anne
1448 1027 1517 1056 au-

114 1093 193 1127 tem
222 1085 341 1136 quasi
367 1084 532 1124 omnino
551 1093 723 1133 paruam
746 1087 786 1121 et
811 1085 1052 1131 contemptu
1071 1079 1236 1129 dignam
1260 1072 1520 1128 praeterierit

113 1153 275 1194 poenae
307 1142 535 1182 sumendae
568 1151 736 1179 causam
767 1143 940 1188 propter
974 1136 1170 1176 tuendam
1200 1133 1303 1174 laesi
1338 1128 1518 1171 hominis

115 1199 401 1240 auctoritatem
426 1210 478 1238 an
503 1196 633 1246 magis
667 1195 787 1246 quasi
818 1195 873 1242 ei,
908 1205 1031 1244 quam
1049 1192 1231 1240 dicebat,
1261 1188 1322 1230 rei
1338 1199 1423 1228 non
1451 1196 1519 1225 ne·
1552 1190 1556 1193 ’

117 1256 342 1296 cessariam
373 1253 716 1305 praetermiserit,
747 1264 839 1292 cum
858 1252 909 1291 de
926 1250 1095 1302 poenis,
1119 1260 1204 1289 non
1220 1248 1261 1287 in
1276 1246 1362 1286 uita
1382 1252 1520 1292 neque
1555 1278 1558 1279 ⁷

116 1313 222 1352 inter
254 1312 464 1359 homines,
498 1311 573 1351 sed
606 1315 706 1360 post
731 1309 841 1348 uitae
873 1313 1038 1358 tempus
1068 1303 1282 1356 capiendis
1306 1300 1518 1345 scriberet,

116 1380 194 1418 ego
212 1369 251 1408 in
270 1368 449 1408 medium
465 1367 670 1416 relinquo.

781 1441 870 1482 XV.

228 1513 283 1549 De
301 1515 416 1549 uerbo
435 1513 588 1560 quiesco
602 1541 610 1556 ,
633 1523 680 1548 an
706 1524 724 1547 c
743 1512 850 1547 litera
867 1510 1005 1556 corripi
1029 1519 1078 1545 an
1094 1506 1254 1555 produci
1274 1507 1421 1544 debeat.
1445 1498 1453 1504 '

80 1598 96 1630 1
202 1588 374 1628 Amicus
407 1593 572 1635 noster,
603 1587 727 1626 homo
753 1585 866 1626 multi
889 1583 1014 1625 studii
1035 1589 1161 1633 atque
1179 1581 1218 1622 in
1242 1583 1448 1624 bonarum
1465 1580 1522 1621 di-

119 1645 386 1696 sciplinarum
406 1656 533 1695 opere
551 1646 762 1693 frequens,
785 1643 959 1683 uerbum
978 1639 1186 1690 ‘quiescit'
1197 1639 1347 1679 usitate
1365 1650 1388 1677 e
1405 1637 1523 1677 litera
1565 1663 1574 1666 <

79 1710 100 1744 iz
119 1708 313 1752 correpta
331 1701 443 1741 dixit.
475 1702 592 1740 Alter
608 1701 706 1740 item
724 1699 893 1747 amicus,
911 1699 1035 1737 homo
1056 1697 1096 1735 in
1116 1695 1328 1743 doctrinis,
1347 1693 1466 1744 quasi
1480 1694 1522 1733 in

117 1758 365 1810 praestigiis,
385 1758 581 1797 mirificus
593 1757 955 1806 communiumque
967 1764 1120 1794 uocum
1137 1763 1341 1802 respuens
1352 1750 1471 1790 nimis
1482 1755 1525 1790 et
1570 1770 1574 1772 ἡ

119 1816 346 1863 fastidiens,
368 1815 543 1854 barbare
562 1826 654 1854 eum
675 1814 831 1854 dixisse
849 1812 1040 1863 opinatus
1060 1808 1350 1866 esthquoniam
1368 1807 1523 1858 prod-u-

80 1878 102 1912 3
121 1884 216 1913 cere
229 1871 454 1919 debuisset,
473 1883 556 1911 non
576 1871 798 1921 corripere.
831 1865 1152 1918 Narn‘quiescit'
1163 1865 1219 1905 ita
1233 1869 1433 1915 voportere
1443 1863 1524 1902 dici
1558 1912 1561 1913 ⁷

119 1929 389 1979 praedicauit,
407 1928 677 1975 ut‘calescit'‚
698 1926 907 1973 enitescit’‚
927 1922 1161 1974 ‘stupescit'
1183 1926 1224 1961 et
1239 1921 1317 1961 alia
1333 1921 1523 1960 huiusce·
1578 1925 1582 1928 ”

86 1992 109 2026 4
125 1986 238 2026 modi
255 1987 394 2025 multa.
428 1986 473 2024 Id
492 1985 613 2024 etiam
630 1985 823 2032 addebat,
843 1982 957 2034 quod
974 1979 1127 2030 ‘quies'
1147 1991 1170 2019 e
1190 1979 1397 2029 producto
1410 2009 1420 2026 ,
1437 1988 1523 2017 non

83 2049 104 2081 5
121 2042 239 2082 breui
262 2042 480 2082 diceretur.
520 2043 670 2081 Noster
687 2047 844 2088 autem,
874 2050 955 2089 qua
973 2043 1037 2078 est
1052 2047 1190 2076 rerum
1208 2035 1391 2075 omnium
1405 2043 1524 2074 uere·
1575 2053 1579 2061 x

125 2100 261 2138 cunda
278 2099 576 2146 mediocritate,
596 2109 648 2137 ne
670 2097 704 2137 si
720 2101 758 2137 A
769 2097 856 2137 6111
874 2095 1052 2146 quidem,
1071 2093 1155 2133 Cin
1168 2092 1233 2132 cii
1248 2097 1288 2132 et
1303 2091 1332 2132 S
1344 2103 1367 2132 a
1377 2103 1402 2131 n
1413 2095 1524 2130 trae

126 2155 348 2194 dicendum
368 2155 424 2195 ita
442 2154 722 2203 censuissent,
753 2154 1049 2194 obsecuturum
1074 2161 1120 2190 se
1144 2149 1274 2190 fuisse
1297 2148 1353 2188 ait
1379 2151 1526 2187 contra
1560 2166 1562 2168 ·

123 2218 369 2261 perpetuam
385 2212 553 2251 Latinae
570 2211 733 2261 linguae
751 2207 1096 2250 consuetudinem
1108 2238 1117 2255 ,
1149 2217 1287 2256 neque
1304 2216 1351 2245 se
1367 2209 1450 2252 tam
1465 2201 1523 2242 in·
1572 2222 1579 2229 ·

87 2273 109 2307 6
128 2267 275 2317 signite
287 2269 588 2315 locuturum,ut
597 2266 1030 2316 absonainauditaque
1041 2263 1220 2312 diceret;
1238 2261 1376 2302 literas
1385 2265 1522 2301 tamen
1546 2261 1560 2306 J

1520 2370 1551 2387 ‘L

1526 2388 1567 2411 ’τῖε

1528 2412 1555 2426 2.

1474 2420 1569 2476 .-3
