1635 2492
709 63 779 102 XI.
816 73 886 101 xv.
1451 59 1507 102 43

758 208 848 250 XV.

90 309 146 346 De
160 308 368 347 ludibundo
386 312 421 345 et
440 307 652 346 errabundo
676 311 786 355 atque
810 307 849 344 id
875 319 996 355 genus
1022 309 1226 344 uerborum
1251 308 1508 356 productioni-

148 368 242 413 bus;
273 371 308 403 et
326 365 428 414 quod
446 366 626 402 Laberius
644 365 697 401 sie
714 364 1013 401 amorabundam
1030 363 1142 409 dixit,
1178 370 1215 402 ut
1246 365 1382 402 dicitur
1412 365 1507 402 ludi-

147 423 276 461 bunda
295 428 329 460 et
346 422 581 468 errabunda;
600 426 710 470 atque
729 423 832 466 inibi,
853 421 955 469 quod
974 422 1137 459 Sisenna
1155 434 1222 470 per
1240 422 1506 460 huiuscemodi

149 483 309 518 uerbum
331 491 432 517 noua
455 480 578 528 figura
594 491 686 515 usus
705 484 774 515 cst.
905 487 913 493 ·

175 573 429 614 Laberius
451 573 490 613 in
509 573 644 612 Lacu
667 575 877 612 Auerno
902 571 1117 612 mulierem
1136 576 1356 619 amantem,
1374 571 1505 612 uerbo
1529 579 1543 611 l

89 631 325 673 inusitatius
346 631 457 679 ficto,
488 630 850 670 ‘amorabundam’
878 629 991 670 dixit.
1033 629 1078 668 ld
1096 629 1272 668 uerbum
1297 629 1424 669 Caes
1440 629 1508 668 el·
1525 635 1546 668 2

91 688 194 729 lius
220 688 426 728 Vindex
455 687 495 727 in
530 687 905 727 commentario
931 686 1226 726 lectionum
1258 686 1506 736 antiqua-

89 757 197 786 rum
219 757 268 785 ea
282 746 416 796 figura
431 743 632 784 scribtum
650 744 770 792 dixit,
807 756 888 794 qua
906 743 1183 789 ‘ludibunda'‚
1217 743 1504 792 &ridibundam

90 807 132 843 et
159 806 170 823 ‘
185 803 445 842 errabunda’
461 801 611 842 dicitur
632 802 780 841 ludens
804 806 844 840 et
865 801 1005 841 ridens
1028 806 1068 841 et
1096 812 1254 840 errans.
1317 801 1381 840 Te
1396 811 1508 840 reu-
1525 806 1547 839 3

89 860 196 900 tius
217 865 356 900 autem
383 859 636 905 Scaurus,
669 858 752 898 diui
770 858 967 898 Hadriani
993 858 1255 908 temporibus
1275 857 1507 907 grammati-

91 929 165 958 cus
183 918 249 957 uel
273 916 571 963 nobilissimus,
602 916 709 956 inter
741 916 820 963 illa,
851 927 956 966 quae
979 916 1038 955 dc
1059 917 1186 955 Caes
1201 914 1290 954 elli
1312 914 1507 954 errori-

90 975 187 1015 bus
210 974 457 1025 conposuit,
487 973 527 1013 in
558 974 638 1013 hoc
661 984 832 1022 quoquc
853 973 984 1013 uerbo
1009 984 1175 1012 errasse
1199 984 1293 1012 eum
1326 971 1506 1015 scribsit.

91 1031 204 1083 quod
220 1031 329 1071 idcm
352 1042 448 1071 csse
469 1030 678 1081 putauerit
695 1031 878 1070 ‘ludens’
899 1035 939 1070 et
961 1030 1238 1077 ‘ludibunda’‚
1272 1028 1448 1069 ‘ridens’
1468 1034 1507 1068 et

91 1088 358 1136 <ridibunda’,
393 1090 572 1127 ‘errans'
607 1094 647 1126 et
670 1088 952 1127 ‘cri-abunda&
1014 1088 1128 1127 Nam
1149 1086 1504 1132 ‘ludibundaz

91 1145 244 1195 inquit,
277 1144 688 1185 et<1·idibunda’
733 1150 772 1184 ct
807 1144 1155 1184 ‘errabunda’
1197 1155 1254 1183 ca
1287 1142 1503 1189 dicitur,

92 1213 227 1253 quae
264 1202 529 1242 ludentem
564 1203 647 1241 uel
686 1201 944 1241 ridentem
977 1203 1063 1241 uel
1101 1205 1369 1240 errantem
1402 1199 1507 1250 agit

90 1264 179 1298 aut
211 1258 435 1299 simulat.

182 1316 268 1356 Sed
303 1327 384 1366 qua
419 1315 579 1355 ratione
612 1316 842 1355 Scaurus
872 1315 1079 1355 adductus
1113 1314 1184 1362 sit,
1225 1320 1270 1354 ut
1294 1315 1547 1358 Caesel-4

88 1372 211 1414 lium
246 1373 285 1412 in
318 1385 368 1414 eo
387 1373 728 1423 reprehenderet,
762 1383 845 1412 non
864 1372 1004 1413 hercle
1026 1371 1353 1422 reperiebamus.
1415 1371 1503 1411 Non

89 1435 155 1470 est
184 1429 521 1477 enim'dubium,
556 1429 653 1480 quin
685 1430 788 1469 haec
820 1440 974 1478 genere
1008 1429 1100 1480 ipso
1144 1429 1357 1468 dumtaxat
1396 1428 1504 1468 idem

89 1486 343 1538 significent,
377 1487 491 1537 quod
529 1498 579 1526 ea
608 1487 919 1533 demonstrant,
957 1498 979 1525 a
1013 1486 1164 1536 quibus
1199 1486 1503 1536 producuntur.

89 1544 195 1594 Quid
216 1549 330 1584 esset
349 1549 485 1584 autem
503 1544 712 1583 ludentem
731 1555 855 1593 agere
880 1545 947 1583 uel
969 1543 1129 1590 imitari,
1163 1554 1246 1583 non
1263 1542 1504 1592 intellegere

88 1600 220 1641 uideri
242 1600 481 1648 maluimus,
514 1612 637 1649 quam
670 1601 908 1640 insimulare
936 1612 1029 1640 eum
1048 1606 1259 1650 tamquam
1280 1599 1416 1649 ipsum
1435 1598 1505 1638 mi-

88 1670 167 1699 nus
204 1657 526 1707 intellegentem.
591 1657 693 1706 Quin
727 1657 857 1705 magis
880 1657 1128 1697 Scaurum
1159 1656 1363 1706 oportuit,
1394 1660 1542 1695 com-5

88 1714 290 1755 mentaria
312 1715 542 1755 Caeselli
566 1714 870 1761 criminantem,
904 1714 984 1754 hoc
1007 1715 1057 1752 ab
1083 1725 1131 1753 eo
1151 1712 1420 1763 praeteritum
1442 1723 1503 1751 re-

89 1771 266 1822 quirere,
302 1772 416 1821 quod
437 1783 520 1812 non
555 1771 724 1815 dixerit,
757 1783 808 1809 an
833 1771 931 1820 quid
949 1777 988 1810 et
1011 1771 1253 1820 quantulum
1276 1769 1462 1809 differret
1480 1780 1504 1807 a

87 1827 316 1869 ludibundo
342 1829 490 1868 ludens
514 1834 554 1868 et
587 1828 823 1867 errabundo
852 1839 996 1867 errans
1018 1834 1256 1876 ceteraque,
1291 1837 1397 1876 quae
1430 1826 1503 1866 ho-

88 1897 177 1926 rum
209 1890 305 1925 sunt
340 1885 499 1934 similia,
532 1897 581 1925 an
606 1898 628 1924 a
662 1884 959 1935 principalibus
985 1883 1125 1924 uerbis
1159 1885 1326 1933 paulum
1347 1881 1503 1932 aliquid

87 1941 303 1990 distarent,
335 1948 376 1981 et
408 1954 530 1992 quam
564 1942 730 1982 omnino
754 1941 836 1980 uim
869 1941 1040 1981 haberet
1076 1940 1278 1991 particula
1308 1941 1410 1979 haec
1433 1951 1502 1978 ex·

7 2004 24 2038 1
87 2004 220 2039 trema
239 1999 445 2040 eiusmodi
467 1999 684 2039 uocabulis
702 1998 854 2037 addita.
916 1999 1006 2038 Hoc
1040 1998 1147 2038 enim
1172 1997 1246 2037 ruit
1267 1996 1405 2047 potius
1438 2007 1500 2035 re·
1519 1999 1541 2034 6

30 2060 33 2062 ’
89 2055 337 2106 quirendum
354 2055 394 2095 in
418 2055 654 2096 istiusmodi
678 2056 834 2104 figurae
855 2059 1045 2103 tractatu,
1079 2053 1200 2095 sicuti
1221 2053 1377 2104 requiri
1394 2053 1501 2093 solet

84 2111 128 2152 in
145 2112 393 2153 ‘uinulento’
413 2118 453 2152 ct
473 2114 710 2152 ‘lutulento’
731 2117 770 2151 et
791 2111 1076 2159 ‘turbulento',
1100 2121 1289 2151 uacuane
1307 2115 1347 2150 et
1364 2109 1498 2150 inanis

86 2168 143 2208 sit
159 2168 290 2210 istaec
307 2169 543 2220 productio,
556 2168 790 2209 cuiusmodi
808 2173 904 2208 sunt
915 2179 1021 2217 quae
1033 2162 1337 2219 (παραγωγὰς
1351 2164 1499 2207 Graeci

89 2224 244 2322 dicunfit,
264 2237 314 2290 an
332 2231 518 2290 erftrema
532 2225 601 2265 illa
620 2224 821 2276 particula
838 2225 987 2264 habeat
1005 2224 1159 2275 aliquid
1177 2235 1277 2264 suae
1301 2221 1499 2274 propriae

89 2291 195 2332 Slgm
228 2287 416 2323 cationis.
