1635 2492
596 37 686 78 XX.
709 46 787 76 v11.
806 47 895 76 vni.
915 47 1015 76 vuu.
1439 35 1522 77 251

43 197 45 201 ,
101 153 174 194 Ho
187 150 364 193 meru's
396 162 554 202 pueros
594 152 841 202 puellasque
879 150 969 190 eius
998 149 1060 190 bis
1086 160 1215 189 senos
1248 149 1347 189 dicit
1377 148 1523 198 fuisse,

101 208 380 261 Euripides
397 207 461 248 bis
485 212 700 259 septenos,
730 207 907 258 Sapph
921 219 943 247 o
964 207 1027 247 bis
1046 217 1252 255 nouenos,
1284 207 1316 246 B
1330 217 1354 245 a
1367 206 1523 257 cchy·

101 265 245 307 lides
270 271 312 306 et
334 265 423 305 Pin
439 266 599 306 darus
621 265 685 305 bis
710 265 865 312 denos,
900 264 1070 315 quidam
1088 264 1154 303 alii
1175 264 1409 314 scriptores
1434 268 1521 303 tres

35 332 46 341 ·’
101 322 234 364 fuisse
251 323 369 364 solos
392 322 599 362 dixerunt.

757 387 862 429 VIII.

100 458 155 495 De
166 458 242 503 his,
265 467 363 505 quae
381 456 523 494 habere
542 454 798 506 συμπτωσίαν
814 457 990 494 uidentur
1012 469 1096 494 cum
1120 458 1210 493 luna
1229 460 1521 493 mansuescente

661 525 704 551 ac
721 520 959 552 senescente.

184 593 464 634 Annianus
493 598 619 644 poeta
645 593 684 633 in
709 595 838 634 fundo
865 606 969 642 suo,
1004 605 1128 644 quem
1163 593 1202 632 in
1225 604 1326 642 agro
1355 592 1518 632 Falisco
1541 598 1559 631 ι

99 651 368 703 possidebat,
415 650 571 701 agitare
618 656 707 690 erat
742 652 891 692 solitus
926 651 1179 691 uindemiam
1221 650 1349 689 hilare
1391 654 1520 699 atque

99 708 343 749 amoeniter.
405 709 475 748 Ad
491 718 565 748 eos
590 708 679 748 dies
699 720 765 748 me
784 714 825 748 et
843 709 1052 759 quosdam
1069 708 1167 747 item
1183 707 1288 747 alios
1308 706 1519 746 familiaris
1537 712 1559 746 2

101 765 283 807 uocauit.
345 765 405 805 Ibi
428 770 516 804 tum
549 765 794 805 cenantibus
824 765 946 806 nobis
973 776 1150 815 magnus
1184 769 1420 804 ostrearum
1446 775 1518 803 nu·
1536 769 1559 805 3

97 834 239 863 merus
261 823 397 863 Roma
424 822 579 862 missus
613 827 691 862 est.
754 824 867 872 Quae
901 834 995 862 curn
1025 820 1245 872 adpositae
1272 820 1449 860 fuissent
1480 825 1521 860 et

98 881 251 920 multae
284 879 472 930 quidem,
515 879 590 919 sed
621 879 816 920 inuberes
850 891 1101 929 macraeque
1127 882 1290 918 essent:
1325 878 1518 925 ‘luna',

96 936 231 988 inquit
254 936 462 977 Annian
479 948 554 983 us,
587 940 722 976 ‘nunc
752 937 949 976 uidelicet
971 936 1167 977 senescit.
1230 935 1289 974 Ea
1311 946 1355 973 rc
1378 940 1520 974 ostrea

99 1005 289 1045 quoque,
324 993 446 1034 sicuti
471 993 676 1043 quaedam
698 994 796 1042 alia,
828 994 964 1033 tenuis
989 999 1226 1042 exuctaque
1251 994 1347 1031 est'.
1412 992 1512 1031 Cum
1529 996 1552 1031 4

99 1062 422 1101 quaereremus,
454 1061 561 1100 quae
583 1050 661 1089 alia
684 1050 780 1091 item
815 1057 1065 1091 senescente
1089 1051 1205 1090 Luna
1227 1049 1510 1099 tabescerent,

97 1111 255 1149 enonne
274 1107 565 1156 Lucilium’‚
593 1107 745 1158 inquit,
779 1112 995 1148 ‘nostrum
1022 1105 1268 1147 meministis
1295 1106 1454 1145 dicere:

155 1175 296 1215 Luna
326 1174 420 1214 alit
454 1180 639 1215 ostrea
677 1182 724 1215 et
756 1175 1234 1268 implet-'echinoffi
1281 1175 1515 1215 muribus

152 1289 216 1328 Et
244 1288 400 1340 pecui
429 1288 588 1328 addit.
943 1233 1107 1272 fluas

96 1355 254 1396 Eadem
277 1361 429 1404 autem,
462 1367 570 1406 quae
590 1361 807 1396 crescente
825 1357 922 1396 luna
943 1357 1136 1406 gliscunt,
1169 1356 1388 1396 deficiente
1413 1367 1511 1397 con·
1528 1362 1550 1396 5

94 1418 160 1453 tra
181 1413 353 1453 defiunt.
382 1414 635 1454 Aelurorum
660 1424 831 1464 quoque
854 1413 963 1454 oculi
981 1414 1034 1452 ad
1062 1413 1233 1453 easdem
1251 1413 1366 1453 uices
1390 1414 1512 1454 lunae
1529 1418 1551 1454 6

96 1475 168 1510 aut
189 1470 416 1520 ampliores
439 1470 543 1510 fiunt
561 1475 631 1510 aut
650 1470 848 1511 minores.
910 1471 954 1510 Id
974 1470 1135 1518 etiam’‚
1166 1470 1321 1520 inquit,
1357 1472 1511 1511 ‘multo
1532 1473 1551 1509 7

96 1526 329 1566 mirandum
349 1532 413 1567 est
430 1526 582 1577 magis,
615 1527 730 1577 quod
755 1528 868 1578 apud
887 1527 1225 1567 Plutarchum
1255 1527 1294 1567 in
1324 1534 1514 1577 quarto

94 1584 143 1623 in
167 1583 453 1625 Hesiodum
485 1584 863 1624 commentario
895 1584 994 1634 legi:
1024 1585 1159 1634 ‘Cepe
1185 1590 1271 1623 tum
1294 1583 1514 1624 reuirescit

95 1645 137 1680 et
153 1640 442 1690 congerminat
468 1641 703 1681 decedente
725 1641 844 1688 luna,
874 1647 1020 1681 contra
1042 1647 1180 1680 autem
1199 1641 1395 1680 inarescit
1414 1641 1513 1681 adu·

95 1698 296 1738 lescente.
328 1699 430 1738 Eam
455 1709 625 1738 causam
650 1709 746 1738 esse
769 1698 911 1738 dicunt
929 1698 1173 1738 sacerdotes
1195 1697 1406 1749 Aegyptii,
1439 1709 1514 1739 cur

94 1753 333 1795 Pelusiotae
352 1766 455 1805 cepe
473 1766 556 1795 non
576 1754 702 1802 edint,
717 1755 812 1805 quia
833 1757 968 1796 solum
987 1757 1147 1795 olerum
1165 1755 1349 1795 omnium
1367 1762 1514 1795 contra

95 1811 220 1851 lunae
237 1816 461 1862 augmenta
482 1817 606 1862 atque
625 1812 775 1852 damna
795 1811 912 1852 uices
938 1811 1151 1852 minuendi
1175 1817 1214 1851 et
1236 1812 1418 1862 augendi
1444 1812 1514 1852 ha-

94 1868 193 1908 beat
209 1868 454 1910 contrarias.

746 1937 869 1977 VIIII.

96 2007 281 2053 Qualibus
299 2008 429 2043 uerbis
455 2006 637 2044 delectari
660 2008 791 2044 solitus
815 2009 863 2044 sit
884 2008 1073 2043 Antonius
1099 2006 1287 2049 Iulianus,
1311 2005 1450 2052 positis
1474 2006 1513 2042 in

151 2064 394 2108 mimiambis,
413 2064 524 2111 [quos
541 2063 606 2101 Cn.
617 2064 771 2109 Matius]
787 2065 938 2112 scripsit
959 2063 1006 2100 de
1026 2064 1241 2099 innocentia
1259 2073 1341 2106 sua,
1361 2073 1446 2098 cum
1462 2061 1513 2098 ita

154 2119 320 2157 dictitat:
346 2131 551 2169 numquam
575 2122 798 2157 uestimenta
821 2133 843 2158 a
865 2122 1006 2168 populo
1030 2121 1150 2168 posci.

181 2197 388 2238 Delectari
408 2199 665 2249 mulcerique
688 2210 810 2239 aures
834 2211 933 2239 suas
959 2199 1123 2238 dicebat
1145 2196 1409 2238 Antonius
1431 2198 1512 2237 Iu·
1528 2202 1550 2238 1

95 2252 267 2295 lianus
294 2254 503 2305 figmentis
527 2257 751 2297 uerborum
777 2256 899 2296 nouis
925 2256 1002 2296 Cn.
1029 2254 1190 2304 Matii‚
1215 2254 1393 2295 hominis
1420 2265 1512 2294 cru-
