1619 2476
105 95 184 136 186
639 95 708 132 Vl.
737 94 862 140 (Vll.)
891 104 952 131 111.

63 216 86 250 2
101 209 218 248 brata
236 213 310 247 est.
342 209 401 246 Ea
418 206 584 258 ciuitas,
611 218 703 245 cum
727 205 858 244 amica
878 210 1003 255 atque
1024 204 1139 245 socia
1163 204 1308 255 populi
1327 205 1503 246 Romani

105 267 232 311 foret,
260 265 387 302 Persa
415 268 575 309 tamen,
607 262 781 312 Philippi
810 262 915 309 filio,
948 261 1224 302 Macedonum
1256 273 1376 312 rege,
1409 273 1501 302 cum

104 332 185 371 quo
208 321 360 359 bellum
390 320 546 369 populo
571 320 758 359 Romano
786 318 878 365 fuit,
913 317 1045 358 amico
1068 329 1146 357 usa
1166 323 1250 365 est,
1279 318 1501 368 conixique

101 382 196 417 sunt
214 376 476 416 Rhodienses
495 376 769 425 legationibus
791 376 965 415 Romam
985 385 1112 424 saepe
1134 374 1272 414 missis
1292 373 1333 413 id
1351 375 1502 415 bellum

64 434 208 474 3intcr
231 444 305 472 cos
339 443 604 482 componere.
669 432 771 479 Sed,
801 431 870 471 ubi
900 432 979 470 ista
1009 430 1241 480 pacificatio
1273 431 1503 481 perpetrari

102 489 306 539 nequiuit,
340 489 468 528 uerba
508 500 532 527 a
574 489 785 538 plerisque
826 487 1135 528 Rhodiensibus
1167 487 1207 526 in
1239 487 1501 528 contionibus

103 558 247 586 eorum
278 546 330 584 ad
353 546 552 595 populum
577 547 682 584 sacta
706 550 821 593 sunt,
853 549 916 592 ut,
949 544 982 584 si
1005 555 1088 594 pax
1110 555 1192 583 non
1225 543 1363 592 fieret,
1394 544 1502 584 Rho-

103 602 269 642 dienscs
312 613 452 651 regem
494 602 696 641 aduersus
742 602 943 651 populum
978 602 1210 640 Romanum
1255 600 1500 639 adiutarent.

45 666 105 700 4.5
121 659 203 698 Sed
230 659 383 697 nullum
405 669 531 708 super
552 669 600 697 ca
620 669 665 696 re
686 658 894 707 publicum
916 658 1128 696 decretum
1149 657 1301 696 factum
1324 661 1400 696 est.
1446 658 1503 696 At

101 715 172 755 ubi
199 716 347 754 Perses
369 714 505 754 uictus
526 719 755 764 captusque
779 719 861 761 est,
890 713 1152 753 Rhodienses
1177 711 1426 763 pertimuere
1448 713 1501 753 ob

103 783 171 820 ea,
205 782 311 821 quae
334 771 600 820 conpluriens
620 771 659 810 in
684 771 870 810 coetibus
892 769 1034 820 populi
1052 774 1144 808 acta
1161 769 1352 819 dictaque
1371 774 1501 817 erant,

103 830 347 878 legatosque
380 828 554 867 Romam
591 827 808 875 miserunt,
843 826 913 876 qui
942 826 1213 865 temeritatem
1241 827 1503 876 quorundam

103 884 363 935 popularium
409 895 580 923 suorum
621 884 946 934 deprecarentur
975 887 1015 921 et
1045 883 1170 921 iidem
1200 882 1502 932 consiliumque

59 951 81 986 6
104 941 312 991 publicum
335 945 628 990 expurgarent.
689 939 831 989 Legati
861 944 1083 990 postquam
1104 940 1277 979 Romam
1296 944 1502 978 uenerunt

104 1003 145 1037 et
177 997 216 1036 in
250 1001 438 1036 senatum
468 996 696 1037 intromissi
722 1001 834 1043 sunt,
884 995 1108 1045 uerbisque
1146 994 1388 1045 suppliciter
1424 1007 1500 1046 pro

104 1064 231 1093 causa
262 1064 337 1092 sua
370 1053 485 1093 sactis
517 1064 539 1092 e
580 1053 723 1101 curi[a]
761 1057 1053 1099 excesserunt,
1090 1051 1322 1091 sententiae
1364 1052 1503 1101 rogari

104 1115 300 1160 coeptae3
334 1121 511 1159 cumque
541 1109 690 1160 partim
719 1114 960 1149 senatorum
992 1109 1043 1148 de
1064 1108 1373 1148 Rhodiensibus
1406 1119 1502 1158 que-

103 1171 292 1206 rerentur
322 1167 512 1216 maleque
546 1167 748 1205 animatos
780 1177 854 1205 eos
885 1165 1014 1204 fuisse
1047 1165 1232 1204 dicerent
1266 1165 1502 1214 bellumque

103 1222 181 1262 illis
201 1222 435 1262 faciendum
460 1228 698 1262 censerent:
731 1228 817 1261 tum
837 1223 892 1261 M.
917 1223 1039 1261 Cato
1076 1221 1238 1271 exurgit
1259 1226 1300 1261 et
1321 1221 1500 1272 optimos

104 1278 417 1329 fidissimosque
441 1279 601 1327 socios,
631 1291 806 1328 quorum
839 1278 987 1327 opibus
1019 1277 1259 1327 diripiendis
1283 1277 1502 1327 possiden-

104 1335 253 1384 disque
291 1347 374 1375 non
405 1336 526 1384 pauci
564 1347 615 1374 ex
657 1335 928 1374 summatibus
955 1334 1054 1373 uiris
1089 1333 1232 1372 intenti
1267 1332 1501 1383 infensique

104 1396 240 1438 erant,
275 1391 494 1430 defensum
526 1396 904 1439 consor-natumque
934 1389 1070 1439 pergit
1105 1389 1421 1438 orationemque
1445 1390 1502 1429 in·

105 1449 254 1487 clutam
278 1447 393 1494 dicit,
427 1458 532 1496 quae
565 1452 605 1486 ct
635 1458 826 1487 seorsum
854 1449 982 1485 fertur
1013 1446 1295 1496 inscriptaque
1316 1451 1380 1486 est
1409 1457 1499 1496 pro

102 1503 499 1544 Rhodiensibus
543 1509 584 1542 et
618 1503 665 1542 in
701 1503 916 1552 quintae
959 1502 1191 1552 originis
1229 1502 1364 1542 libro
1405 1502 1502 1542 scri-

102 1566 173 1610 pta
196 1565 272 1599 est.

63 1621 87 1656 8
186 1616 299 1655 Tiro
324 1622 460 1655 autem
477 1616 702 1663 Tullius,
722 1617 774 1655 M.
795 1615 1062 1655 Ciceronis
1083 1615 1273 1663 libertus,
1293 1626 1395 1655 sane
1417 1615 1502 1665 qui-

104 1673 199 1711 dem
220 1672 294 1712 fuit
310 1672 474 1722 ingenio
492 1673 616 1712 homo
640 1673 817 1722 eleganti
836 1677 876 1711 et
890 1671 1198 1721 hautquaquam
1216 1683 1354 1711 rerum
1370 1671 1502 1711 litera-

103 1741 278 1779 rumque
300 1735 485 1768 ueterum
514 1729 730 1781 indoctus,
760 1740 895 1778 eoque
924 1729 974 1766 ab
1001 1728 1166 1767 ineunte
1197 1732 1330 1767 aetate
1359 1728 1502 1766 libera-

104 1785 195 1824 liter
223 1785 409 1825 instituto
439 1785 780 1825 adminiculatore
805 1791 844 1824 et
867 1784 984 1834 quasi
1015 1784 1255 1823 administro
1282 1783 1323 1822 in
1353 1784 1500 1836 studiis

64 1846 86 1881 9
104 1841 313 1881 literarum
343 1841 523 1881 Cicero
551 1854 654 1881 usus
679 1848 754 1881 est.
817 1841 899 1881 Sed
928 1843 1117 1890 profecto
1145 1842 1238 1890 plus
1270 1851 1398 1880 ausus
1424 1846 1499 1887 est,

49 1904 93 1937 10
105 1909 227 1947 quam
254 1903 299 1937 ut
319 1897 486 1937 tolerari
515 1898 763 1948 ignoscique
792 1897 939 1948 possit.
1000 1898 1186 1946 Namque
1217 1896 1501 1946 epistulam

105 1954 354 2004 conscripsit
395 1954 454 1992 ad
488 1955 532 2003 Q.
569 1955 772 2002 Axium,
806 1953 1041 1992 familiarem
1067 1952 1230 2003 patroni
1257 1952 1339 2000 sui,
1375 1953 1501 1993 confi-

106 2010 253 2049 denter
287 2010 406 2050 nimis
441 2016 481 2050 et
510 2011 659 2058 calide,
695 2011 735 2050 in
769 2022 850 2060 qua
878 2009 1041 2049 sibimet
1069 2009 1185 2049 uisus
1215 2014 1279 2048 est
1309 2008 1500 2048 oratio-

104 2077 214 2105 nem
237 2066 356 2106 istam
395 2079 487 2116 pro
526 2067 912 2106 Rhodiensibus
958 2065 1042 2104 aeri
1082 2066 1305 2115 subtilique
1348 2064 1498 2105 iudicio

49 2125 88 2157 11
101 2123 411 2170 pei-censuisse.
472 2125 534 2162 Ex
564 2134 614 2162 ea
649 2123 825 2172 epistula
848 2122 1018 2161 lubitum
1059 2123 1165 2162 sorte
1192 2121 1313 2161 nobis
1347 2126 1412 2161 est
1439 2132 1501 2159 re-

103 2178 404 2225 prehensiones
438 2179 526 2219 eius
569 2180 770 2228 quasdam
806 2178 1024 2227 attingere,
1060 2178 1216 2219 maiore
1247 2177 1405 2218 scilicet
1431 2187 1484 2216 ue

104 2233 170 2272 nia
206 2236 499 2283 reprehensuri
540 2235 794 2283 Tironem,
834 2246 926 2274 cum
960 2234 1027 2274 ille
1065 2233 1381 2285 reprehenderit
1411 2234 1499 2273 Ca-

103 2296 283 2329 tonem.
