1619 2476
164 76 247 118 204
657 79 726 116 VI.
745 79 869 126 (VII.)
886 89 955 116 xv.
972 86 1059 116 xv1.

165 190 349 240 scripsit,
373 188 498 238 idque
514 191 722 229 Brutum
750 188 915 228 solitum
938 188 1097 237 dicere,
1124 193 1166 228 et
1183 187 1278 228 furti
1295 188 1561 237 dampnatum

166 258 280 292 esse,
316 245 384 295 qui
406 245 632 284 iumentum
655 245 851 285 aliorsum
873 246 1068 294 duxerat,
1103 256 1226 295 quam
1248 255 1330 294 quo
1361 244 1561 283 utendum

166 307 395 351 acceperat,
413 301 509 341 item
528 302 597 351 qui
617 301 780 351 longius
800 302 1068 351 produxerat,
1089 313 1211 351 quam
1226 301 1266 340 in
1285 311 1408 350 quem
1424 301 1562 340 locum

126 369 147 402 2
165 358 352 408 petierat.
414 359 556 407 Itaque
578 359 622 407 Q.
651 358 905 398 Scaeuola
934 357 975 397 in
996 358 1214 405 librorum,
1248 367 1355 406 quos
1377 356 1436 395 de
1455 356 1562 395 iure

166 414 307 454 ciuili
329 414 584 463 composuit,
611 415 717 453 XVI.
736 415 865 453 uerba
879 415 982 453 haec
999 414 1159 465 posuit:
1187 414 1216 463 Q
1231 413 1330 453 uod
1353 412 1432 452 cui
1455 423 1562 452 ser-

164 472 381 510 uandum
409 471 575 509 datum
597 476 693 518 est,
723 470 764 509 si
785 470 976 510 idusus
1007 475 1102 518 est,
1135 469 1241 511 siue
1270 469 1402 519 quod
1426 474 1563 508 uten-

166 528 277 566 dum
295 526 524 576 accepit,
549 528 608 565 ad
631 526 778 566 aliam
801 539 900 566 rem
919 532 1074 576 atque
1094 525 1298 576 accepit
1315 536 1442 565 usus
1467 529 1562 572 est,

166 583 288 622 furti
321 595 375 623 se
412 582 676 632 obligauit.

815 685 920 726 XVI.

165 776 287 819 Locus
320 777 531 823 exscriptus
563 788 609 812 ex
641 782 768 814 satura
797 778 847 813 M.
870 778 1076 821 Varronis,
1115 786 1209 823 quae
1235 771 1324 827 περὶ
1345 767 1591 825 ἐδεσμάτων-

223 832 404 879 inscripta
436 837 513 877 est,
555 833 601 869 de
640 835 854 881 peregrinis
885 834 1052 870 ciborum
1078 833 1303 881 generibus3
1343 837 1377 868 et
1403 835 1564 881 appositi

225 899 359 925 uersus
390 888 582 935 Euripidi,
624 891 757 938 quibus
793 891 1038 927 delicatorum
1078 890 1273 926 hominum
1313 890 1565 926 luxuriantem

224 946 347 992 gulam
374 946 592 983 consutauit.

133 1052 151 1086 1
252 1046 305 1084 Μ.
343 1047 504 1085 Varro
541 1046 580 1085 in
623 1051 821 1095 satura,
861 1057 984 1096 quam
1025 1043 1148 1099 περὶ
1171 1040 1482 1097 ἐδεσμάτων
1508 1045 1566 1085 in-

170 1101 355 1151 scripsit,
381 1102 517 1151 lepide
542 1103 766 1143 admodum
796 1108 836 1142 et
864 1103 966 1142 scite
994 1102 1112 1142 factis
1143 1101 1337 1142 uersibus
1372 1113 1566 1142 cenarum

127 1164 148 1198 2
171 1157 394 1205 (ciborum)
414 1159 643 1207 exquisitas
670 1159 838 1199 delicias
860 1157 1186 1209 comprehendit.
1245 1159 1347 1198 Nam
1366 1159 1566 1209 pleraque

169 1214 210 1252 id
231 1225 384 1263 genus,
418 1226 524 1264 quae
546 1217 733 1256 elluones
754 1216 820 1255 isti
841 1221 950 1255 terra
967 1220 1007 1255 et
1023 1215 1123 1254 mari
1140 1214 1407 1265 conquirunt,
1440 1225 1567 1265 expo-

171 1270 251 1309 suit
271 1270 520 1320 inclusitque
541 1271 581 1311 in
604 1284 800 1312 numeros
818 1271 1021 1312 senarios.

133 1355 156 1391 3
255 1347 306 1385 Et
320 1346 436 1397 ipsos
460 1347 625 1397 quidem
646 1359 808 1395 uersus,
832 1347 896 1386 cui
913 1346 1041 1386 otium
1059 1346 1146 1395 erit,
1163 1346 1203 1386 in
1224 1346 1341 1395 libro,
1365 1358 1446 1396 quo
1469 1346 1566 1396 dixi,

132 1411 155 1446 4
170 1402 334 1452 positos
350 1404 482 1452 legat3
501 1415 653 1453 genera
676 1408 812 1442 autem
832 1402 1084 1452 nominaque
1106 1402 1286 1442 edulium
1306 1407 1346 1443 et
1363 1402 1569 1443 domicilia
1591 1417 1596 1421 ⁴

173 1458 357 1498 ciborum
376 1460 564 1499 omnibus
588 1459 676 1499 aliis
708 1459 980 1509 praestantia,
1017 1470 1123 1509 quae
1138 1460 1346 1510 profunda
1363 1459 1568 1509 ingluuies

171 1514 411 1564 uestigauit,
437 1528 542 1565 quae
559 1518 720 1555 Varro
747 1517 1007 1566 obprobrans
1025 1521 1224 1555 executus
1243 1521 1326 1564 est,
1347 1516 1450 1555 haec
1473 1520 1570 1556 sunt

134 1580 155 1614 5
172 1572 320 1619 ferme,
355 1577 552 1621 quantum
574 1572 694 1612 nobis
717 1573 940 1612 memoriae
962 1577 1043 1611 est:
1077 1584 1210 1622 pauus
1233 1583 1256 1611 e
1272 1572 1418 1620 Samo,
1441 1572 1568 1622 Phry-

172 1627 238 1678 gia
255 1632 468 1678 attagena,
499 1641 623 1678 grues
642 1629 832 1677 Melicae,
866 1629 1023 1668 haedus
1051 1640 1102 1667 ex
1122 1628 1361 1676 Ambracia,
1394 1627 1568 1679 pelamis

175 1684 469 1733 Chalcedonia,
509 1696 704 1725 muraena
734 1685 940 1733 Tartesia,
982 1685 1098 1724 aselli
1127 1683 1392 1732 Pessinuntii,
1430 1689 1570 1725 ostrea

172 1740 354 1788 Tarenti,
385 1743 659 1791 pectunculus
693 1746 725 1789 [.
747 1772 755 1781 .
774 1746 833 1790 .],
857 1743 1004 1791 helops
1032 1740 1240 1788 Rhodius,
1278 1740 1385 1780 scari
1411 1740 1568 1789 Cilices,

172 1808 302 1836 nuces
325 1797 518 1845 Thasiae,
541 1800 676 1847 palma
698 1798 928 1848 Aegyptia,
951 1798 1068 1847 glans
1087 1796 1290 1836 Hiberica.

138 1883 159 1918 6
259 1876 374 1914 Hanc
397 1880 532 1914 autem
561 1876 819 1925 peragrantis
836 1877 956 1925 gulae
982 1879 1022 1913 et
1042 1875 1081 1913 in
1105 1886 1231 1914 sucos
1250 1874 1495 1924 inquirentis
1512 1874 1569 1913 in-

177 1930 376 1970 dustriam
401 1936 525 1981 atque
549 1933 624 1971 has
648 1932 1005 1981 undiqueuorsmn
1030 1930 1245 1980 indagines
1271 1930 1568 1981 cuppediarum
1598 1950 1601 1986 j

175 1986 330 2026 maiore
349 1988 625 2029 detestatione
643 1989 788 2038 dignas
811 1987 1092 2034 censebimus,
1120 1987 1155 2026 si
1169 1998 1318 2027 uersus
1335 1986 1571 2037 Euripidi
1586 1995 1601 2030 521

176 2044 466 2092 recordemur,
525 2045 674 2094 quibus
723 2044 967 2094 saepissime
1017 2043 1339 2093 Chrysippus
1385 2043 1569 2094 philoso-
1596 2038 1601 2081 ἶ

177 2099 282 2148 phus
301 2103 472 2148 [usust],
507 2106 713 2151 tamquam
728 2100 878 2140 edendi
892 2098 1138 2139 irritationes
1163 2099 1364 2149 quasdam
1381 2103 1569 2150 repertas

178 2166 290 2202 esse,
314 2167 396 2195 non
411 2167 486 2204 per
508 2169 629 2196 usum
647 2157 755 2196 uitae
772 2156 1075 2203 necessarium,
1099 2156 1175 2195 sed
1194 2167 1269 2205 per
1288 2157 1431 2196 luxum
1447 2153 1569 2195 animi

177 2215 319 2272 parata
347 2217 471 2260 atque
502 2213 633 2252 facilia
658 2212 899 2253 fastidientis
932 2223 1006 2262 per
1034 2212 1253 2262 inprobam
1282 2211 1481 2252 satietatis
1514 2212 1569 2249 la·
1597 2214 1603 2220 “

176 2277 358 2306 sennam.
1591 2266 1596 2278 ²

1597 2362 1599 2387 l

1596 2390 1600 2414 l

1575 2416 1600 2476 l
