1603 2508
635 51 682 89 Π.
700 61 823 91 xxm.
1385 48 1442 90 99

15 146 493 218 ’15Παιδισκάριον
522 160 947 217 θεραπευτικὸν
981 160 1155 205 δὲκαὶ
1186 160 1361 216 λόγου

78 225 317 261 ΤΛΧΙΟΝ
358 225 1412 261 ΑΠΑΓΕΟΘῼΔΕΊἼΟΑΡΑΝΠΙΟΑΓΑΓΟᾹ

19 325 286 368 Caecilius
306 325 541 366 autemsic:
1454 336 1501 370 10

77 449 86 458 .
118 449 127 458 .
160 448 169 458 .
200 419 246 458 Is
279 415 476 457 demum
509 416 663 456 miser
694 422 793 466 est,
842 418 924 469 qui
963 418 1260 459 aerumnam
1303 417 1440 459 suam

847 476 1027 526 nequst

74 528 380 574 'Occultare.
441 530 595 571 Ferre
627 530 700 571 ita
728 543 801 571 me
833 545 964 573 uxor
989 533 1067 582 [e't]
1093 536 1253 573 forma
1290 539 1338 572 et
1371 534 1442 572 sa-

849 588 945 630 ctis
984 591 1127 638 facit,

74 671 131 676 ——
162 645 213 687 Si
247 652 447 687 taceam
483 650 651 686 tamen
686 645 935 688 indicium
968 648 1057 696 [fit]
1089 671 1146 675 —
1177 646 1308 700 quae'
1342 647 1442 687 nisi

849 706 1017 745 dotem
1050 704 1215 745 amnia

76 760 211 812 Quae
257 760 398 801 nolis
431 759 600 800 habet.
660 762 751 811 Qui
787 762 979 814 sapiet,
1031 762 1089 802 de
1137 774 1211 801 me
1250 760 1440 810 discet,

846 819 929 870 qui
964 819 1113 870 quasi

38 885 59 919 5
190 877 265 916 Ad
295 873 473 916 hastis
507 882 693 926 captus
726 875 891 916 libere

193 932 380 974 Seruio
414 934 563 973 salua
594 932 722 973 urbe
755 939 911 984 atque
944 945 1076 974 arce.

0 995 2 1043 ᾖ
77 989 214 1041 Quae
252 990 374 1029 mihi
414 990 669 1040 quicquid
706 990 881 1041 placet
925 1003 982 1032 eo
1025 996 1049 1038 †
1087 990 1302 1040 priuatu
1341 989 1442 1029 uim

0 1057 1 1071 ¹
849 1060 923 1088 me
957 1053 1238 1089 seruatum.

77 1107 195 1145 Dum
227 1103 340 1144 eius
373 1110 589 1144 mortem
621 1105 787 1154 inhio,
822 1105 1026 1155 egomet
1055 1104 1176 1145 uiuo
1207 1103 1344 1144 inter
1370 1103 1441 1143 ui-

844 1174 939 1203 uos
970 1160 1214 1202 mertuus

76 1216 158 1260 'Ea
188 1230 261 1260 me
306 1219 433 1258 clam
477 1229 530 1258 se
566 1218 680 1259 cum
721 1231 827 1260 mea
865 1219 1057 1259 ancilla
1106 1217 1176 1258 ait
1223 1229 1442 1259 consue-

46 1322 50 1323 7
849 1283 970 1325 tum,
1004 1277 1053 1316 id
1086 1288 1157 1316 me
1189 1275 1376 1326 arguit,

20 1329 165 1377 lo'Ita
196 1333 477 1384 plorando,
525 1333 749 1382 orando,
797 1333 1044 1374 instando
1076 1339 1232 1384 atque
1273 1331 1444 1372 &biur-

846 1392 1014 1442 gando
1049 1403 1122 1431 me
1155 1389 1370 1442 cptudit

193 1449 313 1488 Eam
356 1445 429 1489 uti
471 1448 900 1497 uen[un]darem;
954 1460 1089 1488 nunc
1122 1447 1279 1487 credo
1307 1445 1446 1486 inter

850 1518 969 1546 suas

191 1561 450 1614 Aequalis
483 1568 533 1603 et
563 1562 821 1613 cognatas
855 1562 1145 1603 sermonem
1178 1561 1328 1602 serit:

195 1617 340 1670 ‘Quis
371 1619 669 1660 uestrarum
703 1620 800 1659 suit
831 1617 1036 1669 integra
1068 1618 1304 1659 aetatula

196 1678 336 1728 Quae
367 1675 463 1718 h6c
494 1677 626 1717 idem
660 1681 790 1726 [tum]
825 1675 848 1716 a
878 1677 992 1717 uiro
1025 1672 1320 1725 impetrarit
1353 1685 1445 1714 suo

23 1733 232 1786 159u6d
264 1745 360 1784 ego
401 1746 528 1775 anus
570 1735 719 1774 modo
760 1732 934 1782 effeci,
985 1733 1156 1783 pelice
1195 1731 1248 1772 ut
1284 1742 1446 1771 meum

54 1798 57 1799 ⁷
844 1790 1108 1842 priuare'm
1141 1789 1331 1829 uirum?

31 1853 34 1855 ’
82 1848 223 1890 Haec
255 1854 405 1889 erunt
429 1848 583 1889 hodie
617 1848 868 1889 concilia:
906 1845 1059 1887 miser
1084 1844 1320 1887 sermcne
1353 1842 1447 1884 dif-

846 1906 1004 1945 seror.

110 1998 283 2038 Praeter
314 2002 579 2038 uenustatem
613 2002 752 2036 autem
783 2008 922 2037 rerum
955 2001 1080 2046 atque
1121 1994 1372 2041 uerborum,
1404 1992 1445 2032 in
1462 2000 1505 2034 11

29 2054 196 2095 duobus
213 2054 328 2095 libris
343 2065 613 2106 nequaquam
633 2065 798 2104 parem,
829 2053 870 2093 in
896 2055 978 2093 hoc
1005 2050 1200 2102 equidem
1227 2051 1346 2099 soleo
1365 2049 1448 2088 ani-

27 2122 141 2152 mum
156 2112 393 2160 attendere,
433 2112 549 2162 quod
568 2122 676 2162 quae
704 2111 986 2151 Menander
1010 2109 1227 2158 praeclare
1256 2112 1295 2147 et
1320 2117 1450 2157 appo-

29 2167 108 2209 site
124 2175 165 2210 et
180 2171 316 2210 facete
341 2167 527 2220 scripsit,
555 2180 605 2208 ea
627 2167 909 2215 Caecilius,
934 2177 987 2205 ne
1015 2177 1098 2216 qua
1113 2163 1248 2215 potuit
1266 2164 1447 2214 quidem,

31 2231 206 2267 conatus
223 2231 288 2267 est
313 2237 530 2275 enarrare,
554 2226 630 2266 sed
649 2225 769 2274 quasi
786 2224 952 2264 minime
970 2222 1191 2273 probanda
1207 2220 1447 2272 praetcrmi-
1462 2226 1507 2261 12

26 2280 86 2345 ¹sit
102 2287 144 2322 et
162 2283 241 2323 alia
256 2283 401 2324 nescio
421 2294 529 2334 quae
559 2282 723 2322 mimica
746 2279 969 2322 inculcauit
987 2286 1025 2320 et
1052 2279 1153 2319 illud
1163 2280 1219 2377 7Μηε
1230 2290 1252 2318 e
1265 2290 1290 2317 n
1301 2289 1358 2316 an
1370 2277 1395 2315 d
1407 2276 1447 2315 ri
