1619 2476
574 436 632 495 Α.
715 433 1125 497 GELLI!

186 566 478 644 Noc'flvM
529 569 1174 756 Awlffilgvlffvsnfflffl
1230 568 1504 654 QVINTVS

835 950 864 988 1.

147 1029 256 1074 Quod
289 1031 325 1065 in
352 1030 475 1074 Quinti
503 1029 646 1067 Claudii
678 1033 874 1067 annalibus
901 1031 1079 1078 scripturn
1101 1035 1177 1075 est,
1208 1031 1350 1078 lignum
1382 1033 1545 1070 alumine

642 1090 794 1124 oblitum
818 1099 891 1123 non
911 1087 1058 1123 ardere.

107 1180 126 1212 1
225 1147 549 1212 Declamauerat
564 1175 637 1212 An
649 1179 698 1213 to
711 1174 824 1213 nius
842 1173 1073 1212 Iulianus
1096 1173 1238 1212 rhetor
1252 1178 1544 1223 praeterquam

149 1238 314 1276 semper
345 1228 467 1276 alias,
499 1234 584 1268 tum
617 1241 718 1269 uero
751 1230 918 1269 nimium
949 1234 1146 1279 quantum
1178 1229 1474 1268 delectabiliter
1505 1234 1546 1269 et

146 1283 328 1322 feliciter.
392 1284 497 1323 Sunt
513 1285 619 1324 enim
644 1287 771 1325 ferme
800 1285 1075 1325 scholasticae
1091 1285 1195 1324 istae
1218 1285 1542 1324 declamationes

147 1338 331 1378 eiusdem
353 1340 529 1379 hominis
548 1341 818 1389 eiusdemque
837 1340 1065 1386 facundiae,
1097 1351 1180 1378 non
1199 1339 1385 1379 eiusdem
1406 1345 1543 1380 tamen

106 1405 128 1439 2
147 1393 296 1434 cotidie
329 1395 541 1435 felicitatis.
602 1398 712 1446 Ergo
738 1396 955 1435 familiares
981 1395 1070 1435 eius
1102 1395 1338 1435 circumfusi
1360 1397 1544 1447 undique

147 1462 240 1489 eum
262 1452 624 1500 prosequebamur
641 1453 830 1499 domum,
865 1463 956 1491 cum
986 1451 1082 1490 inde
1107 1452 1334 1492 subeuntes
1358 1458 1541 1492 montem

147 1505 326 1556 Cispium
338 1507 616 1557 conspicimus
634 1508 809 1548 insulam
821 1509 1027 1558 quandam
1045 1513 1289 1558 occupatam
1305 1508 1387 1558 igni
1406 1509 1543 1548 multis

145 1561 371 1612 arduisque
391 1564 583 1603 tabulatis
619 1565 769 1603 editam
790 1569 830 1603 et
846 1563 1083 1614 propinqua
1102 1564 1181 1603 iam
1204 1564 1341 1604 omnia
1364 1565 1541 1614 flagrare

108 1623 266 1663 3uasto
301 1619 507 1659 incendio.
569 1621 671 1660 Tum
697 1621 900 1670 quispiam
930 1620 985 1659 ibi
1016 1631 1067 1659 ex
1089 1619 1306 1660 comitibus
1330 1620 1540 1659 Iuliani:

146 1674 346 1723 ‘magni',
404 1675 553 1725 inquit,
608 1677 781 1716 ereditus
823 1677 1077 1716 urbanorum
1126 1676 1411 1725 praediorum,
1465 1676 1541 1716 sed

144 1729 329 1779 pericula
353 1736 449 1770 sunt
470 1733 594 1782 longe
618 1732 805 1772 maxima.
867 1732 909 1772 Si
928 1732 1025 1782 quid
1041 1736 1179 1771 autem
1198 1736 1346 1782 posset
1370 1731 1540 1771 remedii

145 1787 254 1833 fore,
286 1792 331 1826 ut
366 1798 418 1826 ne
446 1793 527 1827 tarn
558 1789 732 1828 adsidue
762 1789 910 1828 domus
944 1790 1100 1828 Romae
1134 1788 1347 1835 arderent,
1384 1798 1538 1827 uenum

106 1842 282 1887 4hercle
311 1843 521 1883 dedissem
552 1856 620 1884 res
648 1844 824 1884 rusticas
857 1850 897 1884 et
919 1844 1084 1884 urbicas
1115 1842 1339 1883 emissem’.
1398 1845 1540 1894 Atque

143 1897 197 1935 illi
233 1899 461 1939 Iulianus
502 1901 630 1948 laeta,
661 1906 706 1940 ut
739 1912 831 1940 mos
869 1901 957 1940 eius
995 1899 1087 1947 fuit,
1137 1899 1243 1938 inter
1275 1899 1539 1940 fabuiandum

143 1960 381 1994 uenustate:
431 1955 489 1995 ‘si
520 1958 789 2003 annalem⁵‚
837 1956 987 2006 inquit,
1029 1954 1539 1996 ‘undeuicensimum

146 2010 189 2058 Q.
237 2011 354 2050 Clau
370 2010 417 2049 di
462 2011 660 2061 legisses,
714 2013 871 2061 optumi
918 2017 959 2051 et
1003 2010 1270 2051 sincerissimi
1309 2012 1539 2062 scriptoris,

145 2066 359 2106 docuisset
375 2073 416 2105 te
435 2069 623 2117 profecto
640 2069 890 2116 Archelaus,
924 2066 1033 2117 regis
1050 2066 1272 2106 Mithridati
1287 2070 1539 2117 praefectus,

146 2132 226 2168 qua
255 2123 430 2161 medella
453 2135 617 2173 quaque
648 2124 833 2163 sollertia
852 2124 988 2173 ignem
1013 2123 1281 2171 defenderes,
1314 2129 1360 2163 ut
1383 2135 1436 2163 ne
1457 2124 1540 2163 ulla

142 2181 212 2214 tua
257 2178 487 2218 aedificatio
522 2191 544 2217 e
576 2179 686 2228 ligno
727 2185 918 2229 correpta
954 2183 1077 2228 atque
1116 2178 1323 2220 insinuata
1362 2179 1540 2219 flammis
1594 2211 1600 2216 .

143 2231 308 2271 arderet
320 2236 348 2272 ⁹.
