1587 2476
66 95 115 128 VI

65 189 234 236 ipsorum
264 194 297 226 et
327 190 484 226 aliorum
511 188 704 226 hominum
735 189 928 226 doct-orum
952 188 1232 227 emendationes
1262 189 1392 228 sedem
1419 202 1499 227 mu-

65 250 144 283 tare
185 247 292 283 iussi.
368 246 409 281 In
447 257 518 293 qua
562 246 730 282 lectionis
771 248 951 282 uarietate
993 247 1252 283 enumeranda
1295 247 1497 284 omittenda

67 304 197 339 censui
214 314 337 339 rerum
359 302 732 350 orthographicarum
757 307 792 338 et
807 303 1010 339 formarum
1030 303 1240 350 uolgarium
1262 303 1497 341 discrimina.

67 359 171 403 Quae
194 361 284 397 eitra
306 361 484 396 librorum
511 359 624 395 fidem
646 360 708 395 uel
736 370 783 395 ex
811 360 968 395 aliorum
990 359 1051 395 uel
1078 370 1125 395 ex
1156 360 1250 396 meis
1275 360 1499 397 coniecturis

64 416 278 461 immutaui,
310 427 354 452 ea
385 417 433 452 ibi
465 415 733 452 asteriscis
766 416 935 463 signaui,
968 416 1100 463 quibus
1139 417 1263 464 ipsum
1298 417 1500 453 uerborum

64 472 236 508 ordinem
265 472 441 509 dirimere
463 473 586 517 nolui,
619 473 841 519 aliquotiens
870 476 1010 508 tantum
1039 473 1119 509 siue
1147 473 1376 510 crucibus
1404 473 1497 517 istis,

64 540 160 575 quae
189 529 440 576 explicatione
464 528 567 565 haud
597 533 730 576 egent,
763 530 998 573 intercisum,
1031 530 1112 565 siue
1143 530 1282 566 uncis
1315 533 1389 566 tum
1419 541 1500 565 ro-

62 585 252 630 tundis,
280 590 357 622 tum
374 585 643 632 quadratis;
669 585 727 621 his
744 586 886 622 scilicet
901 587 950 622 ita
965 597 1056 622 usus
1076 597 1178 630 sum,
1199 590 1235 622 ut
1253 585 1360 623 Ott'o
1384 585 1500 622 Iahn

62 642 101 677 in
130 642 318 679 quenalis
350 643 504 678 scholiis
534 641 804 678 recensendis:
843 653 937 689 quae
967 639 1009 690 [J
1049 643 1195 679 inclusa
1232 647 1317 679 sunt
1345 654 1420 678 non
1449 643 1500 678 le-

62 704 199 746 guntur
220 700 258 734 in
279 699 497 743 codicibus,
523 710 617 745 quae
641 700 680 744 ()
700 699 929 736 circumdata
946 702 1031 735 sunt
1047 700 1084 735 in
1101 698 1295 735 codicibus
1312 700 1497 747 leguntur,

63 755 133 791 sed
167 755 329 792 delenda
360 755 546 792 uidentur.

176 813 357 849 Eiusdem
383 814 453 848 ulri
478 813 708 860 integerrimi
733 817 767 848 et
791 812 1063 849 accuratissimi
1084 813 1288 857 rationem,
1315 813 1353 848 in
1375 812 1497 859 praef.

62 868 112 905 ad
141 869 291 905 Florum
321 880 359 916 p.
388 869 492 904 XXX
522 870 727 905 luculenter
756 870 987 916 expositam,
1029 869 1066 904 in
1096 880 1135 904 re
1167 870 1277 905 etiam
1306 869 1494 916 grauiore,

62 925 204 961 ortho
219 937 243 972 g
256 921 390 972 raphi
403 936 468 961 arn
487 925 591 969 dice,
613 925 840 962 seruandam
858 925 969 962 duxi:
988 926 1085 961 iusta
1101 926 1200 961 enim
1216 925 1307 961 mihi
1323 925 1494 970 uidetur3

59 982 400 1029 paragraphos
432 992 521 1018 uero
553 983 844 1027 Lionianas,
876 982 1047 1029 quamuis
1079 993 1194 1029 saepe
1226 982 1315 1018 satis
1336 983 1493 1018 moleste

63 1037 288 1085 dispositas,
320 1039 492 1083 seruaui,
525 1049 571 1074 ne
594 1040 849 1075 molestiorem
875 1049 1114 1074 numerorum
1139 1039 1178 1074 in
1206 1038 1388 1085 scriptore
1416 1039 1494 1074 lau-

62 1094 188 1130 dando
214 1094 470 1130 diuersitatem
493 1096 708 1131 excitarem.
747 1096 826 1140 Quo
850 1095 1001 1141 quidem
1023 1094 1146 1131 studio
1166 1094 1270 1132 haud
1293 1094 1493 1142 impeditus

62 1162 164 1195 sum,
206 1152 404 1198 quominus
436 1162 483 1186 ex
517 1153 696 1188 librorum
726 1152 949 1198 optimorum
980 1162 1169 1188 consensu
1205 1151 1323 1188 libri
1362 1151 1496 1188 sexti

61 1211 97 1242 et
124 1208 323 1254 septimi
355 1207 525 1244 ordinem
554 1213 818 1255 permutarem.

173 1265 390 1300 Alterum
415 1266 635 1300 uolumen
662 1269 809 1311 praeter
830 1264 944 1300 libros
968 1263 1143 1300 undecim
1159 1264 1390 1310 posteriores
1407 1274 1496 1299 con-

61 1320 189 1357 tinebit
206 1320 353 1358 indices
371 1321 656 1368 copiosissimos
669 1349 677 1365 ,
704 1326 739 1356 ct
762 1324 953 1356 auctorum
978 1319 1142 1356 indicem
1157 1330 1179 1355 a
1194 1330 1254 1355 me
1271 1321 1494 1364 confectum,

60 1383 96 1414 et
125 1378 287 1414 indicem
320 1388 464 1421 rerum,
498 1378 603 1413 cuius
634 1376 852 1413 elaborandi
875 1386 1002 1412 curam
1027 1375 1260 1412 adulescenti
1291 1377 1431 1412 sollerti
1458 1379 1495 1412 et

61 1439 235 1479 strenuo,
276 1433 530 1470 Theodoro
561 1434 734 1481 Vogel,
763 1433 961 1477 Plauensi‚
992 1432 1090 1468 stud.
1113 1432 1218 1480 phil.‚
1252 1432 1493 1469 demandaui.

173 1491 277 1527 Haec
306 1490 501 1526 hactenus.
545 1490 593 1526 At
615 1491 819 1537 epistulae,
847 1490 951 1525 cuius
973 1489 1074 1525 initio
1095 1489 1222 1533 uobis,
1255 1490 1350 1525 uiri
1381 1489 1492 1526 illu-

61 1547 324 1591 strissimi,
373 1547 517 1583 debitas
550 1551 674 1593 grates
705 1547 785 1594 egi,
827 1545 940 1581 finem
969 1545 1162 1593 imponere
1202 1555 1348 1592 nequeo
1363 1573 1372 1589 ‚
1418 1545 1491 1581 nisi

56 1603 164 1650 prius
203 1604 351 1650 pietatis
383 1603 506 1639 officio
540 1607 692 1639 eatenus
730 1602 968 1646 satisfecero,
1009 1606 1066 1646 ut,
1105 1601 1175 1638 has
1208 1601 1416 1637 studiorum
1453 1602 1491 1638 in

59 1659 176 1696 Gellio
225 1661 433 1706 positorum
477 1660 659 1706 primitias
700 1661 736 1695 in
777 1660 898 1695 lucem
944 1658 1117 1702 daturus,
1163 1662 1269 1704 grata
1310 1659 1494 1694 memoria

0 1749 2 1761 ἲ
55 1726 268 1762 prosequar
319 1721 499 1763 patrem
549 1717 791 1762 optimum,
839 1716 900 1762 qui
937 1706 1063 1750 ‘nobis
1106 1713 1202 1750 haee
1246 1715 1321 1750 otia
1362 1712 1490 1758 fecit’,

5 1776 35 1805 L,-
55 1772 281 1807 Ioannem
319 1771 592 1808 Schulzium
636 1777 670 1807 et
705 1772 1004 1808 Friderieum
1040 1769 1381 1815 Ritschelium,
1429 1771 1491 1817 qui

0 1845 2 1848 v
57 1827 182 1864 studia
207 1839 292 1863 mea
315 1828 483 1864 Gelliana
506 1829 768 1864 liberalissime
793 1833 827 1864 et
858 1827 1082 1864 adiuuerunt
1112 1830 1147 1862 et
1175 1827 1371 1870 fouet-unt,
1404 1826 1490 1862 Ga-

55 1886 78 1920 b
90 1885 127 1919 ri
140 1885 212 1920 ele
223 1895 260 1919 m
297 1884 323 1919 L
333 1896 354 1920 a
364 1896 414 1920 ur
425 1896 443 1920 e
457 1895 478 1920 a
488 1885 553 1927 ni,
593 1884 841 1921 bibliothecae
880 1885 967 1920 olim
1002 1884 1205 1920 Vaticanae
1242 1883 1486 1930 praefectum,

58 1941 165 1976 euius
193 1952 236 1976 ea
264 1945 343 1976 erat
368 1941 578 1977 humanitas
601 1952 820 1987 morumque
852 1940 1005 1977 comitas
1019 1968 1027 1984 ‚
1058 1944 1107 1983 gut
1136 1939 1331 1976 uobiscum
1345 1967 1353 1983 ,
1391 1939 1484 1975 uiris

57 1996 130 2032 hoc
154 1996 302 2032 nomine
321 1997 397 2033 sere
414 1998 765 2044 incomparabilibus
779 2026 787 2041 ,
815 2006 1033 2043 comparare
1051 2006 1135 2031 eum
1151 1996 1296 2040 liceret,
1316 2005 1482 2032 summos

60 2052 221 2099 denique
264 2054 464 2100 magistros
478 2083 486 2098 ‚
533 2054 580 2090 ad
621 2065 713 2100 quos
753 2055 875 2089 omnia
905 2063 988 2088 mea
1028 2053 1169 2097 resero,
1214 2052 1282 2089 Au
1293 2063 1351 2100 gu
1363 2055 1436 2088 stu
1446 2062 1483 2087 m

58 2108 355 2144 Boeckhium
392 2116 427 2146 et
464 2110 550 2146 Car
564 2112 687 2146 olum
719 2110 887 2147 Laehm
901 2119 1088 2152 annum,
1130 2118 1287 2154 quorum
1327 2109 1482 2153 alterum

57 2175 205 2201 mecum
236 2164 408 2212 diligitis,
442 2168 596 2203 alterum
626 2179 772 2203 mecum
802 2166 950 2214 lugetis.
1013 2165 1154 2201 Valete.

229 2220 310 2257 Ser.
340 2223 502 2258 Berolini
535 2223 568 2260 d.
601 2224 769 2259 XXVIIII
799 2235 847 2259 m.
876 2224 969 2269 Apr.
999 2233 1020 2257 a
1049 2219 1302 2257 MDCCCLIII.
