1603 2508
637 45 688 84 X.
711 54 831 84 xvm.
853 54 991 82 xv1111.
1476 45 1530 85 19

38 164 41 166 ·
101 158 291 208 ‘agona’‚
306 156 348 197 id
363 159 429 198 est
446 162 656 198 certamen
675 157 868 197 laudibus
887 156 976 197 eius
996 156 1200 206 dicundis‚
1214 157 1310 198 facit
1325 158 1530 209 ponitque

104 213 290 265 praemia
316 215 522 266 pecuniae
550 214 808 264 aliarumque
843 225 982 253 rerum
1017 214 1223 254 bonarum
1259 214 1528 265 amplissima.

106 271 174 310 Ad
197 281 271 311 eas
294 272 442 312 laudes
469 271 747 312 decertandas
771 270 942 310 uenisse
968 270 1162 310 dicuntur
1182 271 1260 311 uiri
1283 271 1447 313 nobiles
1469 272 1527 312 in-
1545 275 1568 311 6

103 326 227 378 genio
253 331 380 379 atque
404 328 546 379 lingua
568 327 829 379 praestabili,
863 328 1037 378 Theop
1052 339 1074 368 ο
1089 339 1257 378 mpus,
1291 328 1528 369 T'heode-

105 388 237 432 ctes,
269 385 584 434 Naucrates;
610 390 707 425 sunt
727 384 851 424 etiam
869 384 940 434 qui
961 384 1251 424 Isocratem
1273 385 1412 436 ipsum
1434 397 1528 426 cum

102 440 167 481 his
205 442 436 482 certauisse
468 442 694 482 memoriae
730 441 1030 481 mandauerint.
1095 441 1180 481 Sed
1213 453 1263 482 eo
1302 443 1528 482 certamine

101 497 258 538 uicisse
287 499 460 550 Theop
475 510 498 539 o
513 507 680 549 mpum
706 498 933 538 iudicatum
955 503 1032 537 est.
1094 500 1133 538 Is
1159 498 1233 538 fuit
1265 500 1312 539 Is
1326 511 1348 539 o
1364 499 1525 539 cratis

104 554 350 606 discipulus.

189 613 314 652 Extat
334 624 444 652 nunc
473 624 643 663 quoque
670 612 960 652 Theodecti
992 612 1294 662 tragoedia,
1333 624 1439 663 quae
1469 613 1527 652 in-
1544 617 1564 653 7

104 668 299 709 scribitur
313 670 603 718 Mausolus3
629 670 670 709 in
691 680 774 719 qua
796 680 890 708 eum
907 668 1051 719 magis,
1077 680 1199 718 quam
1215 669 1255 708 in
1274 681 1423 720 prosa,
1442 671 1527 721 pla·

105 726 247 766 cuisse
270 726 512 777 Hyginus
534 726 574 766 in
599 726 850 776 exemplis
873 727 1012 765 refert.

732 840 895 880 XVIIII.

102 923 187 959 Non
216 923 373 969 purgari
402 932 525 969 neque
552 923 672 958 leuari
702 927 922 969 peccatum,
961 932 1046 958 cum
1070 921 1331 969 praetenditur
1350 926 1525 969 peccato-

159 990 262 1024 rum,
300 989 397 1026 quae
432 980 496 1015 alii
529 990 680 1026 quoque
710 983 990 1027 peccauerunt,
1029 978 1258 1025 similitudo;
1298 983 1410 1025 atque
1432 979 1525 1015 inibi

160 1037 277 1073 uerba
293 1046 340 1071 ex
361 1036 533 1072 oratione
557 1046 672 1083 super
692 1047 737 1072 ea
759 1046 799 1072 re
822 1035 1103 1072 Demosthenis.

190 1123 433 1163 incessebat
450 1122 688 1174 quempiam
710 1124 904 1163 Taurus
928 1123 1207 1174 philosophus
1230 1134 1381 1163 seuera
1403 1128 1526 1173 atque
1544 1133 1557 1165 ]

103 1179 342 1220 uehementi
372 1179 660 1230 obiurgatione
691 1180 1003 1219 adulescentem
1035 1191 1059 1219 a
1085 1179 1322 1220 rhetoribus
1355 1184 1396 1219 et
1421 1191 1445 1218 a
1469 1181 1524 1219 fa-

105 1236 283 1277 cundiae
319 1236 457 1278 studio
500 1237 554 1276 ad
590 1236 831 1287 disciplinas
868 1236 1161 1287 philosophiae
1199 1240 1524 1286 transgressum,

104 1294 219 1344 quod
249 1293 404 1333 sactum
441 1293 609 1344 quidem
644 1304 740 1333 esse
777 1293 827 1332 ab
865 1304 915 1333 eo
949 1293 1106 1333 diceret
1137 1293 1358 1333 inhoneste
1381 1298 1422 1332 et
1454 1293 1526 1332 irn-

100 1350 249 1402 probe.
295 1351 353 1389 At
373 1349 440 1390 ille
468 1362 552 1391 non
574 1350 659 1390 ibat
685 1349 836 1390 infitias
869 1350 1040 1398 fecisse,
1072 1351 1149 1390 sed
1170 1350 1212 1389 id
1234 1350 1402 1390 solitum
1429 1361 1526 1390 esse

102 1406 193 1447 fieri
217 1407 471 1447 defendebat
499 1407 884 1458 turpitudinemque
905 1407 1042 1447 delicti
1066 1408 1355 1457 exemplorum
1382 1419 1464 1447 usu
1486 1412 1526 1446 et

103 1463 421 1504 consuetudinis
447 1464 572 1504 uenia
594 1464 912 1515 deprecabatur.
974 1466 1116 1514 Atque
1138 1463 1195 1503 ibi
1219 1465 1420 1504 Taurus
1443 1464 1523 1504 isto
1541 1473 1563 1506 2

100 1521 194 1572 ipso
214 1520 473 1561 defensionis
500 1532 656 1571 genere
680 1520 904 1560 inritatior:
939 1521 1120 1569 ‘homo',
1142 1520 1296 1571 inquit,
1321 1522 1463 1560 ‘stulte
1485 1526 1526 1559 et

100 1577 234 1626 nihili,
273 1577 309 1617 si
337 1581 379 1616 te
408 1588 433 1617 a
460 1578 579 1617 malis
602 1578 806 1628 exemplis
829 1577 1099 1618 auctoritates
1123 1582 1165 1617 et
1185 1577 1371 1617 rationes
1395 1576 1525 1627 philo-

101 1634 276 1685 sophiae
297 1645 382 1673 non
405 1634 637 1682 abducunt,
662 1645 714 1673 nc
734 1633 843 1674 illius
866 1634 1035 1684 quidem
1056 1635 1089 1673 D
1103 1645 1175 1674 em
1189 1634 1437 1674 osthenis
1455 1645 1525 1672 ue-

101 1691 176 1732 stri
196 1690 404 1731 sententia
427 1691 498 1731 tibi
521 1691 562 1730 in
589 1695 770 1730 mentem
791 1691 924 1739 uenit,
950 1701 1077 1741 quae,
1102 1690 1199 1740 quia
1220 1689 1369 1740 lepidis
1393 1695 1434 1729 et
1455 1702 1524 1729 ue-

99 1747 234 1788 nustis
250 1758 406 1787 uocum
422 1747 558 1788 modis
574 1747 716 1788 uincta
733 1753 809 1796 est,
835 1748 956 1797 quasi
979 1748 1185 1797 quaedam
1210 1746 1413 1786 cantilena
1434 1747 1524 1786 rhe-

100 1804 246 1852 torica,
271 1803 431 1845 facilius
452 1805 683 1844 adhaerere
704 1804 931 1844 memoriae
948 1808 1044 1843 tuae
1066 1803 1230 1854 potuit?
1249 1803 1352 1843 Nam
1368 1803 1404 1843 si
1425 1805 1558 1852 me',3

99 1860 251 1911 inquit,
278 1864 385 1901 ‘non
407 1861 528 1909 fallit,
555 1861 670 1911 quod
694 1860 859 1911 quidem
882 1861 922 1900 in
943 1860 1115 1911 primori
1140 1859 1318 1910 pueritia
1340 1859 1523 1910 legerim,

100 1918 232 1958 uerba
257 1917 362 1956 haec
385 1922 483 1958 sunt
513 1917 882 1958 Demosthenis
908 1918 1115 1957 aduersus
1139 1928 1254 1965 eum,
1290 1916 1381 1966 qui,
1412 1921 1458 1957 ut
1480 1921 1526 1956 tu

101 1985 212 2014 nunc
235 1973 359 2022 facis,
395 1978 615 2039 peccatum
645 1986 766 2015 suum
790 1974 974 2025 peccatis
997 1973 1141 2013 alienis
1168 1978 1408 2024 exemptum
1428 1985 1524 2024 pur-

101 2030 451 2081 gatumqueibat:
485 2025 566 2070 Σὺ
596 2025 653 2071 δε
686 2026 762 2098 μὴ
788 2028 935 2083 λέγε,
970 2023 1036 2078 ὡς
1052 2028 1271 2093 γέγονε
1310 2030 1522 2078 [τ]οῦτο

102 2082 397 2153 πολλάκις,
439 2081 554 2128 ἀλλ’
589 2081 657 2135 ὠς
698 2083 841 2127 οὕτω
881 2082 1158 2151 προσήκει
1197 2086 1521 2152 γίγνεσθαι·

102 2138 165 2184 οὐ
209 2139 334 2196 γάρ,
386 2145 438 2184 εἴ
475 2157 524 2184 τι
571 2140 792 2184 πώποτε
835 2141 903 2197 μὴ
950 2138 1087 2183 κατὰ
1133 2137 1269 2191 τοὺς
1314 2139 1523 2196 νόμους

102 2196 382 2266 ἐπράχθη,
437 2196 504 2241 σύ
551 2196 610 2241 δὲ
661 2201 830 2241 τοῦτο
887 2196 1161 2266 ἐμιμήσω,
1219 2194 1310 2240 διὰ
1353 2200 1520 2240 τοῦτο

103 2249 424 2310 ἀποφύγοις
475 2250 540 2297 ἂν
581 2256 833 2310 δικαίως,
887 2251 1024 2297 ἀλλὰ
1068 2257 1269 2353 nol-2292*
1306 2257 1521 2310 μᾶλλον
