1603 2508
0 0 50 65 p}-
63 86 66 88 ,
292 29 295 34 ’
587 52 821 92 vn11.x11
843 55 1468 98 XI11.247

0 151 18 213 {J
55 175 138 216 quo
158 161 387 215 Pompeius
410 169 633 212 metueret,
669 166 784 215 quod
813 171 878 206 est
909 165 1122 214 usitatius,
1151 167 1228 207 sed
1250 168 1364 218 quod
1386 180 1467 208 me-

0 223 14 255 22
54 226 252 262 tueretur.
313 221 456 261 Verba
486 221 591 261 hacc
619 197 842 263 Sallusti
875 228 992 263 sunt:
1051 222 1104 262 ld
1140 223 1332 264 bellum
1382 236 1467 265 ex-

53 278 253 319 citabat
290 282 457 318 mctus
489 278 702 329 Pompei
742 279 992 327 uictoris,
1034 280 1385 331 Hiempsalem
1418 281 1466 321 in

51 345 270 386 regnum
306 334 659 375 restituentis.
720 337 823 376 Item
855 336 935 376 alio
968 336 1009 376 in
1035 338 1151 378 loco:
1191 337 1528 388 Postquam15

51 397 253 434 remoto
278 391 625 433 mctuPunico
650 392 951 433 simultates
975 404 1225 434 exercere
1248 406 1467 434 uacuum

51 449 163 490 ruit.
221 447 447 489 ‘Iniurias'
469 449 611 489 itidem
643 449 817 490 dicimus
839 455 924 489 tam
951 450 1116 490 illorum
1148 451 1217 500 qui
1241 451 1468 501 patiuntur,
1480 459 1527 494 16

53 517 178 557 quam
207 503 277 557 qui
301 504 478 559 faciunt,
519 517 695 556 quarum
727 506 954 547 dictionum
988 508 1180 558 exempla
1210 513 1306 547 sunt
1332 507 1468 547 facilia

50 562 236 604 inuentu.

137 620 242 661 Illud
272 620 393 661 etiam
426 619 581 660 dictum
619 631 642 659 a
661 620 897 671 Vergilio
933 621 1109 660 eandem
1140 621 1265 661 habet
1292 622 1466 661 sormam
1479 625 1525 662 17

53 677 382 718 communicatae
397 677 505 717 ultro
525 681 564 716 et
583 676 684 718 citro
712 676 1048 727 significationis:

556 753 617 791 Et
643 753 878 800 uulnere,
909 752 1061 804 inquit,
1089 754 1268 794 tardus
1307 754 1465 803 Vlixi,

51 844 144 872 cum
162 831 322 873 diceret
348 833 523 880 uulnus,
556 843 640 872 non
658 832 773 882 quod
789 832 1026 883 accepisset
1041 832 1207 881 Vlixes,
1241 833 1318 872 sed
1352 835 1466 884 quod

50 888 251 930 dedisset.
314 888 541 930 ‘Nescius'
581 899 751 939 quoque
782 888 930 928 dicitur
960 894 1043 928 tam
1073 889 1128 937 is,
1170 889 1239 938 qui
1270 890 1467 939 nescitur,
1481 895 1525 930 18

50 957 175 996 quam
192 945 263 997 qui
279 945 428 986 nescit.
492 945 578 986 Sed
599 956 728 996 super
745 955 817 993 eo,
849 945 917 995 qui
942 946 1095 994 nescit,
1125 947 1324 995 frequens
1344 946 1466 987 huius
1482 952 1525 988 19

48 1003 245 1043 uocabuli
264 1013 368 1043 usus
390 1007 472 1050 est,
505 1002 749 1051 infrequens
768 1007 906 1042 autem
926 1007 989 1041 est
1007 1003 1059 1042 de
1089 1013 1160 1050 eo,
1194 1003 1308 1052 quod
1332 1003 1466 1043 nesci-

48 1064 128 1099 tur.
191 1060 416 1109 ‘Ignarus'
451 1069 586 1108 aeque
616 1064 970 1108 utroqueuersum
1008 1059 1175 1105 dicitur,
1205 1070 1289 1099 non
1310 1064 1526 1100 tantumao

52 1115 121 1166 qui
142 1114 327 1165 ignorat,
361 1119 426 1155 set
443 1119 517 1164 [et]
538 1115 607 1165 qui
627 1115 855 1164 ignoratur.
902 1115 1089 1155 Plautu
1104 1127 1131 1167 s,
1151 1115 1191 1154 in
1212 1115 1521 1156 Rudentez21

111 1192 248 1241 Quae
271 1188 319 1231 in
341 1189 478 1231 locis
506 1189 703 1230 ne'sciis
729 1189 908 1230 nescia
932 1191 1024 1242 spe
1046 1203 1235 1231 sumus.

55 1281 370 1323 Sallustius:
410 1283 556 1323 More
591 1283 843 1323 humanae
877 1283 1142 1334 cupidinis
1180 1284 1361 1335 ignara
1397 1285 1526 1324 ui-22

50 1338 215 1379 sendi.
274 1338 566 1390 Vergilius:

388 1407 635 1456 Ignarum
655 1406 888 1447 Laurens
913 1407 1071 1446 habet
1096 1418 1180 1447 ora
1204 1407 1464 1448 Mimanta.

724 1519 828 1560 XIII.

18 1587 176 1651 >¹J'Verba
198 1613 245 1638 ex
265 1601 426 1639 historia
447 1600 581 1639 Claudi
606 1600 855 1648 QuadrIgari,
879 1603 1013 1649 quibus
1037 1602 1153 1638 Manli
1171 1601 1374 1647 Torquati,
1396 1612 1462 1638 no·

85 1659 172 1696 bilis
190 1658 447 1696 adulescentis
459 1686 473 1704 ,,
491 1662 526 1694 et
540 1657 661 1694 hostis
682 1658 777 1694 Galli
798 1659 1041 1706 prouocantis
1058 1669 1227 1706 pugnam
1245 1657 1427 1705 depinxit.

13 1790 17 1793 .
136 1748 251 1789 Titus
268 1749 446 1790 Manlius
464 1760 627 1790 summo
652 1749 745 1790 loco
770 1754 891 1788 natus
915 1747 1186 1798 adprimeque
1206 1747 1356 1788 nobilis
1374 1747 1461 1788 suit.
1480 1757 1499 1789 1

14 1813 23 1839 1
50 1805 98 1846 Ei
133 1804 286 1846 Manlio
327 1810 651 1856 cognomentum
683 1807 836 1844 sactum
869 1810 933 1843 est
964 1805 1214 1854 Torquatus.
1276 1805 1450 1845 Causam
1461 1811 1525 1846 23

17 1865 32 1899 ξ
54 1861 322 1913 cognomenti
338 1862 470 1903 fuisse
486 1861 724 1913 accepimus
742 1861 904 1911 torquis
923 1872 974 1900 ex
992 1872 1092 1901 auro
1110 1859 1316 1909 induuies,
1342 1872 1466 1911 quam

27 1968 30 1970 ¹
53 1931 107 1958 ex
130 1919 274 1967 hoste,
305 1930 429 1970 quem
452 1918 683 1966 occiderat,
717 1918 944 1957 detractam
964 1916 1108 1957 induit.
1172 1917 1257 1957 Sed
1279 1916 1371 1967 quis
1392 1918 1464 1956 ho·
1481 1924 1505 1958 4

38 1974 129 2016 ‚stis
152 1974 309 2026 etquid
325 1987 479 2026 genus,
513 1986 638 2026 quam
668 1974 955 2016 formidandae
975 1973 1180 2013 uastitatis
1205 1979 1246 2013 et
1267 1978 1467 2023 quantum

26 2030 241 2074 “insolens
281 2038 539 2082 prouocator
576 2037 617 2072 et
651 2030 831 2072 cuimodi
865 2030 987 2071 fuerit
1016 2041 1158 2080 pugna
1194 2030 1465 2077 decertatum,

55 2088 101 2138 Q.
121 2088 370 2129 Claudius
394 2088 558 2139 primo
583 2099 678 2128 ann
693 2087 851 2128 alium
869 2085 1093 2138 purissime
1114 2091 1239 2136 atque
1265 2086 1466 2126 inlustris-

36 2144 159 2185 sime
178 2143 439 2195 simplicique
456 2150 497 2185 et
516 2145 729 2195 incompta
747 2143 946 2185 orationis
963 2142 1158 2192 antiquae
1176 2142 1380 2182 suauitate
1398 2143 1467 2183 de-

16 2207 37 2254 J3
50 2200 234 2251 scripsit.
255 2201 537 2251 Quemlocum
546 2212 658 2242 exeo
671 2200 773 2241 libro
788 2200 1064 2251 philosophus
1073 2198 1352 2239 Fauorinus
1373 2211 1463 2239 cum
1480 2207 1503 2241 5

21 2307 40 2322 Ψ
54 2255 234 2307 legeret,
263 2269 348 2298 non
374 2257 603 2298 minoribus
631 2257 743 2307 quati
771 2256 977 2306 adficique
999 2255 1179 2295 animum
1203 2267 1324 2296 suum
1351 2255 1467 2296 moti-
