1619 2476
127 43 212 87 170
697 46 824 85 XVII.
856 56 884 84 1.
908 56 953 83 11.

130 159 244 208 quod
265 158 321 197 ait
354 157 642 207 paeniteat,
675 162 800 207 atque
831 157 871 196 id
897 169 1031 209 prope
1053 158 1239 209 ineptum
1273 159 1393 200 etiam
1433 169 1530 200 esse

91 225 112 260 6
132 215 284 254 dicunt.
349 215 466 253 ‘Nam
481 214 766 263 ‘paenitere'',
793 214 1004 264 inquiunt,
1039 218 1149 255 ‘tum
1166 215 1306 255 dicere
1327 216 1528 264 solemus,

128 282 241 317 cum,
276 281 383 318 quae
402 270 482 319 ipsi
500 270 671 309 fecimus
690 275 759 309 aut
777 281 883 320 quae
903 271 954 310 de
971 277 1116 312 nostra
1129 273 1344 312 uoluntate
1365 277 1528 312 nostro·

128 337 208 376 que
235 326 408 365 consilio
434 328 540 365 facta
573 332 688 374 sunt,
720 338 769 365 ea
802 327 922 367 nobis
950 333 1051 378 post
1078 327 1278 378 incipiunt
1306 328 1528 379 displicere

87 391 107 427 7
126 382 458 432 sententiamque
484 383 523 422 in
546 383 594 422 iis
616 388 801 422 nostram
820 384 1127 432 demutamus;'
1161 384 1366 424 neminem
1390 389 1526 424 autem

126 444 239 478 recte
261 438 316 477 ita
338 439 690 489 loqui‘paeniterc
708 450 817 487 sese,
841 441 955 489 quod
971 446 1095 481 natus
1113 441 1180 480 sit'
1204 440 1526 491 aut‘paenitere,

127 495 240 544 quod
265 495 449 535 mortalis
474 496 548 535 sit'
580 502 651 535 aut
672 499 684 518 ³
699 497 812 545 quod
836 508 888 536 cx
912 497 1075 537 offenso
1102 498 1209 538 forte
1224 498 1527 545 uulneratoque

126 562 305 601 corpore
324 552 513 591 dolorem
539 552 718 600 sentiat’,
735 554 900 602 quando
927 553 1162 594 istiusmodi
1179 565 1318 594 rerum
1333 564 1412 592 nec
1430 564 1527 592 con-

125 607 262 648 silium
283 608 336 647 sit
357 614 547 648 nostrum
564 620 640 649 nec
657 609 888 658 arbitrium,
921 611 998 650 sed
1015 622 1065 649 ea
1084 610 1255 660 ingratis
1271 609 1350 659 (in)
1371 608 1527 649 nostris

87 671 111 706 8
126 664 168 704 ui
193 675 241 703 ac
263 664 513 704 necessitate
530 671 700 704 naturae
716 666 836 705 nobis
861 666 1069 706 accidant:
1103 666 1236 707 ‘sicut
1259 667 1436 714 hercle'‚
1468 665 1526 704 in·

125 721 288 770 quiunt,
320 725 331 743 ‘
346 732 428 761 non
451 722 730 761 uoluntarium
750 723 822 762 suit
837 723 890 762 M.
911 723 1070 770 Caelio,
1102 723 1212 773 quali
1230 724 1361 763 forma
1382 732 1526 761 nasce-

124 783 256 824 retur,
278 777 395 817 cuius
414 789 507 817 eum
528 778 629 818 dixit
646 782 746 818 ‘non
775 780 1015 829 paenitere'‚
1039 785 1250 830 tamquam
1271 779 1311 818 in
1334 789 1383 817 ea
1399 788 1528 817 causa

124 844 191 872 res
209 840 342 881 esset,
370 839 415 872 ut
437 835 637 874 rationem
659 841 827 886 caperet
845 836 1113 886 paenitendi?

85 897 107 932 9
207 891 281 929 Est
297 891 400 929 haec
420 892 609 940 quidem,
642 903 765 941 quam
788 892 948 940 dicunt,
978 893 1097 932 uerbi
1123 891 1298 931 huiusce
1321 890 1528 931 sententia

123 952 164 985 et
182 946 515 996 epaenitere'nisi
532 948 571 987 in
590 949 833 988 uoluntariis
850 950 974 988 rebus
993 960 1077 989 non
1097 948 1230 998 probe
1247 947 1408 994 dicitur,
1426 952 1526 986 tarn·

123 1003 201 1042 etsi
227 1003 483 1052 antiquiores
508 1005 637 1044 uerbo
665 1004 758 1055 ipso
776 1005 855 1045 alio
875 1016 1044 1055 quoque
1066 1005 1192 1044 modo
1208 1003 1349 1044 usitati
1371 1008 1470 1042 sunt
1486 1008 1527 1042 et

122 1058 352 1109 ‘paenitet’
381 1060 431 1098 ab
453 1072 523 1108 co,
557 1061 670 1110 quod
695 1067 760 1101 est
783 1064 971 1112 ‘paene’,
996 1067 1037 1101 et
1055 1061 1300 1111 ‘paenuria'
1319 1059 1524 1099 dixerunt.

123 1115 207 1155 Sed
233 1115 273 1154 id
300 1116 496 1156 aliorsum
518 1118 696 1167 pertinet
712 1123 837 1167 atque
863 1118 942 1158 alio
964 1118 1004 1157 in
1027 1120 1121 1158 loco
1144 1117 1318 1157 dicetur.

70 1178 111 1212 10
205 1173 320 1211 Nunc
350 1178 487 1212 autem
518 1174 596 1213 sub
620 1175 697 1213 hac
728 1175 875 1213 eadem
907 1174 1232 1224 significatione,
1265 1183 1372 1222 quae
1397 1173 1523 1221 uulgo

122 1234 222 1267 nota
250 1234 334 1275 est,
365 1241 446 1269 non
466 1231 592 1270 modo
618 1230 802 1280 ineptum
823 1231 903 1271 hoc
919 1242 1001 1270 non
1022 1236 1098 1278 est,
1132 1230 1246 1280 quod
1266 1230 1322 1268 M.
1345 1228 1523 1267 Cicero

69 1291 106 1325 11
122 1283 234 1331 dixit,
267 1285 342 1323 sed
364 1286 675 1325 sestiuissimum
694 1287 800 1326 adeo
828 1292 868 1325 et
889 1286 1185 1326 facetissimum
1201 1291 1278 1325 est.
1311 1285 1412 1323 Nam
1430 1294 1525 1323 cum

120 1340 353 1378 aduersarii
385 1346 425 1379 et
456 1342 759 1380 obtrectatores
789 1342 843 1380 M.
869 1342 998 1389 Caeli,
1032 1341 1228 1390 quoniam
1259 1346 1348 1380 erat
1378 1341 1522 1389 pulcro

122 1405 320 1443 corpore,
350 1397 525 1434 sormam
555 1396 644 1435 eius
667 1401 708 1435 et
730 1397 876 1435 faciem
905 1397 946 1436 in
979 1397 1234 1446 suspitiones
1257 1395 1524 1446 inpudicitiae

120 1455 398 1497 accerserent,
421 1451 612 1491 inludens
638 1451 815 1492 Cicero
837 1458 922 1492 tam
938 1452 1162 1492 absurdam
1181 1451 1522 1499 criminationem,

121 1505 236 1555 quod
258 1507 446 1554 formam,
467 1518 589 1556 quam
611 1513 757 1547 natura
775 1509 941 1556 fecerat,
958 1509 1058 1549 uitio
1081 1510 1240 1557 darent,
1261 1509 1411 1548 eodem
1427 1507 1521 1557 ipso

120 1573 285 1609 errore,
319 1574 442 1612 quem
470 1563 702 1611 inludebat,
736 1564 873 1604 sciens
896 1577 1000 1605 usus
1021 1571 1085 1605 est
1110 1570 1151 1604 et
1176 1568 1287 1604 ‘non
1313 1563 1521 1614 paenitet'

118 1618 271 1669 inquit,
303 1619 383 1657 (Μ.
405 1619 584 1659 Caelium
606 1632 689 1660 non
712 1620 940 1660 deformem
964 1632 1059 1661 esse
1083 1624 1261 1668 natum',
1290 1624 1336 1660 ut
1356 1620 1424 1658 uel
1443 1618 1522 1658 hac

117 1674 211 1724 ipsa
227 1686 285 1722 re,
319 1675 433 1724 quod
448 1675 504 1714 ita
521 1676 696 1725 dicebat,
730 1677 1006 1727 obprobraret
1024 1676 1277 1717 aduersariis
1297 1686 1347 1715 ac
1371 1686 1446 1725 per
1466 1675 1521 1713 fa-

120 1731 248 1770 cetias
267 1737 507 1779 ostentaret,
532 1733 669 1772 face1e
694 1744 768 1773 eos
791 1734 1074 1782 deridiculum,
1094 1734 1207 1796 quuod
1224 1731 1401 1782 proinde
1424 1731 1522 1770 Cae-

118 1786 171 1827 lio
198 1789 372 1827 formam
395 1788 551 1827 climini
568 1790 726 1838 darent,
744 1792 864 1839 quasi
885 1790 1096 1830 arbitrium
1119 1789 1208 1829 eius
1225 1788 1386 1836 suisset,
1410 1785 1522 1837 quali

119 1844 252 1883 forma
275 1850 529 1884 nasceretur.

796 1949 844 1987 11.

117 2029 246 2066 Verba
263 2029 451 2076 quaedam
473 2041 521 2066 ex
541 2031 585 2075 Q.
614 2029 744 2066 Claudi
766 2031 956 2066 annalium
980 2029 1101 2076 primo
1127 2028 1269 2065 cursim
1292 2028 1330 2063 in
1352 2025 1518 2074 legendo

747 2091 885 2122 notata.

87 2189 102 2222 l
209 2185 308 2223 Cum
352 2185 499 2225 librum
534 2186 688 2226 ueteris
724 2184 940 2236 scriptoris
969 2184 1233 2233 legebamus,
1266 2183 1521 2223 conabamur

120 2244 268 2288 postea
288 2241 511 2281 memoriae
528 2243 788 2292 uegetandae
804 2241 936 2291 gratia
950 2239 1144 2291 indipisci
1160 2239 1296 2279 animo
1313 2250 1363 2278 ac
1377 2247 1521 2278 recen·
1539 2256 1545 2261 ·
