1619 2476
127 34 211 76 206
674 35 816 74 XVIII.
842 45 918 73 1111.
934 46 976 73 v.

130 149 200 199 qui
225 154 462 198 quaereret:
497 146 777 197 ‘priscorum',
810 146 953 196 inquit,
987 150 1045 186 ‘et
1059 151 1314 188 remotorum
1334 159 1412 198 ego
1430 159 1521 189 uer-
1582 173 1584 176 >

128 206 275 246 borum
294 205 493 243 medullas
513 208 553 242 et
570 204 833 253 sanguinem,
861 202 981 243 sicuti
1000 202 1099 252 dixi,
1127 203 1368 255 perspicere
1390 209 1431 244 et
1453 205 1521 244 eli-

129 272 223 301 cere
240 261 370 307 soleo,
402 271 484 298 non
509 259 705 307 istorum,
737 271 841 309 quae
870 260 1110 308 proculcata
1136 260 1261 309 uulgo
1288 264 1329 300 et
1347 260 1522 310 protrita

128 321 235 357 sunt.
276 317 371 365 Ipso
394 315 461 355 illo
483 315 636 366 quippe
655 317 724 355 Cn.
742 317 914 356 Lentulo
941 315 1163 355 ‘stolidior'
1190 321 1254 355 est
1270 321 1310 356 et
1326 316 1520 363 ‘uanior’,

128 372 197 422 qui
212 372 375 421 ignorat
392 371 577 411 eiusdem
594 372 787 412 stultitiae
805 383 900 412 esse
921 372 1143 412 uanitatem
1165 376 1205 411 et
1222 372 1518 413 stoliditatem’.

90 432 110 467 7
129 429 212 468 Sed
243 428 312 467 ubi
340 428 420 467 hoc
444 427 563 476 dixit,
597 429 731 468 media
751 428 842 478 ipsa
873 440 1111 468 sermonum
1139 428 1303 478 reliquit
1333 433 1374 468 et
1408 429 1521 469 abire

86 489 108 524 8
126 484 275 532 coepit.
317 485 401 523 Nos
423 484 573 523 deinde
598 496 690 524 eum
711 485 954 525 tenebamus
976 485 1324 535 u1·gebamusque;
1355 489 1397 525 et
1411 496 1521 525 curn-

123 542 261 594 primis
280 543 352 592 Ap
367 553 389 581 o
403 541 489 580 llin
502 541 603 582 aris
615 573 625 591 ,
654 548 699 581 ut
723 543 774 581 de
795 542 1094 582 uocabulorum
1110 544 1178 582 uel
1195 542 1427 583 differentia
1441 545 1522 592 uel,

121 601 153 641 si
173 601 209 640 ei
225 600 279 639 ita
295 599 527 648 uideretur,
554 598 814 637 similitudine
830 598 992 648 plenius
1014 598 1282 649 apertiusque
1300 599 1524 640 dissereret

122 663 182 704 et,
213 662 255 696 ut
275 667 326 695 ne
349 655 426 694 sibi
447 654 650 693 inuideret
672 654 832 693 discere
854 655 1029 702 uolenti,
1055 656 1211 694 orabat.

98 718 119 753 9
219 714 358 761 Atque
382 711 460 759 ille,
493 723 538 751 se
560 712 640 750 iam
665 714 786 761 plane
803 711 930 750 inludi
947 715 1074 758 ratus,
1107 710 1319 760 negotium
1335 710 1413 751 sibi
1430 722 1526 751 esse

81 777 125 810 10
139 773 333 808 causatur
357 774 396 807 et
419 768 659 817 digreditur.
720 770 804 808 Nos
827 772 963 807 autem
988 772 1136 818 postea
1157 779 1208 807 ex
1230 767 1530 818 Apollinari

139 824 376 871 didicimus,
411 827 577 864 ‘uanos'
601 825 769 875 proprie
791 825 890 872 dici,
921 836 1005 864 non
1025 829 1066 863 ut
1084 825 1236 873 uulgus
1261 824 1428 872 diceret,
1460 825 1530 863 de-

138 880 323 930 sipientis
341 886 411 920 aut
427 881 598 920 hebetes
616 886 686 920 aut
701 882 881 931 ineptos,
904 882 979 920 sed
991 913 1000 929 ,
1031 885 1076 920 ut
1095 885 1283 920 ueterum
1301 879 1530 920 doctissimi

138 937 358 984 dixissent,
391 938 613 976 mendaces
633 943 673 976 et
699 938 850 977 infidos
877 942 916 976 et
940 936 1045 977 leuia
1065 936 1285 986 inaniaque
1301 948 1376 986 pro
1398 936 1530 986 graui·

136 994 214 1033 bus
233 999 272 1032 et
290 993 401 1032 ueris
427 994 679 1034 astutissime
698 1001 1019 1044 componentes3
1053 997 1064 1016 ³
1077 992 1276 1033 stolidos'
1305 997 1442 1032 autem
1461 1004 1529 1032 uo-

139 1049 221 1088 cari
242 1061 324 1089 non
343 1054 425 1088 tam
441 1051 590 1089 stultos
614 1055 654 1089 et
673 1051 892 1098 excordes,
916 1062 1038 1100 quam
1055 1053 1247 1090 austeros
1269 1053 1309 1088 et
1329 1050 1531 1088 molestos

139 1112 178 1144 et
194 1105 422 1155 inlepidos,
454 1117 560 1155 quos
582 1107 725 1146 Graeci
744 1103 1021 1159 ςμοχωῗὶηρούς
1038 1105 1110 1145 καὶ
1143 1100 1404 1158 φορτικοῦς’
1424 1105 1532 1144 dice-

83 1168 241 1204 urent.
283 1164 431 1211 Etyma
450 1174 617 1212 quoque
634 1164 779 1203 harum
798 1175 949 1203 uocum
974 1168 1014 1203 et
1035 1161 1216 1212 origines
1234 1161 1410 1211 scriptas
1437 1172 1533 1201 esse

141 1217 302 1257 dicebat
318 1219 357 1256 in
389 1218 543 1258 libris
568 1219 870 1268 Nigidianis.

226 1275 338 1323 Quos
358 1273 580 1324 requisitos
603 1287 680 1324 ego
700 1281 740 1315 et
757 1280 947 1325 repertos
973 1287 1065 1315 cum
1081 1275 1305 1324 primarum
1330 1273 1533 1324 significa-

142 1330 296 1369 tionum
320 1330 531 1378 exemplis,
559 1336 604 1369 ut
625 1331 1017 1370 commentariis
1040 1330 1458 1369 harumnoctium
1476 1329 1533 1368 in·
1597 1335 1600 1350 ¹

141 1386 311 1433 serrem,
341 1387 482 1425 notaui
500 1390 540 1424 et
566 1386 755 1426 intulisse
772 1387 850 1425 iam
868 1397 933 1425 me
954 1386 1089 1435 aliquo
1112 1385 1152 1424 in
1169 1387 1262 1425 loco
1281 1396 1336 1425 co
1349 1396 1534 1425 mmen-

139 1441 433 1481 tationibus
461 1441 582 1481 istis
616 1442 820 1482 existimo.

811 1554 863 1595 V.

200 1635 309 1680 Quod
334 1635 378 1678 Q.
402 1634 545 1670 Ennius
570 1635 607 1670 in
630 1636 787 1682 septimo
810 1637 935 1671 annali
963 1635 1180 1682 quadrupes
1204 1646 1319 1682 eques
1337 1646 1380 1672 ac
1404 1647 1478 1672 non

285 1690 500 1738 quadrupes
522 1702 640 1738 equus
654 1721 662 1735 ,
686 1696 725 1727 ut
747 1693 874 1739 legunt
894 1692 1015 1736 multi,
1035 1692 1212 1738 scriptum
1233 1693 1394 1738 reliquit.

106 1786 124 1818 1
225 1779 323 1817 Cum
345 1780 378 1816 A
393 1779 570 1818 ntonio
589 1778 753 1818 Iulian
770 1791 792 1818 0
818 1780 996 1827 rhetore,
1027 1779 1116 1819 uiro
1139 1779 1277 1818 hercle
1293 1779 1404 1820 bono
1422 1783 1463 1819 et
1478 1781 1535 1819 sa-

146 1833 319 1872 cundiae
340 1833 547 1882 florentis,
582 1836 816 1884 complures
834 1835 1151 1883 adulescentuli,
1182 1834 1400 1875 familiares
1431 1835 1533 1884 eius,

144 1889 325 1929 Puteolis
342 1890 593 1930 aestiuarum
613 1891 804 1931 feriarum
821 1893 961 1930 ludum
987 1896 1027 1931 et
1041 1892 1178 1932 iocum
1198 1890 1238 1929 in
1255 1889 1381 1930 literis
1397 1902 1534 1932 amoe-

145 1945 330 1985 nioribus
354 1950 394 1984 et
413 1946 453 1984 in
476 1948 760 1996 uoluptatibus
782 1948 943 1997 pudicis
965 1948 1238 1996 honestisque
1261 1947 1532 1996 agitabamus.

108 2008 129 2041 2
147 2003 285 2050 Atque
306 2001 362 2040 ibi
382 2006 480 2041 tunc
503 2003 705 2043 Iuliano
735 2004 961 2051 nuntiatur,
994 1998 1287 2055 ἀναγνώστην
1313 2004 1532 2052 quendam,

147 2068 228 2097 non
262 2057 473 2097 indoctum
507 2059 735 2107 hominem,
772 2071 879 2099 uoce
914 2061 1136 2099 admodum
1173 2059 1276 2100 scita
1311 2065 1352 2098 et
1381 2070 1534 2099 canora

108 2113 272 2151 3Enni
294 2116 507 2153 annales
537 2116 677 2164 legere
707 2117 758 2154 ad
779 2117 977 2166 populum
1008 2116 1047 2155 in
1080 2117 1255 2155 theatro.
1317 2115 1534 2164 ‘Eamus’‚

144 2167 287 2217 inquit,
318 2170 515 2209 <auditum
537 2172 679 2211 nescio
702 2183 823 2221 quem
842 2172 965 2211 istum
981 2171 1300 2211 Ennianistam':
1330 2171 1411 2212 hoc
1427 2171 1534 2212 enim

147 2235 193 2262 se
215 2224 282 2263 ille
305 2225 470 2264 nomine
491 2227 689 2276 appellari
705 2228 884 2267 uolebat.
