1619 2476
147 38 230 79 236
628 37 813 76 'XVIIIL
851 48 925 75 ΧΠ.
965 47 1057 76 x111.

288 74 309 90 θ

148 150 426 195 excidente1n‚
457 148 639 187 fraxinos
667 149 719 186 ad
740 159 943 187 summum
974 158 1107 197 prope
1125 147 1322 198 uerticem
1345 147 1542 197 deputan-

146 211 239 251 tem,
270 205 437 244 suboles
455 203 597 242 uitium
614 214 635 242 e
654 204 860 244 radicibus
879 202 1095 243 caudicum
1114 213 1241 253 super
1261 208 1412 242 terram
1429 203 1544 242 fusas

145 262 431 306 reuellentem,
466 261 653 299 stolones
681 260 718 298 in
743 260 878 309 pomis
908 264 978 299 aut
1001 259 1040 298 in
1067 258 1170 300 oleis
1191 269 1394 309 proceros
1420 263 1545 308 atque

146 318 337 355 derectos
368 320 667 365 amputantem,
700 317 945 366 acceditque
969 326 1098 366 prope
1117 320 1158 354 et
1175 326 1248 354 cur
1266 320 1422 354 tantam
1448 314 1547 364 ligni

106 373 127 407 8
144 377 266 421 atque
289 371 495 411 frondium
514 372 683 410 caedem
707 373 871 419 faceret,
905 376 1173 422 percontatus
1196 375 1272 410 est.
1316 372 1367 410 Et
1381 371 1544 410 uicinus

142 428 196 466 ita
213 428 450 477 respondit:
484 429 556 467 eVt
573 431 700 477 ager',
731 428 873 478 inquit,
894 428 1088 468 ‘mundus
1108 438 1324 477 purusque
1341 427 1422 476 fiat,
1457 427 1544 466 eius
1588 480 1591 483 ,

105 485 126 519 9
143 484 267 524 arbor
296 489 419 533 atque
440 484 535 523 uitis
570 484 816 525 fecundior.’
879 483 1063 524 Discedit
1084 483 1150 523 ille
1173 495 1198 523 a
1217 483 1353 523 uicino
1390 483 1544 533 gratias

144 551 271 589 agens
304 544 343 578 et
374 541 525 589 laetus,
559 546 767 589 tamquam
785 542 961 591 adeptus
988 540 1046 580 rei
1067 539 1246 580 rusticae
1271 538 1543 590 disciplinam.

142 596 244 634 Turn
269 596 413 635 falcem
436 596 489 635 ibi
516 607 564 636 ac
597 597 774 636 securim
799 597 928 646 capit;
958 602 1083 646 atque
1109 596 1164 635 ibi
1185 597 1310 637 homo
1331 595 1457 636 miser
1487 595 1547 634 in·
1597 598 1606 611 ’-

143 652 300 701 peritus
332 652 439 692 uites
472 664 571 692 suas
596 652 673 692 sibi
697 653 829 692 omnis
855 659 895 692 et
929 654 1042 693 oleas
1067 653 1285 692 detruncat
1317 663 1545 702 comasque

143 708 338 748 arborum
352 708 601 748 lectissimas
618 709 938 759 uberrimosque
955 708 1099 749 uitium
1116 708 1305 759 palmites
1328 707 1481 748 decidit
1507 713 1547 747 et

143 764 320 803 frutecta
350 769 474 814 atque
498 764 674 814 uirgulta
700 765 819 805 simul
838 765 995 813 omnia,
1028 765 1162 816 pomis
1186 764 1458 815 frugibusque
1490 764 1546 814 gi-

145 820 321 869 gnendis
347 821 478 860 felicia
494 853 503 869 ,
528 833 620 860 cum
645 822 830 861 sentibus
849 827 888 861 et
910 822 1022 862 rubis
1045 821 1291 872 purificandi
1311 820 1398 871 agri
1414 821 1546 871 gratia

145 876 349 923 conuellit,
380 879 485 916 mala
516 878 708 917 mercede
731 879 880 919 doctus
904 878 1118 918 audaciam
1149 877 1427 927 fiduciamque
1449 888 1544 926 pec-

92 931 131 964 10
145 932 264 971 candi
286 932 510 973 imitatione
538 935 641 973 falsa
664 934 862 974 eruditus.
924 934 1021 982 Sic'‚
1055 934 1204 984 inquit,
1233 934 1325 974 eisti
1354 934 1544 984 apathiae

144 993 396 1036 sectatores,
431 990 499 1038 qui
515 989 646 1029 uideri
666 1001 711 1029 se
735 1002 830 1030 esse
848 991 1090 1040 tranquillos
1114 996 1154 1030 et
1174 990 1404 1040 intrepidos
1422 994 1463 1029 et
1488 989 1546 1028 in-
1608 999 1609 1010 ³

143 1044 316 1084 mobiles
334 1047 494 1096 uolunt,
514 1047 611 1086 dum
629 1046 725 1085 nihil
748 1047 929 1097 cupiunt,
950 1047 1047 1086 nihil
1067 1048 1220 1096 dolent,
1240 1046 1338 1086 nihil
1360 1046 1544 1086 irascun-
1595 1043 1609 1094 v2

142 1106 220 1147 tur,
251 1101 346 1139 nihil
364 1103 569 1150 gaude-nt,
602 1102 792 1143 omnibus
811 1103 1133 1144 uehementioris
1156 1103 1278 1143 animi
1296 1102 1442 1144 officiis
1462 1114 1544 1142 am-

145 1157 316 1205 putatis,
348 1158 386 1196 in
408 1163 580 1208 torpore
603 1159 778 1208 ignauae
801 1165 840 1199 et
863 1160 981 1210 quasi
1012 1165 1232 1200 eneruatae
1263 1159 1372 1200 uitae
1399 1169 1544 1200 conse-
1599 1159 1609 1185 Γ

147 1216 353 1252 nescunt.'

796 1316 899 1355 XIII.

280 1395 397 1440 [Quos
418 1397 642 1442 pumiliones
667 1396 844 1439 dicimus,
877 1397 1017 1437 Graece
1044 1391 1189 1440 νάνους
1206 1398 1417 1443 appellari.]

108 1499 123 1531 1
231 1493 403 1532 Stabant
433 1495 538 1533 forte
552 1505 635 1533 una
652 1494 690 1532 in
715 1494 919 1534 uestibulo
945 1494 1086 1534 Palatii
1105 1495 1335 1535 fabulantes
1351 1496 1544 1536 Fronto
1593 1488 1604 1518 1

146 1550 421 1589 Cornelius
470 1556 509 1589 et
549 1551 736 1589 Festus
775 1550 1076 1591 Postumius
1124 1557 1164 1591 et
1210 1552 1546 1602 Apollinaris

145 1606 436 1655 Sulpicius,
470 1612 595 1655 atque
621 1618 697 1655 ego
724 1606 777 1645 ibi
809 1606 1017 1647 adsistens
1052 1619 1145 1647 cum
1177 1607 1425 1657 quibusdam
1457 1608 1545 1648 aliis
1595 1616 1603 1646 ῖ

147 1673 364 1702 sermones
397 1673 563 1710 eorum,
605 1674 710 1712 quos
737 1664 788 1702 de
823 1663 1031 1702 literarum
1069 1663 1296 1714 disciplinis
1322 1664 1545 1713 habebant,

101 1721 121 1753 2
148 1717 351 1758 curiosius
371 1719 598 1768 captabam.
649 1720 749 1758 Tum
772 1720 898 1759 Fron
913 1725 963 1759 to
987 1722 1062 1770 Ap
1078 1719 1311 1760 ollinari:
1344 1721 1426 1760 ‘fac
1447 1723 1544 1768 me',
1600 1747 1608 1755 ,

143 1774 286 1823 inquit,
321 1778 427 1822 eoro,
461 1774 669 1824 magister,
699 1781 744 1814 ut
761 1775 838 1815 sim
855 1780 1007 1823 certus,
1031 1786 1081 1815 an
1105 1781 1218 1815 recte
1235 1776 1545 1826 supersederim

145 1834 310 1870 ‘nanos'
332 1830 469 1870 dicere
487 1842 616 1881 parua
633 1831 750 1871 nimis
770 1837 926 1871 statura
950 1832 1138 1872 homines
1157 1832 1452 1882 maluerimque
1470 1843 1545 1873 eos
1594 1857 1606 1885 3

146 1887 426 1935 ‘pumiliones'
454 1888 685 1937 appellare,
717 1888 912 1937 quoniam
928 1889 1009 1927 hoc
1026 1887 1227 1938 scriptum
1251 1900 1346 1933 esse
1367 1885 1544 1929 inlibris

143 1947 331 1982 ueterum
362 1943 639 1991 memineram,
670 1947 836 1984 ‘nanos’
856 1950 992 1984 autem
1009 1944 1224 1984 sordidum
1251 1956 1346 1984 esse
1367 1946 1544 1985 uerbum

104 2003 124 2036 3
146 2003 185 2036 et
201 1999 422 2038 barbarum
440 2000 710 2039 credebam?'
743 2002 841 2040 ‘Est
867 2001 1058 2050 quidem'
1082 2000 1213 2050 inquit
1239 2001 1366 2042 ‘hoc’
1387 2003 1544 2052 Apol·
1575 2025 1599 2044 >.

144 2053 326 2094 linaris
354 2056 417 2095 ‘in
447 2056 748 2098 consuetudine
781 2056 943 2107 inperiti
963 2056 1076 2106 uulgi
1101 2057 1318 2106 frequens,
1348 2058 1424 2097 sed
1452 2057 1543 2096 bar·

143 2110 290 2149 barum
321 2124 403 2151 non
430 2117 494 2151 est
527 2118 803 2162 censeturque
834 2113 996 2163 linguae
1021 2113 1204 2152 Graecae
1233 2113 1411 2163 origine3
1445 2110 1542 2152 em?-

145 2169 273 2212 vovg’
306 2168 411 2206 enirn
439 2169 583 2208 Graeci
612 2175 872 2209 uocauerunt
901 2168 1017 2209 breui
1043 2174 1168 2218 atque
1195 2169 1336 2209 humi.i
1365 2180 1543 2220 corpore

145 2220 333 2261 homines
356 2226 524 2272 paulum
553 2236 679 2275 supra
707 2230 856 2265 terram
888 2229 1076 2265 extantes
1107 2225 1233 2275 idque
1258 2225 1314 2265 ita
1339 2226 1530 2275 dixerunt
1570 2275 1578 2280 .
