1635 2492
618 440 678 501 Α.
725 440 1028 503 GELLII

150 589 447 667 Nocrlvtl
486 587 1127 775 ᾹΤΤΙῦόὶἑίὓῖιῖῗῗνέΙΒΕΒ
1169 585 1494 663 SEPTIMVS

806 968 839 1011 1.

109 1057 222 1104 Quod
243 1058 374 1096 Gallus
396 1060 555 1096 Asinius
578 1065 613 1096 et
638 1061 800 1108 Largius
827 1062 1031 1106 Licin(i)us
1057 1060 1283 1096 sententiam
1305 1059 1357 1094 M.
1383 1057 1532 1094 Cicero-

168 1117 227 1152 nis
252 1116 582 1163 reprehenderunt
603 1129 651 1153 ex
671 1119 864 1162 oratione,
889 1129 1003 1165 quam
1026 1117 1120 1154 dixit
1148 1128 1217 1163 pro
1240 1116 1292 1152 M.
1317 1115 1467 1159 Caelio;
1501 1119 1536 1151 et

169 1172 261 1220 quid
276 1172 465 1210 aduersus
485 1173 661 1211 homines
684 1175 955 1212 stolidissimos
979 1186 1048 1222 pro
1068 1173 1203 1210 eadem
1222 1173 1410 1209 sententia
1431 1183 1534 1207 mere

170 1229 361 1278 digneque
385 1230 459 1266 dici
482 1232 618 1278 possit.

182 1318 246 1380 Vt
263 1340 434 1390 quidam
467 1342 635 1381 suerunt
666 1347 855 1381 monstra
881 1340 1116 1386 hominum,
1151 1342 1264 1389 quod
1299 1341 1352 1380 de
1383 1340 1448 1379 dis
1479 1340 1537 1379 in·
1560 1347 1580 1381 1

112 1397 360 1439 mortalibus
377 1396 527 1447 impias
552 1398 768 1447 salsasque
787 1397 1008 1447 opiniones
1030 1396 1327 1446 prodiderunt,
1357 1396 1413 1435 ita
1435 1408 1537 1437 non-

111 1455 212 1496 nulli
239 1459 324 1494 tam
349 1453 584 1504 prodigiosi
607 1459 777 1503 tamque
807 1454 1017 1493 uecordes
1044 1452 1289 1500 extiterunt,
1320 1453 1360 1492 in
1385 1452 1536 1501 quibus

112 1517 210 1552 sunt
227 1511 408 1551 Gallus
425 1510 640 1550 Asinius
660 1516 701 1550 et
722 1510 940 1560 Largius
962 1508 1108 1548 Licin
1125 1509 1263 1557 (i)us‚
1299 1509 1416 1549 cuius
1435 1509 1538 1549 liber

111 1568 236 1608 etiam
261 1568 392 1606 fertur
406 1566 578 1607 infando
598 1567 715 1607 titulo
737 1566 1137 1613 Ciceromastix,
1172 1572 1216 1605 ut
1241 1566 1428 1605 scribere
1446 1566 1538 1606 ausi

112 1623 215 1673 sint,
246 1624 302 1663 M.
330 1622 633 1663 Ciceronem
663 1635 812 1674 parum
832 1624 993 1673 integre
1015 1628 1141 1672 atque
1166 1623 1381 1673 inproprie
1410 1628 1536 1673 atque

111 1679 425 1722 inconsiderate
445 1681 645 1720 locutum.
706 1683 849 1731 Atque
866 1679 946 1719 alia
968 1679 1150 1729 quidem,
1181 1691 1289 1729 quae
1310 1680 1535 1729 reprehen-
1557 1691 1580 1726 2

112 1739 286 1786 derunt,
318 1748 457 1788 neque
482 1737 594 1777 dictu
623 1748 761 1787 neque
786 1737 930 1777 auditu
958 1736 1082 1786 digna
1106 1742 1223 1785 sunt,
1259 1737 1336 1776 sed
1362 1736 1471 1775 enim
1495 1736 1535 1777 in
1555 1746 1578 1782 3

111 1796 216 1844 hoc,
248 1794 289 1834 in
310 1805 394 1844 quo
413 1794 579 1834 sibimet
595 1793 675 1844 ipsi
693 1800 860 1843 praeter
882 1800 1021 1833 cetera
1043 1804 1140 1833 esse
1163 1793 1245 1834 uisi
1266 1798 1365 1834 sunt
1385 1794 1536 1834 uerbo-

113 1864 204 1892 rum
240 1850 524 1902 pensitatores
562 1850 840 1899 subtilissimi,
882 1851 1010 1898 cedo,
1051 1851 1174 1899 quale
1212 1849 1254 1890 id
1288 1850 1359 1898 sit,
1399 1850 1535 1890 consi-

113 1909 324 1948 deremus.

195 1966 251 2005 M.
295 1965 480 2006 Cicero
517 1977 613 2016 pro
645 1965 700 2004 M.
746 1964 916 2005 Caelio
955 1964 1011 2004 ita
1047 1965 1209 2006 scribit:
1243 1966 1359 2005 Nam
1393 1967 1579 2017 quod4

114 2022 382 2063 obiectum
413 2028 495 2062 est
522 2023 583 2063 de
623 2021 884 2073 pudicitia
917 2023 1165 2073 quodque
1198 2023 1421 2063 omnium
1452 2034 1534 2062 ac·

113 2084 419 2120 cusatorum
452 2091 555 2120 non
597 2079 925 2129 criminibus,
967 2080 1059 2119 sed
1100 2080 1331 2120 uocibus
1374 2082 1534 2119 male-

112 2135 390 2186 dictisque
412 2137 741 2176 eelebratum
760 2141 855 2183 est,
874 2135 922 2175 id
940 2148 1210 2187 numquam
1231 2143 1328 2176 tam
1347 2137 1535 2177 acerbe

114 2193 321 2234 feretM.
345 2192 574 2242 Caelius,
605 2199 658 2234 ut
680 2205 789 2233 eum
810 2193 1098 2244 paeniteat,
1131 2206 1231 2234 non
1250 2195 1534 2234 deformem

114 2260 238 2290 esse
258 2256 448 2290 natum.
508 2251 599 2290 Non
630 2250 885 2290 existumant
909 2251 1039 2290 uerbo
1062 2251 1234 2301 proprio
1264 2262 1360 2290 esse
1392 2263 1529 2299 usum,
1547 2259 1569 2292 5
