1635 2492
593 34 699 74 XIII.
742 45 829 74 xxx.
863 39 971 84 (xx.)
1444 37 1498 79 91

91 149 161 201 qui
179 147 355 196 admisit,
388 147 464 188 sed
486 147 600 199 quod
617 147 845 188 admissum
867 154 950 197 est,
988 154 1028 189 et
1047 149 1128 189 ‘hic
1145 149 1353 198 tributus’,
1385 152 1500 201 quod

90 206 319 246 ‘tributum’
338 216 418 246 nos
436 204 624 247 dicimus.
643 215 667 244 a
687 204 901 255 plerisque
915 211 1104 246 ueterum
1123 206 1231 246 dicta
1249 212 1358 246 sunt.
1389 208 1497 248 ‘Hic’

90 273 261 314 quoque
278 262 530 312 ‘adlegatus’
555 266 597 300 et
617 260 699 300 ‘hic
724 261 961 303 arbitratus’
987 275 1064 313 pro
1089 263 1385 313 ‘adlegatione'
1402 277 1498 315 pro·

90 331 172 370 que
190 318 490 359 ‘arbitratione'
511 317 723 366 dicuntur,
758 329 839 368 qua
857 319 1017 360 ratione
1039 325 1226 367 seruata,
1260 321 1494 362 ‘arbitratu'

88 381 130 417 et
150 376 362 426 ‘adlegatu
389 377 500 414 meo'
519 374 706 415 dicimus.
770 375 838 415 Sic
860 375 983 425 igitur
998 376 1047 416 in
1073 376 1353 418 manifesto
1379 391 1405 429 p
1418 390 1440 417 e
1453 384 1554 418 c-20

88 437 208 473 catu
225 431 347 481 dixit,
376 436 422 472 ut
448 431 506 471 ‘in
529 431 748 472 manifesto
775 432 954 473 incestu’
978 439 1146 474 ueteres
1167 433 1377 483 dixerunt,
1410 447 1494 475 non

88 489 188 541 quin
212 489 402 530 Latinum
424 493 539 529 esset
563 492 576 510 ‘
590 492 791 540 peccato'
822 489 983 538 dicere,
1017 491 1093 530 sed
1111 489 1207 541 quia
1224 490 1263 529 in
1292 492 1385 532 loco
1410 491 1490 532 isto

86 547 271 598 positum
290 545 479 586 subtilius
505 546 557 585 ad
575 557 716 586 aurem
734 546 984 597 molliusque
1002 552 1080 587 est.

170 602 453 654 Lucretius
477 614 609 653 aeque
633 602 801 643 auribus
825 603 1059 644 inseruiens
1080 607 1091 626 ‘
1105 605 1270 644 sunem'
1297 603 1493 644 feminino
1505 611 1547 646 21

85 671 240 711 genere
257 659 481 711 appellauit
499 659 539 699 in
566 659 682 700 hisce
699 659 912 701 uersibus:

141 741 304 789 Haut,
344 743 452 789 [ut]
486 739 699 790 opinor,
738 740 866 780 enim
907 741 1152 781 mortalia
1187 744 1368 781 saecla
1409 753 1494 781 su-

923 809 1088 848 perne

141 855 316 894 Aurea
339 853 400 893 de
422 855 572 894 caelo
597 852 809 893 demisit
833 854 971 894 funis
995 855 1042 894 in
1069 866 1213 902 arua,

86 956 179 985 cum
204 944 344 985 dicere
360 943 551 985 usitatius
576 950 768 984 manente
792 956 963 985 numero
983 951 1151 996 posset:

142 1026 324 1065 ‘Aureus
347 1035 370 1064 e
391 1025 505 1065 caelo
533 1023 697 1064 demisit
719 1024 826 1064 funis
853 1024 892 1064 in
916 1029 1049 1065 arua’.

171 1114 425 1155 Sacerdotes
452 1125 619 1164 quoque
642 1113 815 1154 feminas
834 1115 886 1155 M.
913 1114 996 1154 Cic
1012 1126 1098 1154 ero
1126 1113 1363 1154 ‘antistitas'
1382 1112 1491 1161 dicit,
1505 1119 1550 1154 22

85 1183 170 1213 non
195 1171 426 1211 secundum
449 1170 758 1220 grammaticam
784 1172 918 1221 legem
947 1171 1203 1211 ‘antistites'.
1264 1172 1366 1211 Nam
1398 1181 1491 1210 cum

82 1227 327 1269 insolentias
359 1227 586 1268 uerborum
619 1237 643 1266 a
671 1227 881 1268 ueteribus
916 1228 1120 1268 dictorum
1156 1229 1404 1278 plerumque
1430 1238 1491 1267 re-

83 1289 273 1337 spueret,
305 1283 427 1324 huius
457 1288 595 1323 tamen
632 1284 750 1324 uerbi
778 1284 818 1324 in
850 1295 899 1323 ea
920 1290 1038 1335 parte
1066 1284 1206 1324 sonitu
1237 1285 1488 1325 delectatus:

83 1342 433 1389 Sacerdotes,
469 1339 621 1391 inquit,
652 1340 857 1381 Cereris
890 1346 1045 1392 atque
1085 1341 1227 1382 illius
1260 1340 1367 1381 fani
1409 1352 1491 1380 an-

81 1398 302 1439 tistitae.
362 1399 510 1448 Vsque
535 1397 641 1438 adco
667 1397 705 1436 in
728 1397 977 1448 quibusdam
994 1409 1132 1449 neque
1148 1397 1352 1439 rationem
1372 1397 1491 1438 uerbi
1503 1402 1548 1438 23

81 1467 220 1506 neque
243 1454 611 1502 consuetudinem,
644 1455 721 1495 sed
750 1456 882 1495 solam
912 1466 1053 1495 aurem
1084 1455 1215 1495 secuti
1249 1459 1368 1501 sunt,
1402 1454 1489 1495 suis

80 1513 210 1552 uerba
233 1510 412 1552 modulis
449 1511 740 1561 pensitantem.
803 1512 944 1561 Quod
981 1512 1064 1562 qui
1097 1523 1195 1552 non
1233 1512 1549 1557 sentiunt‚24

78 1568 213 1619 inquit
231 1567 340 1608 idem
358 1568 451 1618 ipse
466 1568 520 1607 Μ.
542 1567 724 1608 Cicero
741 1600 750 1615 ,
782 1579 874 1609 cum
901 1570 952 1608 de
973 1580 1198 1609 numerosa
1223 1573 1264 1608 et
1281 1574 1378 1619 apta
1399 1579 1489 1608 ora-

80 1625 194 1667 tione
211 1625 455 1672 dissereret,
488 1635 618 1674 quas
651 1624 790 1665 auris
819 1626 1043 1665 habeant
1075 1630 1158 1664 aut
1187 1624 1308 1675 quid
1336 1624 1384 1664 in
1408 1624 1487 1664 his

80 1681 302 1724 hominis
325 1681 493 1722 simile
517 1681 604 1729 sit,
638 1681 830 1722 nescio.

161 1739 266 1779 Illud
281 1750 382 1779 uero
403 1737 641 1789 cumprimis
668 1738 779 1788 apud
794 1739 1069 1778 Homerum
1095 1742 1262 1777 ueteres
1288 1744 1544 1788 gramma-25

78 1794 149 1835 tici
165 1795 491 1843 adnotauerunt,
521 1795 656 1844 quod,
691 1805 782 1834 cum
808 1794 983 1835 dixisset
1004 1795 1186 1845 quodam
1206 1794 1246 1834 in
1270 1795 1364 1834 loco
1390 1806 1488 1834 κο-

79 1848 278 1900 λοιούς
305 1865 364 1892 τε
398 1848 576 1904 ψῆράς
604 1863 683 1904 τε,
713 1851 791 1891 alio
817 1851 857 1890 in
886 1853 979 1892 loco
1007 1863 1091 1892 non
1112 1850 1289 1904 εψηρῶν
1314 1855 1391 1899 τε’,
1424 1856 1489 1891 set

78 1909 265 1961 ψαρῶν
301 1908 422 1948 dixit:

141 1988 258 2029 Τῶν
288 1982 339 2028 δ’
381 1982 453 2037 ὥς
487 2001 549 2028 τε
587 1987 778 2039 ψαρῶν
814 1985 983 2039 νέφος
1022 1986 1240 2040 ἔρχεται
1282 1983 1347 2040 ἠὲ
1384 2000 1488 2027 κο-

920 2045 978 2084 λο
991 2044 1088 2084 ιῶν
1105 2074 1116 2096 ,

79 2139 249 2175 secutus
270 2146 354 2175 non
373 2145 648 2182 communem,
684 2134 760 2174 sed
782 2131 994 2184 propriam
1016 2133 1056 2173 in
1075 2145 1244 2184 quoque
1266 2132 1385 2173 uocis
1404 2132 1486 2173 situ

77 2190 395 2239 iucunditatem3
427 2202 522 2231 nam
543 2190 578 2230 si
599 2192 771 2230 alterum
802 2189 842 2229 in
867 2191 996 2230 altero
1027 2192 1119 2230 loco
1143 2201 1300 2240 ponas,
1331 2195 1486 2230 utrum·

80 2257 163 2297 que
182 2246 329 2288 feceris
351 2247 490 2288 sonitu
505 2247 693 2287 insuaue.
