1619 2476
105 71 163 112 30
566 71 713 107 INDEX
746 69 1107 107 CAPITVLORVM.

107 178 425 234 ὁμολογουμένου
463 185 660 231 posuissc3
703 187 894 228 totumque
932 181 970 218 Id
1002 181 1278 218 consideratius
1317 185 1516 217 tractatum
1586 196 1589 198 ·

108 243 434 288 exploratumque.

220 297 284 331 VI.
315 297 466 331 Falsum
484 307 572 331 esse
585 325 593 339 ,
620 295 720 341 quod
736 296 894 330 Verrius
911 294 1071 331 Flaccus
1090 296 1132 330 in
1147 295 1240 330 libro
1258 293 1315 338 IL,
1347 304 1442 340 quos
1467 293 1514 329 de
1542 321 1545 325 i

109 354 280 390 obscuris
311 353 362 387 M.
396 351 547 387 Catonis
585 353 817 397 composuit,
859 350 906 386 de
945 361 1055 386 seruo
1094 350 1297 396 recepticio
1335 350 1515 396 scriptum
1547 341 1619 404 ζὲζζ

110 411 270 456 reliquit.

219 464 300 499 VII.
343 464 469 500 Verba
508 464 604 500 haec
646 475 693 499 ex
721 464 849 499 Atinia
879 463 984 509 lege:
1031 461 1141 506 Quod
1176 462 1394 508 subruptum
1432 462 1515 505 erit,
1552 468 1593 511 ⁵⁵.

109 524 190 558 clus
228 522 283 556 rei
328 525 482 556 aeterna
516 522 718 556 auctoritas
758 524 857 562 esto,
903 519 944 554 P.
985 517 1138 565 Nigidio
1181 522 1216 553 et
1263 518 1308 562 Q.
1350 517 1517 555 Scaeuo-
1582 529 1591 563 3

110 580 167 613 lae
202 578 290 613 uisa
319 587 405 611 esse
437 587 509 611 non
541 578 663 611 minus
699 575 745 611 de
775 576 976 622 praeterito
1008 575 1126 618 furto,
1167 585 1279 620 quam
1314 574 1361 610 de
1393 575 1515 609 futuro

110 635 274 670 cauisse.

220 689 316 724 VIII.
348 689 387 723 In
406 690 640 724 sermonibus
667 687 767 734 apud
798 698 967 723 mensam
997 686 1108 722 Tauri
1138 686 1354 734 philosophi
1385 687 1514 732 quaeri
1573 669 1583 731 Α.

110 746 317 793 agitarique
335 744 522 780 eiusmodi
540 745 667 780 solita:
697 754 761 779 cur
781 744 901 779 oleum
923 753 1038 789 saepe
1064 748 1099 779 ct
1122 744 1250 787 facile,
1282 743 1371 778 uina
1393 743 1516 778 rarius

110 802 394 848 congelascant,
425 805 571 836 acetum
600 801 689 836 haut
717 801 791 834 scrc
822 810 1017 846 umquam,
1051 804 1086 835 et
1111 799 1212 846 quod
1237 809 1358 846 aquae
1383 798 1515 834 fluuio-
1567 791 1591 824 's

109 869 190 893 rum
209 858 437 904 sontiumque
454 857 651 900 durentur,
686 867 785 891 mare
804 857 891 903 gelu
908 867 982 891 non
1001 856 1167 892 duretur.

223 914 334 948 VIIII.
370 914 422 948 Dc
453 914 549 949 notis
578 915 786 955 literarum,
820 923 913 958 quae
943 913 979 946 in
1006 911 1045 948 C.
1072 912 1244 949 Caesaris
1272 911 1441 958 epistulis
1458 922 1516 946 re-

109 970 321 1016 periuntur3
349 969 468 1016 dcquc
486 970 568 1005 aliis
588 969 830 1004 clandestinis
849 969 962 1003 literis
981 979 1028 1003 cx
1045 973 1170 1004 uctcre
1194 968 1350 1004 historIa
1367 968 1513 1014 petitis;

110 1030 144 1061 et
163 1026 252 1072 quid
269 1018 443 1073 σκυτάλη
460 1027 505 1061 sit
522 1027 697 1061 Laconia.

220 1082 266 1117 X.
313 1081 411 1126 Quid
429 1082 475 1117 dc
501 1083 672 1117 uersibus
689 1082 846 1128 Vergilii
869 1081 1077 1118 Fauorinus
1095 1082 1348 1124 existumarit,
1380 1080 1513 1126 quibus

110 1139 146 1173 in
165 1137 413 1173 describenda
429 1137 626 1185 flagrantia
651 1139 784 1173 montis
801 1138 945 1173 Aetnae
961 1138 1163 1174 Pindarum
1185 1141 1335 1184 poetam
1363 1139 1514 1172 secutus

110 1199 185 1238 est3
233 1196 454 1241 conlataque
493 1196 538 1230 ab
581 1206 624 1229 co
665 1205 776 1240 super
810 1193 943 1229 cadem
982 1205 1020 1229 rc
1052 1195 1246 1240 utriusque
1283 1193 1450 1229 earmina
1479 1195 1516 1227 et
1572 1181 1615 1248 ᾖ,

110 1250 285 1286 iudicata.

219 1307 283 1342 XI.
326 1307 435 1351 Quod
452 1307 670 1342 Plutarchus
690 1307 726 1341 in
751 1307 853 1342 libris
882 1307 1133 1352 Symposiacis
1158 1306 1371 1352 opinionem
1394 1304 1514 1340 Plato·
1577 1349 1583 1353 ἢ

108 1364 166 1398 nis
191 1362 237 1398 de
263 1363 392 1398 habitu
417 1368 526 1409 atque
552 1368 681 1398 natura
706 1363 888 1398 stomachi
917 1362 1138 1408 fistulaeque
1169 1363 1272 1405 eius,
1303 1371 1399 1408 quae
1421 1372 1513 1410 τρα-

108 1418 192 1467 χεῐα
206 1418 359 1462 dicitur,
393 1419 595 1455 aduersum
611 1419 877 1455 Erasistratum
894 1418 1082 1454 medicum
1098 1422 1234 1460 tutatus
1252 1421 1329 1462 est,
1355 1417 1513 1454 auetori—
1569 1432 1583 1440 .-
1602 1416 1615 1473 ζ

108 1479 181 1510 tate
198 1475 364 1511 adhibita
381 1476 521 1522 antiqui
538 1475 676 1511 medici
693 1475 944 1522 Hippocratis.

220 1541 299 1575 XII.
330 1541 383 1576 De
410 1542 576 1576 materiis
599 1542 818 1586 infamibus,
852 1553 944 1588 quas
963 1542 1094 1578 Graeci
1120 1533 1286 1587 ἀδόξους
1310 1541 1511 1588 appellant,
1563 1549 1566 1551 ·
1592 1551 1594 1554 ·

109 1608 132 1633 a
147 1598 332 1632 Fauorino
352 1598 552 1633 exercendi
579 1599 699 1645 gratia
720 1598 933 1644 disputatis.

219 1664 315 1699 XIII.
361 1664 457 1708 Quin
486 1665 670 1711 particula
711 1669 798 1711 quot
839 1665 1043 1711 qualesque
1081 1664 1282 1700 uarietates
1323 1663 1513 1710 significa-
1591 1669 1608 1707 2¹,

108 1720 217 1756 tionis
247 1720 385 1756 habeat
414 1725 449 1756 et
478 1732 588 1767 quam
620 1732 734 1768 saepe
765 1723 801 1756 ln
827 1725 995 1756 ueterum
1025 1720 1173 1766 scriptis
1204 1721 1367 1756 obscura
1395 1719 1455 1755 sit.

219 1787 331 1823 XIIII.
371 1787 586 1824 Sententiae
604 1799 651 1823 ex
664 1789 782 1824 Publii
799 1788 921 1823 mimis
940 1787 1101 1822 selectae
1117 1786 1333 1832 lepidiores.

220 1854 304 1890 XV.
351 1855 460 1899 Quod
478 1855 693 1892 Carneades
710 1855 962 1890 Academicus
983 1855 1145 1890 elleboro
1171 1852 1403 1889 stomachum
1425 1863 1513 1899 pur-
1583 1883 1589 1891 .

108 1911 211 1958 gauit
242 1912 447 1957 scripturus
479 1911 663 1948 aduersus
690 1912 849 1947 Zenonis
877 1910 992 1948 Stoici
1026 1910 1196 1954 decreta3
1227 1909 1350 1978 deque
1379 1913 1533 1945 natura

107 1966 343 2013 medellaque
361 1969 515 2004 ellebori
533 1967 685 2003 candidi
703 1972 738 2003 et
753 1969 863 2015 nigri.

220 2034 320 2069 XVL
357 2035 498 2071 Anates
514 2036 688 2071 Ponticas
706 2036 781 2070 uim
797 2035 936 2070 habere
958 2034 1115 2070 uenenis
1141 2029 1359 2079 dIgerendis
1381 2008 1512 2078 poten·
1555 2030 1569 2047 ³

109 2093 203 2133 te1n;
235 2094 344 2136 atque
374 2091 463 2126 inibi
500 2091 546 2126 de
577 2091 781 2127 Mithridati
811 2091 912 2137 regis
944 2091 982 2125 in
1015 2089 1053 2125 id
1083 2099 1204 2136 genus
1228 2086 1512 2123 medicamentis
1544 2080 1565 2133 ’ᾖ

112 2145 289 2180 sollertia.

221 2200 337 2235 XVII.
375 2201 645 2246 Mithridatem,
679 2203 783 2238 Ponti
815 2212 963 2248 regem,
1002 2201 1165 2247 quinque
1194 2203 1230 2235 et
1258 2199 1390 2246 uiginti
1420 2209 1511 2245 gen-
1556 2226 1565 2229 <

109 2255 199 2292 tium
237 2256 374 2304 linguis
410 2258 594 2301 locutu1n;
644 2258 890 2304 Quintumque
927 2257 1084 2293 Ennium
1118 2256 1189 2292 tria
1224 2256 1342 2292 corda
1370 2255 1510 2291 habere
1562 2252 1565 2258 '
