1635 2492
580 30 673 71 XV.
697 41 770 70 xx.
787 41 876 70 xm.
893 41 994 71 xxn.
1343 5 1349 10 ⁸
1419 34 1500 77 141

163 146 225 195 Is,
264 155 360 186 cum
395 143 438 184 in
473 143 723 185 Macedonia
760 144 875 194 apud
913 145 1167 186 Archelaum
1203 158 1345 198 regem
1387 155 1540 191 esset9

75 208 350 254 utereturque
376 213 427 242 eo
453 212 530 242 rex
551 200 822 249 familiariter,
847 201 1015 243 rediens
1038 209 1164 244 nocte
1190 205 1241 244 ab
1270 205 1359 246 eius
1383 217 1498 255 cena,

77 260 251 301 canibus
275 270 301 300 a
321 259 507 310 quodam
530 259 695 300 aemulo
721 257 907 299 inmissis
931 259 1181 302 dilaceratus
1211 267 1277 303 est
1306 268 1346 303 ct
1366 275 1418 304 ex
1435 263 1498 304 his

75 316 320 359 uulneribus
346 328 461 357 mors
487 322 632 357 secuta
656 320 734 357 est.
797 315 1047 367 Sepulcrum
1074 323 1211 359 autem
1241 319 1330 360 eius
1357 327 1397 361 et
1418 332 1499 361 me-
1513 328 1558 362 10

75 374 251 416 moriam
281 374 540 415 Macedones
578 385 628 415 eo
659 373 816 435 dignati
851 378 950 414 sunt
977 374 1158 425 honore,
1195 382 1242 417 ut
1268 376 1309 416 in
1341 378 1498 428 gloriae

77 443 251 500 quoque
266 433 362 473 loco
382 430 697 482 praedicarent:
731 424 917 471 (οὔποτε
939 427 1023 472 σὸν
1044 433 1212 487 μνῆμα,
1234 429 1497 488 Εὐρίπιόες,

75 483 230 530 ὅλοιτό
250 492 357 530 κου’
363 520 375 542 ,
408 489 522 539 quod
540 487 734 539 egregius
754 493 891 539 poeta,
915 494 1050 529 morte
1070 491 1221 539 obitus,
1249 493 1466 541 sepultus'
1458 504 1497 532 m

76 558 224 588 eorum
246 551 360 586 terra
386 546 507 587 soret.
570 545 850 596 Quamobrem
869 557 962 586 cum
987 547 1110 598 legati
1133 549 1184 588 ad
1203 560 1277 588 eos
1297 549 1348 588 ab
1371 550 1498 590 Athe-

75 603 294 645 niensibus
315 603 432 644 missi
449 601 667 654 petissent,
686 609 731 643 ut
748 614 848 644 ossa
864 604 1080 644 Athenas
1071 617 1111 645 m
1133 611 1284 646 terram
1303 606 1410 646 illius
1428 618 1498 657 pa-

74 661 197 701 triam
214 660 504 713 permitterent
528 660 767 709 transferri,
800 660 980 703 maximo
1006 673 1220 704 consensu
1238 663 1496 705 Macedones

74 718 114 759 in
137 730 188 760 ea
208 730 254 759 re
272 718 522 769 deneganda
538 718 826 768 perstiterunt.

732 832 841 873 XXI.

76 915 188 962 Quod
211 927 233 952 a
257 916 380 964 poetis
407 915 508 952 Iouis
534 914 599 952 filii
625 916 912 963 prudentissimi
936 916 1300 965 humanissimique,
1334 917 1496 965 Neptuni

299 978 423 1010 autern
440 973 666 1010 ferocissimi
685 978 720 1010 ct
742 975 1045 1011 inhumanissimi
1064 975 1275 1011 traduntur.

161 1062 551 1103 Praestantissimos
569 1062 734 1112 uirtute,
765 1064 1009 1113 prudentia,
1042 1063 1220 1112 uiribus,
1250 1063 1362 1104 Iouis
1386 1062 1495 1104 filios
1519 1060 1537 1093 1

76 1125 232 1171 poetae
259 1120 598 1171 appellauerunt,
632 1126 678 1160 ut
702 1123 889 1160 Aeacum
921 1126 962 1160 et
992 1120 1133 1162 Minoa
1161 1125 1201 1160 et
1223 1120 1493 1171 Sarpedona;

77 1176 366 1218 ferocissimos
390 1181 431 1216 et
451 1176 640 1217 inmanes
659 1182 699 1216 et
720 1177 879 1218 alienos
899 1178 950 1218 ab
969 1178 1079 1219 omni
1097 1177 1365 1226 humanitate,
1395 1184 1496 1218 tam-

78 1245 204 1284 quam
227 1245 250 1274 e
279 1233 382 1274 mari
416 1233 604 1284 genitos,
636 1234 815 1285 Neptuni
848 1234 956 1275 filios
989 1234 1204 1282 dixerunt,
1240 1235 1426 1286 Cyclopa
1457 1241 1496 1274 et

78 1292 296 1342 Cercyona
315 1295 356 1332 et
373 1290 550 1331 Scirona
571 1296 613 1331 et
631 1291 960 1342 Laestrygonas.

722 1405 847 1446 XXII.

75 1487 240 1524 Historia
257 1486 304 1524 de
322 1485 490 1524 Sertorio
503 1517 511 1532 ‚
539 1489 697 1537 egregio
717 1488 813 1525 duce
829 1518 836 1532 ‚
863 1488 985 1536 deque
1004 1494 1087 1525 astu
1103 1491 1184 1526 eius
1204 1490 1495 1527 commenticiis-

133 1555 205 1592 que
227 1545 500 1582 simulamentis
513 1574 522 1590 ,
547 1546 682 1593 quibus
701 1545 749 1582 ad
765 1547 947 1583 barbaros
975 1547 1112 1584 milites
1137 1546 1388 1584 continendos
1406 1558 1494 1583 con-

132 1601 395 1649 ciliandosque
415 1603 485 1639 sibi
505 1604 689 1641 utebatur.

162 1689 396 1739 Sertorius,
427 1690 492 1730 uir
512 1701 609 1730 acer
635 1690 915 1742 egregiusque
947 1692 1050 1740 dux,
1079 1699 1119 1732 et
1139 1691 1282 1732 utendi
1300 1691 1489 1742 regendi·
1508 1700 1528 1734 1

78 1758 160 1798 que
181 1746 391 1788 exercitus
417 1746 577 1798 peritus
596 1747 682 1788 suit.
744 1748 783 1788 Is
815 1748 854 1788 in
883 1749 1143 1800 temporibus
1166 1748 1416 1789 difficillimis
1450 1755 1529 1792 et2

77 1804 355 1846 mentiebatur
380 1805 433 1845 ad
456 1804 629 1854 milites,
663 1804 699 1845 si
719 1805 982 1846 mendacium
1012 1807 1260 1857 prodesset,
1293 1812 1334 1846 et
1353 1805 1493 1846 literas

78 1861 337 1912 compositas
359 1873 437 1912 pro
456 1862 568 1902 ueris
593 1862 760 1913 legebat
781 1868 821 1902 et
839 1863 1048 1904 somnium
1065 1864 1286 1904 simulabat
1302 1869 1343 1904 et
1364 1863 1492 1904 falsas

76 1917 303 1969 religiones
336 1919 599 1968 conferebat,
631 1919 665 1960 si
699 1919 798 1970 quid
828 1920 931 1960 istae
955 1932 1023 1960 res
1055 1932 1150 1961 eum
1175 1921 1287 1972 apud
1319 1920 1492 1961 militum

77 1975 239 2016 animos
271 1975 537 2017 adiuuabant.
600 1977 703 2017 Illud
736 1976 841 2017 adeo
866 1976 1026 2018 Sertori
1054 1978 1194 2019 nobile
1219 1983 1302 2018 est:
1339 1979 1471 2018 Cerua
1487 1984 1550 2021 ΒΑ

77 2032 171 2072 alba
189 2031 365 2073 eximiae
385 2033 744 2084 pulcritudinis'et
770 2033 1064 2075 uiuacissimae
1087 2035 1308 2076 celeritatis
1331 2047 1354 2075 a
1379 2035 1492 2076 Lusi-

76 2094 175 2130 tano
201 2088 240 2130 ei
257 2089 442 2140 quodam
465 2091 577 2132 dono
597 2091 693 2131 data
710 2096 786 2131 est.
848 2092 965 2131 Hanc
989 2091 1066 2132 sibi
1094 2094 1274 2133 oblatam
1293 2092 1490 2133 diuinitus
1508 2101 1528 2134 ὁ

77 2150 119 2187 et
139 2146 377 2188 instinctam
397 2147 553 2188 Dianae
574 2148 741 2189 numine
768 2147 966 2199 conloqui
999 2160 1142 2190 secum
1167 2161 1425 2200 monereque
1453 2155 1494 2190 et

76 2203 247 2253 docere,
279 2215 388 2255 quae
403 2204 516 2245 utilia
537 2206 647 2246 factu
668 2211 822 2254 essent,
853 2206 1114 2256 persuadere
1132 2208 1323 2248 omnibus
1346 2206 1492 2247 institit

79 2270 143 2310 ac,
171 2260 323 2312 siquid
345 2261 490 2303 durius
509 2262 741 2312 uidebatur,
775 2263 888 2313 quod
905 2263 1195 2314 imperandum
1214 2265 1409 2305 militibus
1433 2265 1491 2304 fo·
