1635 2492
595 23 664 62 ΧΙ.
697 33 784 62 xvr.
812 33 916 63 xv11.
1416 20 1471 62 45

51 138 166 189 quod
182 149 267 180 non
282 136 500 188 insigniter
529 148 725 188 asperum
753 137 1068 188 absurdumque
1095 141 1221 186 esset,
1241 136 1277 177 si
1300 147 1352 176 ex
1371 137 1471 176 mul-

48 195 226 235 titudine
251 200 294 235 et
313 193 484 245 negotio
502 194 679 234 uerbum
696 206 826 234 unum
845 193 1177 245 compingerem,
1205 193 1326 234 sicuti
1344 196 1356 216 (
1369 194 1471 233 inul-

50 251 201 303 tiiuga'
220 251 396 293 dicimus
415 256 456 291 ct
473 254 485 274 ἓ
499 249 764 292 multicolora
777 254 790 273 '
819 256 860 291 et
878 254 890 274 ‘
906 250 1213 292 multiformia'.
1277 251 1362 292 Sed
1380 262 1464 291 non
1485 256 1505 289 5

49 308 186 350 minus
204 308 388 361 inlepide
411 307 468 349 ita
497 308 726 357 diceretur,
760 320 886 359 quam
915 308 950 349 si
973 307 1236 359 interpretari
1261 319 1369 349 uoce
1385 319 1469 348 una

48 365 157 407 uelis
200 365 533 419 ‘nozvtpth'ocv'
579 369 650 405 aut
687 365 1056 417 ‘nokvtoom'av'
1100 371 1170 406 aut
1206 366 1469 415 ‘nol-vaae-

48 423 192 463 m'av’.
253 422 557 474 Quamobrem,
605 433 699 462 cum
746 422 905 463 diutule
952 422 1102 463 tacitus
1149 422 1190 462 in
1242 421 1466 473 cogitando
1485 426 1507 462 6

47 479 243 529 fuissem,
274 480 477 532 respondi
493 480 682 528 tandem,
713 491 796 520 non
815 479 948 520 uideri
974 479 1090 528 mihi,
1124 479 1352 531 significari
1378 491 1469 519 eum

48 549 137 578 rem
159 549 290 589 posse
306 549 391 579 uno
410 536 598 585 nomine;
630 535 787 577 idcirco
807 536 948 577 iuncta
975 539 1185 585 oratione,
1221 537 1320 588 quid
1344 537 1470 577 uellet

48 596 256 636 Graecum
276 595 319 635 id
341 595 537 643 uerbum,
569 605 760 645 pararam
794 594 948 634 dicere.

133 662 218 703 <Ad
243 663 394 702 multas
426 660 550 712 igitur
578 672 647 701 res
679 661 902 712 adgressio
936 672 1166 711 earumque
1194 661 1379 702 omnium
1405 672 1468 701 re·

46 730 139 759 rum
171 718 280 760 actio
307 715 827 771 ‘nokvacoayitoozivn'’,
861 718 1051 769 inquam,
1085 719 1271 758 eGraece
1304 718 1467 767 dicitur,

48 776 102 816 de
133 787 215 826 qua
248 776 360 816 hunc
395 775 544 816 librum
579 775 847 826 conpositum
885 787 1003 823 esse,
1044 775 1261 827 inscriptio
1300 775 1380 816 ista
1411 775 1468 816 in-

47 831 202 873 dicat'.
264 833 368 872 Turn
400 832 467 872 ille
507 832 655 883 opicus
686 832 790 872 meis
825 832 965 873 uerbis
998 832 1176 873 incoatis
1211 838 1251 873 et
1282 833 1507 874 incendi-7

45 889 100 930 tis
142 890 352 930 adductus
397 889 681 939 uirtutemque
723 901 819 930 csse
862 886 1364 943 (πολυπραγμοσύνην
1407 902 1468 931 ra-

46 951 134 988 tus:
184 947 450 994 ‘hortatur’,
497 946 650 997 inquit,
699 950 803 987 <nos
843 948 1034 998 profecto
1082 948 1226 988 nescio
1262 947 1354 998 quis
1402 948 1467 988 hic

47 1004 364 1044 Plutarchus
398 1004 451 1043 ad
486 1003 655 1054 negotia
688 1005 950 1055 capessenda
983 1010 1023 1044 et
1055 1005 1107 1044 ad
1139 1016 1207 1045 res
1249 1005 1466 1046 obeundas

46 1060 247 1111 plurimas
276 1072 370 1101 cum
405 1060 609 1100 industria
642 1067 683 1101 et
711 1062 923 1101 eeleritate
956 1073 1194 1112 nomenque
1221 1061 1352 1112 ipsius
1389 1063 1466 1103 uir-

47 1117 171 1166 tutis,
204 1118 257 1157 de
293 1128 375 1168 qua
405 1119 623 1158 locuturus
657 1124 792 1165 esset,
822 1118 926 1159 libro
946 1118 1048 1168 ipsi,
1079 1119 1202 1159 sicuti
1220 1120 1345 1168 dicis,
1381 1131 1464 1160 non

47 1174 316 1215 incommode
348 1173 661 1225 praescribsit'.
725 1175 958 1224 ‘Minime’,
988 1175 1176 1226 inquam,
1214 1179 1364 1224 euero;
1398 1184 1505 1218 ηεξ-8

48 1242 130 1282 que
164 1231 273 1271 enim
303 1230 383 1272 ista
415 1230 583 1272 omnino
617 1232 750 1272 uirtus
792 1238 876 1281 est,
929 1232 1046 1273 cuius
1093 1234 1252 1274 Graeco
1299 1233 1466 1274 nomine

46 1293 337 1339 argumentum
375 1288 456 1329 hoc
488 1287 579 1328 libri
618 1289 952 1337 demonstratur,
994 1302 1132 1341 neque
1173 1291 1237 1339 id,
1272 1292 1387 1341 quod
1422 1296 1467 1331 tu

47 1345 240 1396 opinare,
289 1350 361 1386 aut
412 1357 491 1396 ego
545 1357 611 1386 me
661 1346 801 1386 dicere
846 1346 980 1387 sentio
1025 1353 1097 1388 aut
1142 1349 1465 1389 Plutarchus

14 1406 17 1407 ’
47 1402 157 1442 facit.
219 1403 409 1446 Deterret
447 1402 557 1442 enim
596 1415 675 1445 nos
709 1404 790 1444 hoc
817 1404 985 1454 quidem
1008 1404 1048 1445 in
1081 1405 1209 1454 libro,
1243 1417 1368 1456 quam
1393 1417 1466 1457 po-

46 1464 129 1500 test
160 1459 360 1508 maxime,
390 1471 414 1499 a
445 1460 561 1500 uaria
593 1460 891 1512 promiscaque
934 1467 974 1501 et
1011 1473 1094 1503 non
1131 1462 1373 1504 necessaria
1404 1474 1466 1503 re-

0 1547 1 1550 *
43 1528 137 1557 rum
177 1516 465 1558 cuiuscemodi
495 1517 764 1568 plurimarum
808 1524 848 1558 et
885 1518 1137 1569 cogitatione
1168 1525 1208 1560 et
1248 1519 1462 1572 petitione.

45 1573 133 1615 Sed
161 1573 327 1622 huius',
359 1573 552 1624 inquam,
594 1575 678 1615 ‘tui
720 1575 874 1616 erroris
919 1577 1084 1626 culpam
1127 1588 1224 1617 esse
1264 1577 1503 1627 intellegoe

43 1629 86 1671 in
118 1641 212 1671 mea
236 1630 395 1672 scilicet
424 1630 684 1680 infacundia‚
717 1632 787 1682 qui
818 1643 869 1672 ne
901 1633 1089 1683 pluribus
1124 1634 1292 1685 quidem
1322 1633 1463 1674 uerbis

7 1691 9 1693 ’
44 1687 253 1739 potuerim
297 1699 381 1729 non
427 1687 725 1729 obscurissime
763 1688 921 1737 dicere,
963 1691 1077 1740 quod
1110 1702 1132 1730 a
1171 1690 1340 1731 Graecis
1373 1702 1464 1742 per·

44 1744 272 1787 rectissime
293 1745 424 1786 uerbo
446 1757 531 1786 uno
555 1751 595 1785 et
617 1744 860 1796 planissime
877 1745 1069 1787 dicitur’.

687 1906 813 1948 xvu.

67 1984 166 2031 Quid
204 1985 395 2034 significet
431 1988 468 2024 in
509 1988 700 2025 ueteribus
738 1991 953 2035 praetorum
990 1987 1144 2025 edictis.-
1190 1988 1253 2036 qui
1288 1987 1443 2026 flumina

381 2043 539 2082 retanda
567 2046 716 2093 publice
751 2044 948 2093 redempta
975 2044 1129 2082 habent.

129 2126 323 2168 Edicta
376 2134 620 2170 ueterum
675 2135 1010 2181 praetorum,
1064 2130 1309 2173 sedentibus
1354 2133 1496 2176 fortel

45 2182 168 2225 nobis
190 2184 230 2224 in
261 2184 516 2227 bibliotheca
545 2186 686 2238 templi
706 2186 870 2227 Traiani
902 2193 941 2227 et
968 2188 1081 2229 aliud
1104 2188 1205 2239 quid
1229 2191 1461 2241 quaerenti-

0 2264 4 2267 ·
44 2238 125 2280 bus
161 2251 255 2282 cum
299 2241 340 2282 in
369 2254 517 2284 manus
551 2243 818 2293 incidissent,
861 2245 1000 2296 legere
1034 2251 1159 2297 atque
1200 2257 1461 2298 cognoscere
