<?xml version="1.0" encoding="UTF-8"?>
<!DOCTYPE html PUBLIC "-//W3C//DTD XHTML 1.0 Transitional//EN"
    "http://www.w3.org/TR/xhtml1/DTD/xhtml1-transitional.dtd">
<html xmlns="http://www.w3.org/1999/xhtml" xml:lang="en" lang="en">
 <head>
  <title>
</title>
<meta http-equiv="Content-Type" content="text/html;charset=utf-8" />
  <meta name='ocr-system' content='tesseract 3.04.00' />
  <meta name='ocr-capabilities' content='ocr_page ocr_carea ocr_par ocr_line ocrx_word'/>
</head>
<body>
  <div class='ocr_page' id='page_1' title='image "./agelliinoctivmat00gelluoft_0387.png"; bbox 0 0 1635 2492; ppageno 0'>
   <div class='ocr_carea' id='block_1_1' title="bbox 355 42 1566 97">
    <p class='ocr_par' dir='ltr' id='par_1_1' title="bbox 355 42 1566 97">
     <span class='ocr_line' id='line_1_1' title="bbox 355 42 1566 97; baseline -0.007 -3"><span class='ocrx_word' id='word_1_1' title='bbox 355 54 461 94; x_wconf 83' lang='lat' dir='ltr'><strong>XIII.</strong></span> <span class='ocrx_word' id='word_1_2' title='bbox 485 64 604 93; x_wconf 85' lang='lat' dir='ltr'>xxv1.</span> <span class='ocrx_word' id='word_1_3' title='bbox 620 42 753 93; x_wconf 71' lang='lat' dir='ltr'><strong>xxvir.</strong></span> <span class='ocrx_word' id='word_1_4' title='bbox 771 61 920 91; x_wconf 86' lang='lat' dir='ltr'><strong>xxvm.</strong></span> <span class='ocrx_word' id='word_1_5' title='bbox 938 53 1056 97; x_wconf 84' lang='lat' dir='ltr'><strong>(xxv.</strong></span> <span class='ocrx_word' id='word_1_6' title='bbox 1076 59 1193 88; x_wconf 80' lang='lat' dir='ltr'><strong>xxvr.</strong></span> <span class='ocrx_word' id='word_1_7' title='bbox 1214 51 1367 95; x_wconf 80' lang='lat' dir='ltr'><strong>xxvn.)</strong></span> <span class='ocrx_word' id='word_1_8' title='bbox 1488 45 1566 86; x_wconf 90' lang='grc'><strong>101</strong></span> 
     </span>
    </p>
   </div>
   <div class='ocr_carea' id='block_1_2' title="bbox 149 159 1613 444">
    <p class='ocr_par' dir='ltr' id='par_1_2' title="bbox 149 159 1613 444">
     <span class='ocr_line' id='line_1_2' title="bbox 149 159 1568 218; baseline -0.006 -12"><span class='ocrx_word' id='word_1_9' title='bbox 149 177 242 218; x_wconf 84' lang='lat' dir='ltr'><strong>per</strong></span> <span class='ocrx_word' id='word_1_10' title='bbox 270 164 284 205; x_wconf 87' lang='lat' dir='ltr'><strong>i</strong></span> <span class='ocrx_word' id='word_1_11' title='bbox 309 178 463 208; x_wconf 90' lang='lat' dir='ltr'><strong>unum</strong></span> <span class='ocrx_word' id='word_1_12' title='bbox 490 165 710 213; x_wconf 86' lang='lat' dir='ltr'><strong>scribat,</strong></span> <span class='ocrx_word' id='word_1_13' title='bbox 741 175 839 204; x_wconf 90' lang='lat' dir='ltr'><strong>non</strong></span> <span class='ocrx_word' id='word_1_14' title='bbox 870 174 969 213; x_wconf 89' lang='lat' dir='ltr'><strong>per</strong></span> <span class='ocrx_word' id='word_1_15' title='bbox 996 173 1041 210; x_wconf 89' lang='lat' dir='ltr'><strong>e;</strong></span> <span class='ocrx_word' id='word_1_16' title='bbox 1073 167 1124 201; x_wconf 87' lang='lat' dir='ltr'><strong>at</strong></span> <span class='ocrx_word' id='word_1_17' title='bbox 1153 173 1266 201; x_wconf 88' lang='lat' dir='ltr'><strong>cum</strong></span> <span class='ocrx_word' id='word_1_18' title='bbox 1289 159 1568 209; x_wconf 87' lang='lat' dir='ltr'><strong>mi[h]ei’,</strong></span> 
     </span>
     <span class='ocr_line' id='line_1_3' title="bbox 149 216 1568 274; baseline -0.006 -10"><span class='ocrx_word' id='word_1_19' title='bbox 149 229 252 264; x_wconf 81' lang='lat' dir='ltr'><strong>tum</strong></span> <span class='ocrx_word' id='word_1_20' title='bbox 280 234 419 274; x_wconf 89' lang='lat' dir='ltr'><strong>pere</strong></span> <span class='ocrx_word' id='word_1_21' title='bbox 442 230 491 263; x_wconf 88' lang='lat' dir='ltr'><strong>et</strong></span> <span class='ocrx_word' id='word_1_22' title='bbox 520 223 533 263; x_wconf 92' lang='lat' dir='ltr'><strong>i</strong></span> <span class='ocrx_word' id='word_1_23' title='bbox 564 221 901 263; x_wconf 83' lang='lat' dir='ltr'><strong>scribendum</strong></span> <span class='ocrx_word' id='word_1_24' title='bbox 933 226 1036 267; x_wconf 88' lang='lat' dir='ltr'><strong>est,</strong></span> <span class='ocrx_word' id='word_1_25' title='bbox 1067 218 1188 269; x_wconf 83' lang='lat' dir='ltr'><strong>quia</strong></span> <span class='ocrx_word' id='word_1_26' title='bbox 1219 216 1379 257; x_wconf 89' lang='lat' dir='ltr'><strong>dandi</strong></span> <span class='ocrx_word' id='word_1_27' title='bbox 1410 228 1568 256; x_wconf 88' lang='lat' dir='ltr'><strong>casus</strong></span> 
     </span>
     <span class='ocr_line' id='line_1_4' title="bbox 151 273 1613 324; baseline -0.006 -4"><span class='ocrx_word' id='word_1_28' title='bbox 151 285 248 320; x_wconf 83' lang='lat' dir='ltr'><strong>est.</strong></span> <span class='ocrx_word' id='word_1_29' title='bbox 291 281 407 321; x_wconf 87' lang='lat' dir='ltr'><strong>Haec</strong></span> <span class='ocrx_word' id='word_1_30' title='bbox 427 292 507 321; x_wconf 91' lang='lat' dir='ltr'><strong>nos</strong></span> <span class='ocrx_word' id='word_1_31' title='bbox 532 278 779 320; x_wconf 86' lang='lat' dir='ltr'><strong>auctoritate</strong></span> <span class='ocrx_word' id='word_1_32' title='bbox 805 276 1038 318; x_wconf 87' lang='lat' dir='ltr'><strong>doctissimi</strong></span> <span class='ocrx_word' id='word_1_33' title='bbox 1061 275 1240 316; x_wconf 90' lang='lat' dir='ltr'><strong>hominis</strong></span> <span class='ocrx_word' id='word_1_34' title='bbox 1261 273 1451 322; x_wconf 88' lang='lat' dir='ltr'><strong>adducti,</strong></span> <span class='ocrx_word' id='word_1_35' title='bbox 1473 285 1569 324; x_wconf 86' lang='lat' dir='ltr'><strong>pro·</strong></span> <span class='ocrx_word' id='word_1_36' title='bbox 1591 276 1613 309; x_wconf 85' lang='lat'>5</span> 
     </span>
     <span class='ocr_line' id='line_1_5' title="bbox 149 332 1571 388; baseline -0.004 -12"><span class='ocrx_word' id='word_1_37' title='bbox 149 341 244 387; x_wconf 85' lang='lat' dir='ltr'><strong>pter</strong></span> <span class='ocrx_word' id='word_1_38' title='bbox 263 348 360 386; x_wconf 82' lang='lat' dir='ltr'><strong>eos,</strong></span> <span class='ocrx_word' id='word_1_39' title='bbox 388 338 457 388; x_wconf 87' lang='lat' dir='ltr'><strong>qui</strong></span> <span class='ocrx_word' id='word_1_40' title='bbox 479 338 627 377; x_wconf 90' lang='lat' dir='ltr'><strong>harum</strong></span> <span class='ocrx_word' id='word_1_41' title='bbox 652 346 822 387; x_wconf 85' lang='lat' dir='ltr'><strong>quoque</strong></span> <span class='ocrx_word' id='word_1_42' title='bbox 844 346 983 374; x_wconf 86' lang='lat' dir='ltr'><strong>rerum</strong></span> <span class='ocrx_word' id='word_1_43' title='bbox 1007 332 1221 374; x_wconf 86' lang='lat' dir='ltr'><strong>scientiam</strong></span> <span class='ocrx_word' id='word_1_44' title='bbox 1244 336 1462 382; x_wconf 81' lang='lat' dir='ltr'><strong>quaerunt,</strong></span> <span class='ocrx_word' id='word_1_45' title='bbox 1486 342 1571 370; x_wconf 87' lang='lat' dir='ltr'><strong>non</strong></span> 
     </span>
     <span class='ocr_line' id='line_1_6' title="bbox 149 391 880 444; baseline -0.004 -11"><span class='ocrx_word' id='word_1_46' title='bbox 149 394 518 444; x_wconf 85' lang='lat' dir='ltr'><strong>praetermittenda</strong></span> <span class='ocrx_word' id='word_1_47' title='bbox 538 391 880 434; x_wconf 85' lang='lat' dir='ltr'><strong>existimauimus.</strong></span> 
     </span>
    </p>
   </div>
   <div class='ocr_carea' id='block_1_3' title="bbox 665 514 1048 564">
    <p class='ocr_par' dir='ltr' id='par_1_3' title="bbox 665 514 1048 564">
     <span class='ocr_line' id='line_1_7' title="bbox 665 514 1048 564; baseline -0.003 -7"><span class='ocrx_word' id='word_1_48' title='bbox 665 516 832 557; x_wconf 85' lang='lat' dir='ltr'><strong>XXVII.</strong></span> <span class='ocrx_word' id='word_1_49' title='bbox 864 514 1048 564; x_wconf 86' lang='lat' dir='ltr'><strong>(XXVI.)</strong></span> 
     </span>
    </p>
   </div>
   <div class='ocr_carea' id='block_1_4' title="bbox 151 593 1573 648">
    <p class='ocr_par' dir='ltr' id='par_1_4' title="bbox 151 593 1573 648">
     <span class='ocr_line' id='line_1_8' title="bbox 151 593 1573 648; baseline -0.004 -14"><span class='ocrx_word' id='word_1_50' title='bbox 151 598 204 634; x_wconf 84' lang='lat' dir='ltr'><strong>De</strong></span> <span class='ocrx_word' id='word_1_51' title='bbox 229 600 417 644; x_wconf 87' lang='lat' dir='ltr'><strong>uersibus,</strong></span> <span class='ocrx_word' id='word_1_52' title='bbox 436 611 531 647; x_wconf 91' lang='lat' dir='ltr'><strong>quos</strong></span> <span class='ocrx_word' id='word_1_53' title='bbox 551 600 745 648; x_wconf 81' lang='lat' dir='ltr'><strong>Vergilius</strong></span> <span class='ocrx_word' id='word_1_54' title='bbox 770 603 934 636; x_wconf 78' lang='lat' dir='ltr'><strong>sectatus</strong></span> <span class='ocrx_word' id='word_1_55' title='bbox 955 597 1118 641; x_wconf 86' lang='lat' dir='ltr'><strong>uidetur,</strong></span> <span class='ocrx_word' id='word_1_56' title='bbox 1140 596 1293 632; x_wconf 87' lang='lat' dir='ltr'><strong>Homeri</strong></span> <span class='ocrx_word' id='word_1_57' title='bbox 1314 606 1357 631; x_wconf 85' lang='lat' dir='ltr'><strong>ac</strong></span> <span class='ocrx_word' id='word_1_58' title='bbox 1379 593 1573 630; x_wconf 85' lang='lat' dir='ltr'><strong>Partheni.</strong></span> 
     </span>
    </p>
   </div>
   <div class='ocr_carea' id='block_1_5' title="bbox 210 687 1610 822">
    <p class='ocr_par' dir='ltr' id='par_1_5' title="bbox 210 687 1610 820">
     <span class='ocr_line' id='line_1_9' title="bbox 237 687 1610 739; baseline 0.001 -13"><span class='ocrx_word' id='word_1_59' title='bbox 237 687 479 728; x_wconf 85' lang='lat' dir='ltr'><strong>Partheni</strong></span> <span class='ocrx_word' id='word_1_60' title='bbox 509 693 660 739; x_wconf 85' lang='lat' dir='ltr'><strong>poetae</strong></span> <span class='ocrx_word' id='word_1_61' title='bbox 680 698 832 728; x_wconf 89' lang='lat' dir='ltr'><strong>uersus</strong></span> <span class='ocrx_word' id='word_1_62' title='bbox 854 692 937 727; x_wconf 89' lang='lat' dir='ltr'><strong>est:</strong></span> <span class='ocrx_word' id='word_1_63' title='bbox 1595 694 1610 727; x_wconf 85' lang='lat'><em>1</em></span> 
     </span>
     <span class='ocr_line' id='line_1_10' title="bbox 210 761 1513 822; baseline -0.003 -16"><span class='ocrx_word' id='word_1_64' title='bbox 210 763 453 822; x_wconf 80' lang='grc' dir='ltr'><strong><em>Γλαύκῳ</em></strong></span> <span class='ocrx_word' id='word_1_65' title='bbox 484 764 572 807; x_wconf 83' lang='grc' dir='ltr'><strong>καὶ</strong></span> <span class='ocrx_word' id='word_1_66' title='bbox 598 768 779 820; x_wconf 83' lang='grc' dir='ltr'><em>Νηρεῖ</em></span> <span class='ocrx_word' id='word_1_67' title='bbox 804 763 891 806; x_wconf 84' lang='grc' dir='ltr'><strong>καὶ</strong></span> <span class='ocrx_word' id='word_1_68' title='bbox 923 764 1152 821; x_wconf 77' lang='grc' dir='ltr'><em>εἰναλίῳ</em></span> <span class='ocrx_word' id='word_1_69' title='bbox 1181 761 1513 815; x_wconf 73' lang='grc' dir='ltr'><strong><em>Μελικέρτῃ.</em></strong></span> 
     </span>
    </p>
   </div>
   <div class='ocr_carea' id='block_1_6' title="bbox 151 853 1612 965">
    <p class='ocr_par' dir='ltr' id='par_1_6' title="bbox 151 853 1612 965">
     <span class='ocr_line' id='line_1_11' title="bbox 151 853 1612 909; baseline -0.002 -14"><span class='ocrx_word' id='word_1_70' title='bbox 151 856 256 896; x_wconf 87' lang='lat' dir='ltr'><strong>Eum</strong></span> <span class='ocrx_word' id='word_1_71' title='bbox 276 868 447 898; x_wconf 89' lang='lat' dir='ltr'><strong>uersum</strong></span> <span class='ocrx_word' id='word_1_72' title='bbox 468 858 742 909; x_wconf 81' lang='lat' dir='ltr'><strong>Vergilius</strong></span> <span class='ocrx_word' id='word_1_73' title='bbox 768 858 997 898; x_wconf 81' lang='lat' dir='ltr'><strong>aemulatus</strong></span> <span class='ocrx_word' id='word_1_74' title='bbox 1022 862 1098 904; x_wconf 88' lang='lat' dir='ltr'><strong>est,</strong></span> <span class='ocrx_word' id='word_1_75' title='bbox 1124 856 1263 905; x_wconf 88' lang='lat' dir='ltr'><strong>itaque</strong></span> <span class='ocrx_word' id='word_1_76' title='bbox 1286 855 1383 895; x_wconf 82' lang='lat' dir='ltr'><strong>fecit</strong></span> <span class='ocrx_word' id='word_1_77' title='bbox 1407 853 1598 894; x_wconf 81' lang='lat' dir='ltr'><strong>duobus</strong></span> <span class='ocrx_word' id='word_1_78' title='bbox 1589 863 1612 898; x_wconf 78' lang='lat'><strong>2</strong></span> 
     </span>
     <span class='ocr_line' id='line_1_12' title="bbox 151 914 997 965; baseline 0.001 -13"><span class='ocrx_word' id='word_1_79' title='bbox 151 914 369 954; x_wconf 90' lang='lat' dir='ltr'><strong>uocabulis</strong></span> <span class='ocrx_word' id='word_1_80' title='bbox 396 921 577 955; x_wconf 86' lang='lat' dir='ltr'><strong>uenuste</strong></span> <span class='ocrx_word' id='word_1_81' title='bbox 599 914 809 955; x_wconf 86' lang='lat' dir='ltr'><strong>inmutatis</strong></span> <span class='ocrx_word' id='word_1_82' title='bbox 835 925 911 965; x_wconf 90' lang='lat' dir='ltr'><strong>pa1</strong></span> <span class='ocrx_word' id='word_1_83' title='bbox 914 926 997 954; x_wconf 88' lang='lat' dir='ltr'><strong>em</strong></span> 
     </span>
    </p>
   </div>
   <div class='ocr_carea' id='block_1_7' title="bbox 211 990 1377 1043">
    <p class='ocr_par' dir='ltr' id='par_1_7' title="bbox 211 990 1377 1043">
     <span class='ocr_line' id='line_1_13' title="bbox 211 990 1377 1043; baseline -0.003 -13"><span class='ocrx_word' id='word_1_84' title='bbox 211 991 406 1032; x_wconf 86' lang='lat' dir='ltr'><strong>Glauco</strong></span> <span class='ocrx_word' id='word_1_85' title='bbox 439 998 490 1032; x_wconf 87' lang='lat' dir='ltr'><strong>et</strong></span> <span class='ocrx_word' id='word_1_86' title='bbox 515 993 789 1043; x_wconf 80' lang='lat' dir='ltr'>Panopeae</span> <span class='ocrx_word' id='word_1_87' title='bbox 821 998 869 1032; x_wconf 89' lang='lat' dir='ltr'><strong>et</strong></span> <span class='ocrx_word' id='word_1_88' title='bbox 899 994 1022 1031; x_wconf 92' lang='lat' dir='ltr'><strong>Inoo</strong></span> <span class='ocrx_word' id='word_1_89' title='bbox 1054 990 1377 1030; x_wconf 65' lang='grc' dir='ltr'><strong>Ὴείἰοθτῖειε.</strong></span> 
     </span>
    </p>
   </div>
   <div class='ocr_carea' id='block_1_8' title="bbox 152 1082 1612 1294">
    <p class='ocr_par' dir='ltr' id='par_1_8' title="bbox 152 1082 1612 1294">
     <span class='ocr_line' id='line_1_14' title="bbox 154 1082 1612 1135; baseline -0.002 -12"><span class='ocrx_word' id='word_1_90' title='bbox 154 1084 239 1124; x_wconf 88' lang='lat' dir='ltr'><strong>Sed</strong></span> <span class='ocrx_word' id='word_1_91' title='bbox 267 1084 324 1124; x_wconf 87' lang='lat' dir='ltr'><strong>illi</strong></span> <span class='ocrx_word' id='word_1_92' title='bbox 347 1086 632 1125; x_wconf 85' lang='lat' dir='ltr'><strong>Homerico</strong></span> <span class='ocrx_word' id='word_1_93' title='bbox 655 1097 739 1125; x_wconf 91' lang='lat' dir='ltr'><strong>non</strong></span> <span class='ocrx_word' id='word_1_94' title='bbox 765 1097 866 1125; x_wconf 90' lang='lat' dir='ltr'><strong>sane</strong></span> <span class='ocrx_word' id='word_1_95' title='bbox 893 1096 938 1124; x_wconf 89' lang='lat' dir='ltr'><strong>re</strong></span> <span class='ocrx_word' id='word_1_96' title='bbox 968 1096 1111 1134; x_wconf 88' lang='lat' dir='ltr'><strong>parem</strong></span> <span class='ocrx_word' id='word_1_97' title='bbox 1141 1096 1280 1135; x_wconf 87' lang='lat' dir='ltr'><strong>neque</strong></span> <span class='ocrx_word' id='word_1_98' title='bbox 1311 1082 1486 1123; x_wconf 84' lang='lat' dir='ltr'><strong>similem</strong></span> <span class='ocrx_word' id='word_1_99' title='bbox 1517 1083 1570 1121; x_wconf 84' lang='lat' dir='ltr'><strong>se-</strong></span> <span class='ocrx_word' id='word_1_100' title='bbox 1588 1092 1612 1128; x_wconf 82' lang='lat'><strong>3</strong></span> 
     </span>
     <span class='ocr_line' id='line_1_15' title="bbox 153 1140 1574 1202; baseline -0.001 -23"><span class='ocrx_word' id='word_1_101' title='bbox 153 1140 226 1180; x_wconf 84' lang='lat' dir='ltr'><strong>cit:</strong></span> <span class='ocrx_word' id='word_1_102' title='bbox 251 1151 348 1182; x_wconf 87' lang='lat' dir='ltr'><strong>esse</strong></span> <span class='ocrx_word' id='word_1_103' title='bbox 369 1142 478 1181; x_wconf 87' lang='lat' dir='ltr'><strong>enim</strong></span> <span class='ocrx_word' id='word_1_104' title='bbox 499 1141 666 1181; x_wconf 70' lang='lat' dir='ltr'><strong>uidetur</strong></span> <span class='ocrx_word' id='word_1_105' title='bbox 681 1143 804 1182; x_wconf 92' lang='lat' dir='ltr'><strong>Hom</strong></span> <span class='ocrx_word' id='word_1_106' title='bbox 818 1141 891 1181; x_wconf 90' lang='lat' dir='ltr'><strong>eri</strong></span> <span class='ocrx_word' id='word_1_107' title='bbox 905 1141 1133 1191; x_wconf 86' lang='lat' dir='ltr'><strong>simplicior</strong></span> <span class='ocrx_word' id='word_1_108' title='bbox 1149 1148 1188 1181; x_wconf 87' lang='lat' dir='ltr'><strong>et</strong></span> <span class='ocrx_word' id='word_1_109' title='bbox 1209 1140 1425 1192; x_wconf 83' lang='lat' dir='ltr'><strong>sincerior,</strong></span> <span class='ocrx_word' id='word_1_110' title='bbox 1447 1141 1574 1202; x_wconf 75' lang='lat' dir='ltr'><strong>Ver-</strong></span> 
     </span>
     <span class='ocr_line' id='line_1_16' title="bbox 152 1194 1573 1250; baseline -0.001 -14"><span class='ocrx_word' id='word_1_111' title='bbox 152 1196 268 1246; x_wconf 85' lang='lat' dir='ltr'><strong>gilii</strong></span> <span class='ocrx_word' id='word_1_112' title='bbox 290 1202 429 1238; x_wconf 90' lang='lat' dir='ltr'><strong>autem</strong></span> <span class='ocrx_word' id='word_1_113' title='bbox 449 1194 834 1250; x_wconf 59' lang='grc' dir='ltr'><strong>Γνεωτερικώτερος</strong></span> <span class='ocrx_word' id='word_1_114' title='bbox 856 1204 896 1238; x_wconf 67' lang='lat' dir='ltr'><strong>et</strong></span> <span class='ocrx_word' id='word_1_115' title='bbox 918 1199 1101 1247; x_wconf 82' lang='lat' dir='ltr'><strong>quodam</strong></span> <span class='ocrx_word' id='word_1_116' title='bbox 1120 1198 1241 1248; x_wconf 83' lang='lat' dir='ltr'><strong>quasi</strong></span> <span class='ocrx_word' id='word_1_117' title='bbox 1264 1197 1488 1238; x_wconf 80' lang='lat' dir='ltr'><strong>ferrumine</strong></span> <span class='ocrx_word' id='word_1_118' title='bbox 1516 1207 1573 1234; x_wconf 91' lang='lat' dir='ltr'><strong>1n-</strong></span> 
     </span>
     <span class='ocr_line' id='line_1_17' title="bbox 153 1252 512 1294; baseline 0.006 -3"><span class='ocrx_word' id='word_1_119' title='bbox 153 1252 285 1294; x_wconf 91' lang='lat' dir='ltr'><strong>misso</strong></span> <span class='ocrx_word' id='word_1_120' title='bbox 314 1254 512 1294; x_wconf 85' lang='lat' dir='ltr'><strong>fucatior:</strong></span> 
     </span>
    </p>
   </div>
   <div class='ocr_carea' id='block_1_9' title="bbox 209 1325 1571 1441">
    <p class='ocr_par' dir='ltr' id='par_1_9' title="bbox 209 1325 1571 1441">
     <span class='ocr_line' id='line_1_18' title="bbox 216 1325 1527 1387; baseline 0.001 -18"><span class='ocrx_word' id='word_1_121' title='bbox 216 1330 436 1381; x_wconf 79' lang='grc' dir='ltr'><strong><em>Ταῦρον</em></strong></span> <span class='ocrx_word' id='word_1_122' title='bbox 463 1325 504 1370; x_wconf 81' lang='grc' dir='ltr'><strong>δ’</strong></span> <span class='ocrx_word' id='word_1_123' title='bbox 539 1332 790 1387; x_wconf 79' lang='grc' dir='ltr'><em>Αλφειῷ,</em></span> <span class='ocrx_word' id='word_1_124' title='bbox 818 1333 1035 1384; x_wconf 81' lang='grc' dir='ltr'><em>ταῦρον</em></span> <span class='ocrx_word' id='word_1_125' title='bbox 1064 1330 1120 1372; x_wconf 78' lang='grc' dir='ltr'><strong>δὲ</strong></span> <span class='ocrx_word' id='word_1_126' title='bbox 1151 1328 1527 1373; x_wconf 77' lang='grc' dir='ltr'><em>Ποσειδάωνι.</em></span> 
     </span>
     <span class='ocr_line' id='line_1_19' title="bbox 209 1387 1571 1441; baseline 0.001 -15"><span class='ocrx_word' id='word_1_127' title='bbox 209 1387 430 1427; x_wconf 87' lang='lat' dir='ltr'><strong>Taurum</strong></span> <span class='ocrx_word' id='word_1_128' title='bbox 451 1389 710 1438; x_wconf 88' lang='lat' dir='ltr'><strong>Neptuno,</strong></span> <span class='ocrx_word' id='word_1_129' title='bbox 742 1394 949 1429; x_wconf 88' lang='lat' dir='ltr'><strong>taurum</strong></span> <span class='ocrx_word' id='word_1_130' title='bbox 977 1390 1094 1438; x_wconf 88' lang='lat' dir='ltr'><strong>tibi,</strong></span> <span class='ocrx_word' id='word_1_131' title='bbox 1125 1391 1571 1441; x_wconf 82' lang='lat' dir='ltr'><strong>pulcherApollo.</strong></span> 
     </span>
    </p>
   </div>
   <div class='ocr_carea' id='block_1_10' title="bbox 649 1511 1069 1561">
    <p class='ocr_par' dir='ltr' id='par_1_10' title="bbox 649 1511 1069 1561">
     <span class='ocr_line' id='line_1_20' title="bbox 649 1511 1069 1561; baseline 0.002 -10"><span class='ocrx_word' id='word_1_132' title='bbox 649 1511 832 1553; x_wconf 86' lang='lat' dir='ltr'><strong>XXVIII.</strong></span> <span class='ocrx_word' id='word_1_133' title='bbox 866 1513 1069 1561; x_wconf 88' lang='lat' dir='ltr'><strong>(XXVII.)</strong></span> 
     </span>
    </p>
   </div>
   <div class='ocr_carea' id='block_1_11' title="bbox 152 1597 1573 1761">
    <p class='ocr_par' dir='ltr' id='par_1_11' title="bbox 152 1597 1573 1761">
     <span class='ocr_line' id='line_1_21' title="bbox 152 1597 1572 1650; baseline 0.006 -17"><span class='ocrx_word' id='word_1_134' title='bbox 152 1597 206 1634; x_wconf 90' lang='lat' dir='ltr'><strong>De</strong></span> <span class='ocrx_word' id='word_1_135' title='bbox 229 1599 413 1635; x_wconf 85' lang='lat' dir='ltr'><strong>sententia</strong></span> <span class='ocrx_word' id='word_1_136' title='bbox 435 1600 604 1637; x_wconf 81' lang='lat' dir='ltr'><strong>Panaetii</strong></span> <span class='ocrx_word' id='word_1_137' title='bbox 620 1601 853 1649; x_wconf 90' lang='lat' dir='ltr'><strong>philosophi,</strong></span> <span class='ocrx_word' id='word_1_138' title='bbox 880 1613 992 1649; x_wconf 81' lang='lat' dir='ltr'><strong>quarn</strong></span> <span class='ocrx_word' id='word_1_139' title='bbox 1015 1604 1168 1650; x_wconf 84' lang='lat' dir='ltr'><strong>scripsit</strong></span> <span class='ocrx_word' id='word_1_140' title='bbox 1190 1604 1227 1638; x_wconf 90' lang='lat' dir='ltr'><strong>in</strong></span> <span class='ocrx_word' id='word_1_141' title='bbox 1248 1604 1342 1640; x_wconf 93' lang='lat' dir='ltr'><strong>libro</strong></span> <span class='ocrx_word' id='word_1_142' title='bbox 1371 1603 1418 1640; x_wconf 91' lang='lat' dir='ltr'><strong>de</strong></span> <span class='ocrx_word' id='word_1_143' title='bbox 1435 1604 1572 1642; x_wconf 84' lang='lat' dir='ltr'><strong>officiis</strong></span> 
     </span>
     <span class='ocr_line' id='line_1_22' title="bbox 211 1655 1573 1703; baseline 0.004 -11"><span class='ocrx_word' id='word_1_144' title='bbox 211 1655 395 1700; x_wconf 83' lang='lat' dir='ltr'><strong>secunde,</strong></span> <span class='ocrx_word' id='word_1_145' title='bbox 420 1667 495 1703; x_wconf 90' lang='lat' dir='ltr'><strong>qua</strong></span> <span class='ocrx_word' id='word_1_146' title='bbox 508 1656 689 1702; x_wconf 75' lang='lat' dir='ltr'><strong>hortatur,</strong></span> <span class='ocrx_word' id='word_1_147' title='bbox 711 1662 749 1694; x_wconf 91' lang='lat' dir='ltr'><strong>ut</strong></span> <span class='ocrx_word' id='word_1_148' title='bbox 764 1658 940 1696; x_wconf 81' lang='lat' dir='ltr'><strong>homines</strong></span> <span class='ocrx_word' id='word_1_149' title='bbox 960 1659 1009 1695; x_wconf 87' lang='lat' dir='ltr'><strong>ad</strong></span> <span class='ocrx_word' id='word_1_150' title='bbox 1026 1659 1220 1696; x_wconf 81' lang='lat' dir='ltr'><strong>canendas</strong></span> <span class='ocrx_word' id='word_1_151' title='bbox 1240 1661 1395 1697; x_wconf 87' lang='lat' dir='ltr'><strong>iniurias</strong></span> <span class='ocrx_word' id='word_1_152' title='bbox 1413 1662 1450 1697; x_wconf 90' lang='lat' dir='ltr'><strong>in</strong></span> <span class='ocrx_word' id='word_1_153' title='bbox 1472 1664 1573 1698; x_wconf 92' lang='lat' dir='ltr'><strong>omni</strong></span> 
     </span>
     <span class='ocr_line' id='line_1_23' title="bbox 209 1713 772 1761; baseline 0.004 -13"><span class='ocrx_word' id='word_1_154' title='bbox 209 1713 293 1749; x_wconf 90' lang='lat' dir='ltr'><strong>loco</strong></span> <span class='ocrx_word' id='word_1_155' title='bbox 317 1713 446 1754; x_wconf 75' lang='lat' dir='ltr'><strong>intenti</strong></span> <span class='ocrx_word' id='word_1_156' title='bbox 467 1715 663 1761; x_wconf 86' lang='lat' dir='ltr'><strong>paratique</strong></span> <span class='ocrx_word' id='word_1_157' title='bbox 686 1716 772 1751; x_wconf 86' lang='lat' dir='ltr'><strong>sint.</strong></span> 
     </span>
    </p>
   </div>
   <div class='ocr_carea' id='block_1_12' title="bbox 147 1799 1610 2311">
    <p class='ocr_par' dir='ltr' id='par_1_12' title="bbox 147 1799 1610 2311">
     <span class='ocr_line' id='line_1_24' title="bbox 234 1799 1605 1852; baseline 0.004 -14"><span class='ocrx_word' id='word_1_158' title='bbox 234 1799 471 1849; x_wconf 86' lang='lat' dir='ltr'><strong>Legebatur</strong></span> <span class='ocrx_word' id='word_1_159' title='bbox 498 1801 738 1841; x_wconf 82' lang='lat' dir='ltr'><strong>Panaetii</strong></span> <span class='ocrx_word' id='word_1_160' title='bbox 769 1801 1009 1852; x_wconf 88' lang='lat' dir='ltr'><strong>philosophi</strong></span> <span class='ocrx_word' id='word_1_161' title='bbox 1035 1802 1138 1842; x_wconf 89' lang='lat' dir='ltr'><strong>liber</strong></span> <span class='ocrx_word' id='word_1_162' title='bbox 1173 1804 1234 1843; x_wconf 91' lang='lat' dir='ltr'><strong>de</strong></span> <span class='ocrx_word' id='word_1_163' title='bbox 1262 1803 1461 1845; x_wconf 82' lang='lat' dir='ltr'><strong>officiis</strong></span> <span class='ocrx_word' id='word_1_164' title='bbox 1488 1811 1605 1846; x_wconf 87' lang='lat' dir='ltr'><strong>se-1</strong></span> 
     </span>
     <span class='ocr_line' id='line_1_25' title="bbox 151 1856 1570 1909; baseline 0.006 -15"><span class='ocrx_word' id='word_1_165' title='bbox 151 1856 352 1897; x_wconf 88' lang='lat' dir='ltr'><strong>cundus</strong></span> <span class='ocrx_word' id='word_1_166' title='bbox 372 1857 576 1898; x_wconf 86' lang='lat' dir='ltr'><strong>extribus</strong></span> <span class='ocrx_word' id='word_1_167' title='bbox 600 1858 678 1897; x_wconf 92' lang='lat' dir='ltr'><strong>illis</strong></span> <span class='ocrx_word' id='word_1_168' title='bbox 700 1858 849 1898; x_wconf 89' lang='lat' dir='ltr'><strong>inclitis</strong></span> <span class='ocrx_word' id='word_1_169' title='bbox 871 1859 984 1898; x_wconf 80' lang='lat' dir='ltr'><strong>libris</strong></span> <span class='ocrx_word' id='word_1_170' title='bbox 1001 1892 1010 1907; x_wconf 94' lang='lat'><em>‚</em></span> <span class='ocrx_word' id='word_1_171' title='bbox 1046 1871 1153 1909; x_wconf 88' lang='lat' dir='ltr'><strong>quos</strong></span> <span class='ocrx_word' id='word_1_172' title='bbox 1179 1861 1233 1900; x_wconf 88' lang='lat' dir='ltr'><strong>M.</strong></span> <span class='ocrx_word' id='word_1_173' title='bbox 1258 1861 1465 1902; x_wconf 91' lang='lat' dir='ltr'><strong>Tullius</strong></span> <span class='ocrx_word' id='word_1_174' title='bbox 1487 1874 1570 1902; x_wconf 87' lang='lat' dir='ltr'><strong>ma-</strong></span> 
     </span>
     <span class='ocr_line' id='line_1_26' title="bbox 149 1914 1610 1966; baseline 0.006 -15"><span class='ocrx_word' id='word_1_175' title='bbox 149 1923 232 1962; x_wconf 85' lang='lat' dir='ltr'><strong>gno</strong></span> <span class='ocrx_word' id='word_1_176' title='bbox 260 1923 354 1952; x_wconf 89' lang='lat' dir='ltr'><strong>cum</strong></span> <span class='ocrx_word' id='word_1_177' title='bbox 376 1914 515 1955; x_wconf 90' lang='lat' dir='ltr'><strong>studio</strong></span> <span class='ocrx_word' id='word_1_178' title='bbox 538 1915 803 1965; x_wconf 85' lang='lat' dir='ltr'><strong>maximoque</strong></span> <span class='ocrx_word' id='word_1_179' title='bbox 829 1927 958 1966; x_wconf 88' lang='lat' dir='ltr'><strong>opere</strong></span> <span class='ocrx_word' id='word_1_180' title='bbox 988 1917 1219 1956; x_wconf 88' lang='lat' dir='ltr'><strong>aemulatus</strong></span> <span class='ocrx_word' id='word_1_181' title='bbox 1248 1922 1324 1959; x_wconf 85' lang='lat' dir='ltr'><strong>est.</strong></span> <span class='ocrx_word' id='word_1_182' title='bbox 1386 1918 1446 1959; x_wconf 90' lang='lat' dir='ltr'><strong>Ibi</strong></span> <span class='ocrx_word' id='word_1_183' title='bbox 1472 1919 1571 1960; x_wconf 87' lang='lat' dir='ltr'><strong>scri·</strong></span> <span class='ocrx_word' id='word_1_184' title='bbox 1587 1925 1610 1960; x_wconf 84' lang='lat'><strong>2</strong></span> 
     </span>
     <span class='ocr_line' id='line_1_27' title="bbox 148 1972 1570 2024; baseline 0.006 -16"><span class='ocrx_word' id='word_1_185' title='bbox 148 1974 267 2018; x_wconf 91' lang='lat' dir='ltr'><strong>ptum</strong></span> <span class='ocrx_word' id='word_1_186' title='bbox 289 1974 374 2018; x_wconf 89' lang='lat' dir='ltr'><strong>est,</strong></span> <span class='ocrx_word' id='word_1_187' title='bbox 407 1981 501 2011; x_wconf 88' lang='lat' dir='ltr'><strong>cum</strong></span> <span class='ocrx_word' id='word_1_188' title='bbox 529 1973 657 2011; x_wconf 90' lang='lat' dir='ltr'><strong>multa</strong></span> <span class='ocrx_word' id='word_1_189' title='bbox 677 1972 755 2011; x_wconf 84' lang='lat' dir='ltr'><strong>alia</strong></span> <span class='ocrx_word' id='word_1_190' title='bbox 783 1973 835 2011; x_wconf 87' lang='lat' dir='ltr'><strong>ad</strong></span> <span class='ocrx_word' id='word_1_191' title='bbox 865 1973 1016 2012; x_wconf 90' lang='lat' dir='ltr'><strong>bonam</strong></span> <span class='ocrx_word' id='word_1_192' title='bbox 1043 1974 1203 2023; x_wconf 79' lang='lat' dir='ltr'><strong>frugem</strong></span> <span class='ocrx_word' id='word_1_193' title='bbox 1226 1974 1440 2024; x_wconf 81' lang='lat' dir='ltr'><strong>ducentia,</strong></span> <span class='ocrx_word' id='word_1_194' title='bbox 1485 1982 1570 2016; x_wconf 91' lang='lat' dir='ltr'><strong>tum</strong></span> 
     </span>
     <span class='ocr_line' id='line_1_28' title="bbox 149 2025 1607 2079; baseline 0.006 -15"><span class='ocrx_word' id='word_1_195' title='bbox 149 2026 218 2064; x_wconf 88' lang='lat' dir='ltr'><strong>uel</strong></span> <span class='ocrx_word' id='word_1_196' title='bbox 240 2025 440 2075; x_wconf 88' lang='lat' dir='ltr'><strong>maxime,</strong></span> <span class='ocrx_word' id='word_1_197' title='bbox 477 2029 592 2078; x_wconf 91' lang='lat' dir='ltr'><strong>quod</strong></span> <span class='ocrx_word' id='word_1_198' title='bbox 614 2040 710 2068; x_wconf 89' lang='lat' dir='ltr'><strong>esse</strong></span> <span class='ocrx_word' id='word_1_199' title='bbox 733 2029 990 2079; x_wconf 88' lang='lat' dir='ltr'><strong>haerereque</strong></span> <span class='ocrx_word' id='word_1_200' title='bbox 1013 2030 1052 2069; x_wconf 91' lang='lat' dir='ltr'><strong>in</strong></span> <span class='ocrx_word' id='word_1_201' title='bbox 1075 2031 1212 2071; x_wconf 89' lang='lat' dir='ltr'><strong>animo</strong></span> <span class='ocrx_word' id='word_1_202' title='bbox 1236 2031 1373 2071; x_wconf 87' lang='lat' dir='ltr'><strong>debet.</strong></span> <span class='ocrx_word' id='word_1_203' title='bbox 1434 2033 1480 2072; x_wconf 89' lang='lat' dir='ltr'><strong>Id</strong></span> <span class='ocrx_word' id='word_1_204' title='bbox 1502 2038 1607 2074; x_wconf 80' lang='lat' dir='ltr'><strong>aii-3</strong></span> 
     </span>
     <span class='ocr_line' id='line_1_29' title="bbox 149 2083 1568 2139; baseline 0.007 -19"><span class='ocrx_word' id='word_1_205' title='bbox 149 2086 232 2120; x_wconf 89' lang='lat' dir='ltr'><strong>tem</strong></span> <span class='ocrx_word' id='word_1_206' title='bbox 255 2087 321 2122; x_wconf 89' lang='lat' dir='ltr'><strong>est</strong></span> <span class='ocrx_word' id='word_1_207' title='bbox 352 2083 405 2123; x_wconf 87' lang='lat' dir='ltr'><strong>ad</strong></span> <span class='ocrx_word' id='word_1_208' title='bbox 442 2084 549 2124; x_wconf 88' lang='lat' dir='ltr'><strong>hanc</strong></span> <span class='ocrx_word' id='word_1_209' title='bbox 579 2087 665 2125; x_wconf 85' lang='lat' dir='ltr'><strong>fere</strong></span> <span class='ocrx_word' id='word_1_210' title='bbox 701 2086 967 2126; x_wconf 89' lang='lat' dir='ltr'><strong>sententiam:</strong></span> <span class='ocrx_word' id='word_1_211' title='bbox 1032 2087 1182 2135; x_wconf 82' lang='lat' dir='ltr'><strong>‘Vita&#39;,</strong></span> <span class='ocrx_word' id='word_1_212' title='bbox 1217 2087 1372 2139; x_wconf 88' lang='lat' dir='ltr'><strong>inquit,</strong></span> <span class='ocrx_word' id='word_1_213' title='bbox 1411 2093 1423 2112; x_wconf 73' lang='lat'><em>³</em></span> <span class='ocrx_word' id='word_1_214' title='bbox 1438 2090 1568 2130; x_wconf 89' lang='lat' dir='ltr'><strong>homi-</strong></span> 
     </span>
     <span class='ocr_line' id='line_1_30' title="bbox 151 2139 1569 2196; baseline 0.006 -19"><span class='ocrx_word' id='word_1_215' title='bbox 151 2145 260 2186; x_wconf 84' lang='lat' dir='ltr'><strong>num,</strong></span> <span class='ocrx_word' id='word_1_216' title='bbox 285 2139 356 2189; x_wconf 92' lang='lat' dir='ltr'><strong>qui</strong></span> <span class='ocrx_word' id='word_1_217' title='bbox 379 2145 558 2181; x_wconf 83' lang='lat' dir='ltr'><strong>aetatem</strong></span> <span class='ocrx_word' id='word_1_218' title='bbox 580 2142 620 2181; x_wconf 93' lang='lat' dir='ltr'><strong>in</strong></span> <span class='ocrx_word' id='word_1_219' title='bbox 645 2142 781 2182; x_wconf 89' lang='lat' dir='ltr'><strong>medio</strong></span> <span class='ocrx_word' id='word_1_220' title='bbox 808 2155 946 2183; x_wconf 88' lang='lat' dir='ltr'><strong>rerum</strong></span> <span class='ocrx_word' id='word_1_221' title='bbox 968 2150 1095 2194; x_wconf 80' lang='lat' dir='ltr'><strong>agunt</strong></span> <span class='ocrx_word' id='word_1_222' title='bbox 1111 2156 1159 2184; x_wconf 87' lang='lat' dir='ltr'><strong>ac</strong></span> <span class='ocrx_word' id='word_1_223' title='bbox 1178 2144 1255 2184; x_wconf 86' lang='lat' dir='ltr'><strong>sibi</strong></span> <span class='ocrx_word' id='word_1_224' title='bbox 1277 2145 1449 2196; x_wconf 86' lang='lat' dir='ltr'><strong>suisque</strong></span> <span class='ocrx_word' id='word_1_225' title='bbox 1471 2158 1569 2187; x_wconf 87' lang='lat' dir='ltr'><strong>esse</strong></span> 
     </span>
     <span class='ocr_line' id='line_1_31' title="bbox 147 2193 1571 2252; baseline 0.008 -19"><span class='ocrx_word' id='word_1_226' title='bbox 147 2193 244 2234; x_wconf 87' lang='lat' dir='ltr'><strong>usui</strong></span> <span class='ocrx_word' id='word_1_227' title='bbox 277 2197 449 2245; x_wconf 89' lang='lat' dir='ltr'><strong>uolunt,</strong></span> <span class='ocrx_word' id='word_1_228' title='bbox 488 2198 656 2248; x_wconf 84' lang='lat' dir='ltr'><strong>negotia</strong></span> <span class='ocrx_word' id='word_1_229' title='bbox 687 2199 958 2251; x_wconf 82' lang='lat' dir='ltr'><strong>periculaque</strong></span> <span class='ocrx_word' id='word_1_230' title='bbox 995 2212 1047 2241; x_wconf 82' lang='lat' dir='ltr'><strong>ex</strong></span> <span class='ocrx_word' id='word_1_231' title='bbox 1076 2201 1294 2252; x_wconf 88' lang='lat' dir='ltr'><strong>inprouiso</strong></span> <span class='ocrx_word' id='word_1_232' title='bbox 1324 2202 1500 2243; x_wconf 89' lang='lat' dir='ltr'><strong>adsidua</strong></span> <span class='ocrx_word' id='word_1_233' title='bbox 1529 2209 1571 2244; x_wconf 89' lang='lat' dir='ltr'><strong>et</strong></span> 
     </span>
     <span class='ocr_line' id='line_1_32' title="bbox 148 2252 1567 2311; baseline 0.008 -22"><span class='ocrx_word' id='word_1_234' title='bbox 148 2260 283 2301; x_wconf 89' lang='lat' dir='ltr'><strong>prope</strong></span> <span class='ocrx_word' id='word_1_235' title='bbox 306 2252 513 2293; x_wconf 85' lang='lat' dir='ltr'><strong>cotidiana</strong></span> <span class='ocrx_word' id='word_1_236' title='bbox 538 2256 629 2295; x_wconf 83' lang='lat' dir='ltr'><strong>fert.</strong></span> <span class='ocrx_word' id='word_1_237' title='bbox 692 2256 759 2295; x_wconf 84' lang='lat' dir='ltr'><strong>Ad</strong></span> <span class='ocrx_word' id='word_1_238' title='bbox 782 2268 831 2296; x_wconf 83' lang='lat' dir='ltr'><strong>ea</strong></span> <span class='ocrx_word' id='word_1_239' title='bbox 857 2258 1044 2298; x_wconf 79' lang='lat' dir='ltr'><strong>cauenda</strong></span> <span class='ocrx_word' id='word_1_240' title='bbox 1065 2264 1191 2309; x_wconf 89' lang='lat' dir='ltr'><strong>atque</strong></span> <span class='ocrx_word' id='word_1_241' title='bbox 1212 2259 1460 2300; x_wconf 87' lang='lat' dir='ltr'><strong>declinanda</strong></span> <span class='ocrx_word' id='word_1_242' title='bbox 1474 2272 1567 2311; x_wconf 90' lang='lat' dir='ltr'><strong>per-</strong></span> 
     </span>
    </p>
   </div>
  </div>
 </body>
</html>
