1619 2476
136 65 218 106 222
638 65 724 103 Vll.
743 65 850 111 (VI.)
867 74 973 102 V1111.
990 74 1031 102 x.

139 182 215 220 Cn.
238 178 468 225 Flauius⁷
509 176 639 216 Anni
670 175 837 222 filius,
872 175 1147 214 diciturad
1170 177 1426 225 collegam
1446 188 1533 216 ue-

137 236 278 276 nisse
317 235 492 274 uisere
541 238 823 282 aegrotum.
883 232 957 271 Eo
998 231 1047 270 in
1097 233 1352 271 conclaue
1390 237 1534 282 post-

137 304 282 342 quam
314 290 578 337 introiuit,
611 290 984 328 adulescentes
1016 287 1087 326 ibi
1121 289 1420 338 complures
1446 300 1533 329 no-

133 349 265 388 biles
308 348 577 388 sedebant.
639 345 698 385 Hi
733 348 1168 394 contempnentes
1192 355 1324 396 eum,
1355 356 1533 385 assur-

92 409 251 455 6gere
273 404 314 444 ei
340 415 483 443 nemo
505 402 687 442 uoluit.
751 402 827 440 Cn.
851 400 1078 449 Flauius,
1101 400 1231 440 Anni
1254 400 1422 449 filius,
1451 412 1533 440 ae—

133 462 271 509 dilis,
306 461 355 500 id
395 459 602 506 arrisit3
646 460 825 498 sellam
857 458 1090 496 curulem
1131 456 1292 497 iussit
1321 457 1423 497 sibi
1462 458 1533 496 af-

133 518 274 565 ferri,
299 528 406 556 eam
428 516 474 554 in
498 515 675 554 limine
697 513 964 564 apposuit,
999 524 1058 552 ne
1081 513 1194 562 quis
1214 513 1423 554 illorum
1449 525 1534 553 ex-

130 574 204 613 ire
235 578 419 624 posset
450 572 631 621 utique
664 570 713 609 hi
751 580 927 610 omnes
963 568 1116 608 inuiti
1150 570 1384 610 uiderent
1414 581 1533 610 sese

130 631 175 668 in
200 631 334 669 sella
361 628 523 668 curuli
556 629 836 667 sedentem.

798 739 849 778 X.

131 824 296 860 Historia
321 831 433 867 super
456 818 613 856 Euclida
637 817 845 863 Socratico,
872 820 979 855 cuius
1004 820 1175 865 exemplo
1194 817 1340 854 Taurus
1365 817 1531 864 philoso-

187 878 284 924 phus
303 877 444 913 hortari
469 876 735 912 adulescente-s
754 886 842 911 suos
862 876 995 911 solitus
1013 875 1061 910 ad
1078 874 1361 921 philosophiam
1386 875 1531 910 nauiter

187 933 419 970 sectandam.

94 1028 113 1060 l
214 1016 492 1065 Philosophus
513 1016 730 1062 Taurus,
761 1014 826 1054 uir
850 1016 1049 1055 memoria
1073 1020 1218 1055 nostra
1245 1015 1286 1054 in
1311 1013 1531 1064 disciplina
1574 1012 1578 1017 '

128 1072 339 1114 Platonica
363 1072 612 1119 celebratus,
647 1083 739 1110 cum
777 1071 864 1110 aliis
898 1072 1019 1112 bonis
1037 1072 1175 1111 multis
1207 1071 1530 1121 salubribusque

130 1129 330 1178 exemplis
353 1129 594 1169 hortabatur
615 1129 667 1166 ad
689 1127 995 1178 philosophiam
1021 1128 1337 1179 capessendam,
1361 1133 1446 1167 tum
1465 1128 1532 1167 uel

128 1186 305 1226 maxime
336 1185 414 1225 ista
445 1196 489 1224 re
519 1184 713 1224 iuuenum
745 1184 905 1225 animos
938 1183 1212 1235 expergebat,
1260 1184 1530 1224 Euclidem

91 1251 253 1292 2quam
291 1242 454 1281 dicebat
487 1241 743 1281 Socraticum
780 1241 1046 1282 factitauisse.
1110 1242 1352 1288 ‘Deci-eto’,
1383 1240 1528 1290 inquit,

130 1304 231 1338 esuo
260 1298 538 1337 Athenienses
565 1302 779 1345 cauerant‚
810 1302 853 1336 ut
885 1298 954 1346 qui
975 1297 1154 1346 Megaris
1185 1296 1288 1336 ciuis
1326 1301 1458 1344 esset,
1495 1295 1531 1335 si

129 1354 318 1394 intulisse
333 1355 519 1393 Athenas
538 1354 687 1402 pedem
713 1364 893 1402 prensus
912 1358 1043 1400 esset,
1076 1358 1118 1392 ut
1139 1364 1187 1392 ea
1219 1364 1287 1392 res
1317 1351 1353 1391 ei
1374 1351 1531 1391 homini

91 1417 114 1452 3
133 1410 316 1460 capitalis
353 1414 478 1449 esset.
539 1410 668 1448 Tanto
697 1409 1016 1456 Athenienses',
1049 1408 1200 1458 inquit,
1235 1408 1350 1448 eodio
1381 1408 1537 1458 flagra<

89 1474 113 1508 4
128 1469 226 1507 bant
247 1465 510 1505 finitimorum
538 1465 749 1506 hominum
772 1466 1092 1514 Megmensium.
1135 1466 1238 1504 Tum
1257 1464 1529 1512 Euclides,

135 1523 201 1571 qui
230 1522 412 1563 indidem
434 1521 613 1571 Megaris
647 1527 734 1561 erat
759 1521 911 1571 quique
935 1527 1030 1560 ante
1054 1521 1097 1560 id
1128 1522 1340 1561 decretum
1370 1526 1410 1561 et
1435 1532 1531 1560 esse

131 1579 307 1619 Athenis
331 1584 371 1618 et
387 1578 529 1617 audire
553 1578 821 1618 Socratem
845 1583 1135 1626 consueuerat,
1157 1582 1383 1628 postquam
1402 1577 1444 1616 id
1461 1578 1531 1616 de-

133 1641 288 1675 cretum
307 1640 545 1682 sanxerunt,
568 1635 645 1674 sub
664 1639 839 1682 noctem,
859 1646 950 1674 cum
975 1635 1364 1684 aduesperasceret,
1390 1633 1532 1673 tunica

132 1695 255 1742 longa
272 1691 461 1731 muliebri
478 1691 647 1730 indutus
671 1696 711 1730 et
733 1690 856 1740 pallio
879 1689 1136 1731 uersicolore
1153 1690 1325 1729 amictus
1347 1694 1388 1729 et
1405 1693 1531 1740 caput

130 1749 215 1788 rica
244 1750 427 1795 uelatus,
460 1759 482 1786 e
511 1749 635 1788 domo
667 1758 742 1787 sua
769 1747 946 1797 Megaris
967 1747 1153 1786 Athenas
1175 1747 1228 1785 ad
1254 1746 1530 1786 Socratem

130 1805 407 1852 commeabat,
438 1809 482 1842 ut
509 1806 576 1844 uel
597 1803 731 1843 noctis
759 1803 896 1853 aliquo
928 1808 1117 1852 tempore
1149 1801 1416 1842 consiliorum
1443 1813 1530 1842 ser-

129 1871 383 1910 monumque
405 1860 493 1900 eius
510 1861 628 1900 fieret
644 1859 874 1910 particeps,
906 1869 1137 1907 rursusque
1163 1860 1242 1898 sub
1267 1860 1401 1910 lucem
1418 1857 1530 1898 milia

128 1929 329 1967 passuum
359 1918 483 1967 paulo
505 1916 680 1966 amplius
715 1915 855 1965 uiginti
884 1917 1029 1955 eadem
1053 1919 1173 1954 ueste
1205 1913 1274 1954 illa
1289 1919 1424 1956 tectus
1439 1917 1531 1956 red·
1571 1933 1579 1948 ε

90 1980 110 2013 5
132 1974 228 2014 ibat.
288 1975 344 2013 At
383 1976 523 2021 nunc’,
552 1974 705 2023 inquit,
730 1972 889 2011 ‘uidere
906 1976 988 2019 est,
1014 1970 1290 2021 philosophos
1307 1971 1414 2010 ultro
1440 1982 1530 2010 cur-

129 2041 234 2078 rere,
252 2037 297 2069 ut
314 2030 504 2077 doceant,
529 2030 581 2068 ad
599 2031 710 2069 fores
729 2029 924 2068 iuuenum
942 2027 1113 2067 diuitum
1131 2038 1291 2076 eosque
1307 2026 1361 2066 ibi
1378 2027 1528 2067 sedere

131 2091 254 2136 atque
287 2085 467 2136 opperiri
497 2097 630 2136 prope
661 2086 713 2124 ad
744 2085 968 2132 meridiem,
998 2084 1132 2123 donec
1151 2083 1339 2134 discipuli
1365 2087 1530 2123 noctur-

130 2154 226 2182 num
246 2153 366 2182 omne
382 2141 521 2181 uinum
541 2141 801 2182 edormiant’.
1572 2136 1577 2151 ²
