1619 2476
179 82 261 123 130
738 85 827 123 XV.
857 94 912 122 vr.
936 95 1006 122 vu.

843 195 911 236 Vl.

176 275 214 311 ln
232 275 323 311 libro
342 275 392 311 M.
412 275 603 313 Ciceronis
622 277 667 313 de
687 278 806 325 gloria
831 275 999 312 secundo
1025 279 1261 315 manifestum
1285 284 1447 316 erratum
1468 281 1506 316 in
1527 291 1574 317 ea

334 336 459 378 parte,
483 334 518 368 in
542 345 615 380 qua
638 335 814 370 scribtum
840 337 897 369 cst
918 344 1031 380 super
1051 333 1208 370 Hectore
1232 339 1267 370 et
1286 336 1416 372 Aiace.

137 424 155 457 1
260 419 303 457 In
329 418 462 459 libro
485 420 538 459 M.
558 421 715 468 Tulli,
740 421 805 471 qui
827 422 1171 461 estsecundus
1197 422 1257 461 de
1275 422 1468 471 gloria
1491 433 1574 461 ma-

174 473 350 515 nifestus
373 487 490 515 error
513 482 675 517 estnon
695 489 867 528 magnae
890 477 961 526 1ei,
989 489 1110 527 quem
1133 489 1317 518 erlorem
1334 489 1453 527 esse,
1477 489 1574 529 pos-

174 530 227 570 sit
248 541 507 581 cognoscere
524 545 606 573 non
625 505 783 583 aliquis⁶
790 534 1057 582 eruditorum,
1079 535 1154 574 sed
1172 534 1242 584 qui
1255 538 1414 574 tantum
1430 533 1575 584 legerit

134 593 155 626 2
166 579 398 640 Ὁμήρου
417 583 472 628 τὸ
487 585 556 628 H.
589 590 863 639 Quamoblem
883 602 965 630 non
985 597 1063 631 tam
1081 591 1122 629 id
1139 590 1398 639 mirabamur,
1409 601 1574 630 errasse

173 642 213 682 in
247 654 296 683 ca
318 655 363 683 re
388 645 441 684 M.
470 646 708 693 Tullium,
743 658 865 710 quam
895 658 978 686 non
1007 658 1104 687 esse
1127 646 1463 686 animaduersum
1492 646 1574 686 hoc

177 704 328 750 postea
346 706 663 752 correctumque
679 704 745 741 uel
765 703 843 741 ab
834 715 925 753 ipso
943 704 1009 742 uel
1028 714 1053 743 a
1069 702 1223 743 Tiron
1237 715 1280 751 e,
1305 703 1450 743 liberto
1471 702 1571 750 cius,

175 755 488 806 diligentissimo
512 759 679 798 homine
701 764 741 798 et
763 759 959 799 librorum
980 759 1146 810 patroni
1167 759 1231 800 sui
1247 758 1571 800 studiosissimo.

137 819 157 850 a*
176 813 236 851 Ita
259 812 363 852 enim
383 814 582 865 scriptum
606 815 645 854 in
665 827 714 855 co
734 815 836 855 libro
857 820 940 855 est:
963 816 1111 866 Apud
1130 817 1346 856 eundem
1366 819 1573 866 poetam

173 870 328 916 AiaX,
388 881 492 909 cum
549 872 776 912 Hectore
828 872 1181 922 congrediens
1236 870 1573 923 depugnandi

173 935 351 973 causa,
394 927 522 976 agit,
561 934 612 967 ut
657 929 969 978 sepeliatur,
1012 928 1054 968 si
1085 928 1156 968 sit
1193 929 1333 968 forte
1376 927 1570 975 uictus,

172 980 536 1032 declaratque,
574 995 626 1024 se
662 985 822 1032 uelle,
858 990 910 1024 ut
941 996 1085 1024 suum
1116 986 1366 1024 tumulum
1395 982 1571 1023 multis

172 1038 323 1077 etiam
363 1045 484 1088 post
525 1041 750 1081 saeculis
791 1045 1195 1090 praetereuntes
1234 1041 1310 1081 sic
1358 1042 1572 1090 loquan-

170 1100 276 1133 tur:

227 1171 323 1210 Hic
376 1171 513 1211 situs
572 1176 650 1210 est
690 1172 832 1211 uitae
882 1172 1195 1224 iampridem
1241 1173 1433 1214 lumina
1480 1171 1572 1211 lin-

1005 1241 1191 1279 quens,

229 1283 317 1332 Qui
379 1284 633 1333 quondam
688 1285 940 1325 Hectoreo
1007 1287 1286 1335 perculsus
1340 1283 1619 1342 concidit>¹

890 1379 893 1381 .
1002 1353 1139 1380 ense

228 1394 446 1434 Fabitur
484 1395 612 1433 haec
650 1395 855 1444 aliquis,
895 1407 1002 1435 mea
1043 1408 1249 1447 semper
1291 1395 1463 1447 gloria
1500 1395 1571 1435 ui-

1002 1458 1103 1492 uet.

131 1547 155 1580 4
253 1541 384 1579 Huius
407 1547 541 1581 autem
562 1541 790 1580 sententiae
808 1554 971 1590 uersus,
992 1553 1098 1592 quos
1118 1542 1233 1581 Cice
1247 1553 1300 1582 ro
1324 1541 1364 1580 in
1385 1540 1567 1591 linguam
1612 1561 1613 1567 =

171 1595 355 1636 Latinam
379 1597 520 1645 uertit,
553 1609 635 1637 non
654 1597 759 1636 Aiax
778 1599 888 1648 apud
905 1599 942 1637 H
954 1609 977 1638 o
991 1609 1179 1637 merum
1197 1597 1294 1637 dicit
1309 1608 1445 1647 neque
1459 1596 1570 1636 Aiax

171 1652 273 1702 agit,
306 1658 352 1693 ut
375 1653 619 1703 sepeliatur,
657 1654 730 1693 scd
754 1655 910 1694 Hector
931 1654 1029 1694 dicit
1053 1659 1094 1694 et
1108 1655 1262 1694 Hector
1279 1653 1331 1693 de
1353 1653 1570 1703 sepultura

170 1708 273 1758 agit,
304 1709 546 1759 priusquam
579 1709 701 1757 sciat,
738 1721 788 1749 an
826 1710 931 1750 Aiax
962 1721 1104 1751 secum
1138 1709 1404 1760 depugnandi
1443 1719 1571 1749 causa

172 1775 475 1814 congressurus
508 1766 571 1805 sit.

824 1867 908 1907 VII.

173 1947 419 1984 obseruatum
443 1959 528 1985 esse
556 1950 592 1984 in
615 1950 768 1985 senibus
784 1979 792 1993 ,
819 1950 919 1996 quod
945 1960 1083 1985 annum
1108 1949 1184 1983 sere
1210 1948 1339 1984 aetatis
1365 1948 1511 1983 tertium
1528 1950 1568 1982 et

228 2005 533 2051 sexagensimum
551 2009 664 2052 agant
686 2010 748 2042 aut
765 2006 953 2042 laboribus
977 2009 1039 2041 aut
1063 2004 1212 2040 interitu
1235 2008 1299 2040 aut
1315 2003 1423 2041 clade
1440 2003 1565 2050 aliqua

227 2061 466 2108 insignitum3
500 2065 608 2108 atque
636 2061 723 2098 inibi
756 2073 869 2108 super
891 2061 1024 2098 eadem
1055 2061 1319 2098 obseruatione
1351 2059 1564 2106 exemplum

227 2117 441 2164 adpositum
467 2117 648 2164 epistulae
666 2117 742 2154 diui
759 2118 920 2165 Augusti
944 2116 993 2153 ad
1009 2117 1140 2153 Gaium
1155 2116 1285 2153 filium.

135 2220 153 2253 1
254 2214 526 2255 obseruatum
561 2215 599 2255 in
633 2217 758 2255 multa
787 2215 998 2257 hominum
1036 2215 1233 2255 memoria
1265 2219 1569 2265 expertumque·

168 2275 245 2316 est,
273 2270 504 2310 senioribus
523 2271 730 2321 plerisque
758 2272 946 2312 omnibus
970 2271 1304 2321 sexagensimum
1320 2270 1485 2311 tertium
1504 2268 1563 2308 ui·
1589 2300 1593 2307 .
