1619 2476
133 33 160 72 4
757 33 807 72 Χ.
838 43 897 72 111.

133 149 215 184 est
260 144 305 183 in
353 144 466 183 soro
510 154 675 192 eoque
714 144 967 184 adductus
1002 155 1123 185 suae
1165 143 1397 184 ciuitatis
1442 156 1526 185 no·

131 199 419 240 bilissimus
451 199 595 239 homo
618 200 671 238 Μ.
697 200 899 240 Marius.
944 200 1266 240 Vestimenta
1291 200 1530 241 detracta

130 261 275 303 sunt,
318 254 485 304 uirgis
522 266 709 295 caesus
742 261 833 296 est.
896 256 1098 304 Caleni,
1138 255 1223 296 ubi
1252 255 1306 295 id
1346 257 1529 296 audie-

129 317 276 358 runt,
332 311 636 359 edixerunt,
692 323 758 351 ne
808 312 920 361 quis
972 312 1025 352 in
1074 312 1280 352 balneis
1327 312 1529 353 lauisse

129 368 322 414 uellet,
387 378 494 406 curn
550 367 890 417 magistratus
939 369 1199 409 Romanus
1252 367 1323 407 ibi
1371 373 1528 408 esset.

129 422 397 462 Ferentini
448 423 511 462 ob
564 424 778 463 eandem
830 435 1034 465 causam
1085 428 1300 474 praetor
1346 429 1530 464 noster

131 484 442 529 quaestores
469 479 632 529 arripi
660 479 846 528 iussit;
878 482 1011 520 alter
1035 492 1096 520 se
1125 480 1189 519 de
1217 491 1357 520 muro
1389 480 1529 520 deie-

131 535 221 582 cit,
254 536 388 574 alter
415 546 645 585 prensus
670 541 716 575 et
739 536 904 586 uirgis
927 548 1113 576 caesus
1135 541 1226 576 est.

90 605 114 639 4
211 593 254 630 In
290 597 372 630 tam
403 591 531 631 atroci
562 603 607 631 re
639 603 686 631 ac
719 597 801 631 tam
832 592 981 633 misera
1013 598 1137 642 atque
1171 598 1328 632 maesta
1360 591 1529 632 iniuriae

129 647 322 698 publicae
359 647 683 696 contestatione,
718 648 867 698 ecquid
899 655 982 697 est,
1017 649 1129 699 quod
1159 653 1230 688 aut
1260 648 1449 699 ampliter
1473 648 1530 688 in-

131 703 387 754 signiterque
419 709 488 743 aut
508 704 727 745 lacrimose
745 709 868 755 atque
887 705 1130 745 miseranter
1150 709 1221 744 aut
1246 705 1372 745 multa
1391 704 1530 755 copio-

131 771 262 810 saque
283 760 437 800 inuidia
453 760 719 810 grauiterque
747 766 787 800 et
809 761 1053 811 penetrabili
1073 760 1331 811 querimonia
1356 760 1530 801 dixerit?

128 817 314 856 breuitas
335 827 437 856 sane
468 822 509 855 et
530 822 731 857 uenustas
753 822 792 857 et
822 818 1042 858 mundities
1075 816 1272 858 orationis
1296 821 1372 866 est,
1398 818 1529 868 qualis

128 873 272 912 haberi
290 873 418 912 ferme
433 872 472 911 in
496 873 805 914 comoediarum
824 874 1112 914 festiuitatibus
1131 874 1250 914 solet.

92 943 113 977 5
212 930 314 968 Item
337 930 603 969 Gracchus
637 930 715 970 alio
738 930 776 969 in
798 931 891 971 loco
914 931 968 970 ita
987 930 1102 970 dicit:
1135 931 1336 979 Quanta
1365 928 1528 970 libido

132 990 436 1035 quantaque
492 985 908 1036 intemperantia
956 987 1025 1026 sit
1082 985 1342 1026 hominurn
1401 986 1530 1025 adu-

127 1042 468 1090 lescentium,
512 1054 658 1081 unum
704 1045 996 1094 exemplum
1040 1042 1191 1083 uobis
1242 1042 1527 1082 ostendam.

127 1097 216 1137 His
249 1098 399 1138 annis
428 1098 609 1147 paucis
648 1111 705 1138 ex
741 1100 923 1148 [sc.in]
954 1099 1161 1147 Asia[m]
1195 1098 1388 1138 missus
1421 1103 1528 1146 est,

130 1153 213 1203 qui
259 1165 351 1204 per
395 1155 448 1193 id
495 1160 701 1205 tempus
748 1155 1106 1205 magistratum
1149 1166 1244 1195 non
1288 1159 1528 1204 ceperat,

127 1210 277 1250 homo
337 1211 661 1251 adulescens
711 1223 803 1261 pro
857 1214 1045 1261 legato.
1125 1213 1178 1250 Is
1231 1211 1285 1250 in
1335 1210 1530 1249 lectica

127 1266 414 1306 ferebatur.
489 1268 549 1306 Ei
590 1267 796 1307 obuiam
833 1268 1093 1307 bubulcus
1140 1268 1206 1305 de
1248 1265 1401 1316 plebe
1428 1267 1529 1305 Ve-

126 1321 320 1361 nusina
366 1323 581 1362 aduenit
626 1328 679 1361 et
724 1335 817 1372 per
861 1324 1056 1371 iocum,
1104 1333 1212 1362 cum
1258 1322 1531 1371 ignoraret

128 1377 212 1426 qui
256 1379 512 1425 ferretur,
570 1378 803 1427 rogauit,
854 1390 968 1418 num
1012 1383 1264 1418 mortuum
1315 1379 1528 1417 ferrent.

125 1432 225 1471 Vbi
256 1433 311 1472 id
340 1434 570 1482 audiuit,
603 1434 844 1474 lecticam
883 1434 1045 1474 iussit
1075 1434 1288 1484 deponi,
1321 1438 1528 1483 st[r]up-

126 1489 237 1539 pis,
275 1490 465 1540 quibus
498 1490 693 1530 lectica
727 1490 959 1540 deligata
1001 1496 1144 1538 erat,
1190 1501 1358 1540 usque
1399 1491 1526 1530 adeo

126 1546 396 1586 uerberari
431 1547 607 1595 iussit,
647 1547 760 1586 dum
798 1547 1016 1586 animam
1052 1545 1276 1586 efflauit.

90 1607 112 1642 6
215 1603 328 1642 Haec
361 1602 528 1652 quidem
560 1602 689 1643 oratio
727 1615 854 1653 super
889 1609 971 1642 tam
995 1603 1177 1643 uiolento
1215 1607 1339 1652 atque
1373 1601 1527 1641 crudeli

91 1658 312 1699 7sacinore
343 1659 440 1698 nihil
469 1661 658 1709 profecto
692 1660 810 1699 abest
843 1671 866 1698 a
890 1659 1106 1700 cotidianis
1137 1657 1411 1698 sermonibus.
1472 1659 1528 1696 At

130 1715 283 1764 cumin
316 1715 436 1754 simili
469 1727 594 1755 causa
623 1721 722 1765 aput
741 1717 794 1755 M.
819 1715 1037 1755 Tullium
1062 1715 1174 1755 ciues
1195 1713 1390 1761 Romani,
1412 1712 1527 1753 inno-

130 1776 272 1811 centes
291 1771 387 1820 uiri,
421 1777 565 1812 contra
587 1773 650 1812 ius
672 1777 902 1821 contraque
921 1772 1034 1820 leges
1056 1770 1183 1820 uirgis
1208 1770 1439 1826 caeduntur
1458 1774 1528 1809 aut

130 1827 335 1877 supplicio
361 1833 546 1867 extremo
571 1833 781 1876 necantur,
814 1839 920 1878 quae
950 1826 1005 1866 ibi
1024 1832 1122 1867 tunc
1152 1825 1389 1867 miseratio?
1421 1836 1527 1875 quae

131 1884 434 1933 comploratio?
465 1896 571 1934 quae
591 1884 718 1924 totius
736 1885 793 1924 rei
821 1884 897 1923 sub
925 1884 1070 1923 oculos
1093 1880 1324 1923 subiectio?
1355 1882 1469 1932 quod
1487 1887 1528 1921 et

91 1945 114 1979 8
134 1941 254 1988 quale
277 1940 456 1980 inuidiae
479 1945 602 1990 atque
623 1940 856 1980 acerbitatis
889 1941 1036 1980 fretum
1057 1937 1321 1978 efferuescit?
1348 1938 1527 1977 animum

130 1996 268 2035 hercle
286 2008 435 2044 meum,
461 2007 552 2036 cum
570 1997 635 2035 illa
652 1998 705 2036 Μ.
728 1995 1001 2036 Ciceronis
1028 1996 1134 2044 lego,
1163 1993 1298 2044 imago
1323 1994 1526 2044 quaedam

130 2056 171 2089 et
192 2064 322 2092 sonus
344 2053 563 2092 uerberum
585 2057 626 2092 et
641 2064 792 2093 uocum
817 2057 857 2091 et
878 2050 1140 2092 eiulationum
1157 2050 1504 2100 circumplectitur
1513 2063 1524 2097 ;

88 2112 112 2148 9
130 2108 243 2146 uelut
266 2114 362 2148 sunt
381 2109 472 2156 ista,
506 2121 612 2158 quae
630 2110 681 2147 de
705 2110 744 2148 C.
762 2110 894 2147 Verre
916 2106 1024 2154 dicit,
1047 2117 1153 2156 quae
1172 2117 1263 2154 nos,
1291 2111 1337 2146 ut
1353 2106 1392 2146 in
1408 2116 1525 2156 prae-

130 2173 227 2202 sens
238 2164 462 2212 potuimus‚
476 2170 671 2214 quantum
685 2163 881 2204 memoria
893 2162 1194 2211 subpeditabat,
1205 2162 1522 2204 adscribsimus:

127 2219 243 2268 Ipse
264 2219 609 2260 inflammatus
628 2222 835 2261 scelere
854 2224 902 2259 et
924 2219 1098 2259 surore
1119 2217 1166 2257 in
1189 2219 1349 2259 forum
1368 2217 1520 2258 uenit.
