1603 2508
427 70 576 107 INDEX
615 70 975 108 CAPITVLORVM.
1353 71 1407 114 13

107 185 156 220 V.
189 183 408 222 Cuiusmodi
436 185 519 220 ioco
545 184 781 221 ineauillatus
803 186 849 221 sit
863 185 1092 223 Antiochum
1110 198 1240 234 regem
1257 188 1406 225 Poenus

0 241 192 279 Hannibal.

106 298 172 334 VI.
201 298 256 334 De
275 299 426 334 coronis
443 299 686 342 militaribus;
707 309 802 345 quae
822 299 868 333 sit
883 309 1012 335 earum
1028 300 1263 347 triumphalis
1276 329 1285 346 ‚
1311 312 1406 348 quae

0 351 264 400 obsidionalis,
298 366 394 402 quae
418 355 559 399 ciuica,
593 366 688 402 quae
716 356 888 399 muralis,
931 367 1025 402 quae
1052 358 1278 402 castrensis,
1310 369 1406 405 quae

0 412 141 449 naualis
154 440 164 457 ,
183 423 279 459 quae
297 413 419 448 oualis
431 440 440 457 ,
465 423 560 459 quae
577 413 790 459 oleaginea.

105 469 188 505 VH.
218 470 409 506 Personae
425 469 650 505 uocabulum
668 480 779 516 quam
796 468 919 515 lepide
935 470 1197 516 interpretatus
1216 472 1263 507 sit
1280 482 1406 518 quam-

0 536 66 572 ]ue
83 536 171 562 esse
187 526 294 562 uocis
312 527 394 562 eius
412 526 597 574 originem
616 525 751 561 dixerit
769 525 910 561 Gauius
927 526 1085 563 Bassus.

105 583 203 618 VIII.
231 582 418 619 Defensus
433 593 538 619 error
557 594 578 618 a
594 583 754 630 Vergilii
773 583 967 626 uersibus,
987 594 1080 630 quos
1099 589 1276 631 arguerat
1291 584 1405 621 Iulius

0 631 168 687 Hyginus
186 640 476 686 grainmatieus;
508 644 543 674 et
559 640 716 684 ibidem,
735 639 826 686 quid
845 640 891 674 sit
908 640 1044 684 lituus3
1075 640 1197 687 deque
1223 636 1405 688 ἐτυμολο-

0 693 60 749 γίᾳ
77 697 184 739 uocis
204 696 301 732 eius.

56 765 70 781 ἡ·
105 753 219 789 VIIII.
243 753 408 789 Historia
426 752 472 788 de
492 752 621 789 Croesi
642 752 717 788 filio
737 758 887 800 sumpta
905 765 950 788 ex
968 753 1148 789 Herodoti
1164 755 1282 790 libris.

104 809 153 846 X.
187 810 243 845 De
268 810 520 857 argumentis,
547 821 642 856 quae
667 810 810 846 Graece
830 801 1139 860 ἀντιστρέφοντα
1156 812 1404 858 appellantur,

0 877 15 902 1
31 867 139 903 nobis
157 867 353 914 reciproca
372 866 447 902 diei
465 871 638 914 possunt.

103 923 169 959 XI.
199 923 343 960 Biantis
363 923 409 959 de
428 935 467 959 re
484 925 617 960 uxoria
636 925 898 971 syllogismum
923 935 997 959 non
1020 935 1135 970 posse
1157 923 1276 960 uideri
1302 914 1406 961 ἄντι-

0 976 185 1030 ῖτρὲφειν.

103 1037 185 1073 XII.
226 1037 280 1073 De
312 1037 525 1073 nominibus
558 1037 713 1072 deorum
743 1038 871 1084 populi
903 1037 1061 1073 Romani
1091 1037 1234 1072 Diiouis
1268 1042 1302 1072 et
1332 1039 1407 1073 Ve-

0 1093 148 1130 diiouis.

103 1150 201 1186 XIII.
239 1149 292 1185 De
317 1149 528 1185 officiorum
555 1150 677 1197 gradu
703 1154 811 1197 alque
838 1150 969 1185 ordine
999 1150 1163 1186 moribus
1188 1152 1318 1197 populi
1334 1150 1406 1186 Ro-

0 1207 93 1244 mani
110 1209 326 1244 obseruato.

105 1264 219 1300 XIIII.
251 1263 361 1308 Quod
379 1263 524 1310 Apion,
555 1263 686 1299 doetus
704 1264 838 1306 homo,
866 1264 928 1309 qui
946 1263 1168 1299 Plistonices
1195 1265 1406 1311 appellatus

0 1324 71 1365 est,
100 1319 244 1357 uidisse
263 1331 303 1356 se
320 1321 463 1356 Romae
481 1321 632 1367 scripsit
648 1321 945 1367 recognitionem
962 1321 1055 1356 inter
1074 1331 1160 1356 sese
1179 1326 1345 1357 mutuam
1361 1332 1409 1357 ex

0 1377 265 1414 uetere-notitia
280 1377 444 1413 hominis
464 1381 499 1412 et
515 1378 649 1413 leonis.

105 1446 190 1482 XV.
231 1444 425 1492 Corpusne
462 1446 508 1481 sit
536 1457 613 1481 uox
638 1456 685 1480 an
718 1436 939 1492 ἀσώματον,
973 1445 1099 1481 uarias
1129 1455 1214 1480 esse
1241 1444 1409 1491 philoso-

0 1502 154 1550 phorum
175 1503 392 1538 sententias.

105 1559 205 1595 XVI.
234 1560 288 1595 De
305 1560 343 1595 ui
361 1560 556 1595 oculorum
575 1558 695 1604 deque
715 1558 869 1593 uidendi
888 1559 1109 1595 rationibus.

8 1674 13 1675 ⁷
105 1625 222 1661 XVII.
255 1626 375 1671 Quam
406 1628 453 1662 ob
486 1636 642 1661 eausam
673 1624 754 1660 dies
779 1626 888 1671 primi
914 1629 999 1670 post
1021 1623 1233 1668 Kalendas,
1265 1625 1407 1670 Nonas,

0 1681 82 1719 [dus
105 1683 175 1719 atri
199 1683 430 1727 habeantur;
461 1687 497 1718 et
525 1693 591 1718 eur
617 1681 717 1717 diem
748 1692 895 1728 quoque
913 1685 1085 1727 quartum
1111 1685 1195 1717 ante
1214 1681 1409 1718 Kalendas

0 1740 56 1776 uel
71 1739 200 1776 Nonas
216 1741 279 1776 uel
296 1739 387 1776 Idus
405 1740 513 1786 quasi
530 1739 751 1786 religiosum
767 1738 937 1785 plerique
955 1738 1083 1773 uitent.

106 1804 240 1840 XVIII.
283 1805 325 1841 In
355 1804 446 1852 quid
476 1809 511 1840 et
545 1808 722 1851 quantum
750 1803 900 1839 differat
924 1803 1082 1839 historia
1115 1805 1159 1838 ab
1188 1805 1409 1850 annalibus3

0 1871 184 1908 superque
214 1872 260 1897 ea
284 1872 324 1897 re
352 1863 469 1898 uerba
493 1862 618 1908 posita
643 1872 691 1896 ex
716 1861 809 1897 libro
836 1871 959 1896 rerum
983 1864 1176 1908 gestarum
1194 1860 1411 1908 Sempronii

0 1917 201 1954 Asellionis
217 1919 354 1965 primo.

107 1985 257 2022 XVIIII.
290 1985 390 2030 Quid
406 1986 453 2021 sit
471 1985 662 2032 adoptatio
677 2014 685 2030 ,
706 1985 796 2032 quid
814 1986 898 2021 item
918 1986 964 2021 sit
981 1984 1199 2031 adroga1i0‚
1218 1990 1413 2032 quantum-

0 2050 68 2095 qssue
89 2042 186 2089 haee
210 2043 306 2078 inter
335 2053 376 2078 se
402 2041 579 2078 differant
590 2052 599 2086 ;
630 2044 820 2089 uerbaque
852 2042 934 2077 eius
965 2052 1061 2087 quae
1093 2042 1293 2089 qualiaque
1327 2044 1411 2087 sint,

0 2099 62 2146 qui
79 2099 118 2135 in
132 2099 259 2136 liberis
278 2098 512 2147 adrogandis
531 2109 645 2145 super
664 2110 710 2135 ea
727 2110 766 2134 re
782 2100 963 2146 populum
981 2103 1102 2145 rogat.

21 2206 24 2207 ⁷
109 2165 194 2202 XX.
226 2166 338 2212 Quod
356 2167 581 2203 uocabulum
597 2168 768 2204 Latinum
787 2167 1013 2202 soloecismo
1039 2168 1168 2203 feeerit
1184 2167 1312 2215 Capito
1331 2167 1412 2205 Sin-

1 2221 82 2276 nius
94 2250 104 2266 ,
121 2223 214 2269 quid
230 2227 355 2259 autem
382 2223 422 2259 id
440 2224 565 2270 ipsum
582 2225 856 2271 appellauerint
876 2227 1021 2259 ueteres
1042 2225 1182 2269 Latini;
1203 2226 1413 2272 quibusque

3 2279 130 2315 uerbis
148 2281 417 2317 soloecismum
435 2280 622 2317 definierit
638 2281 739 2317 idem
760 2281 887 2328 Capito
907 2281 1075 2319 Sinnius.
