1603 2508
422 59 570 96 INDEX
608 58 968 97 CAPITVLORVM.
1073 111 1077 114 ι
1359 58 1411 100 11

0 175 87 212 ticio
112 175 330 212 consulum:
367 173 570 212 Senatores
589 174 797 221 quibusque
821 175 858 210 in
885 178 1020 210 senatu
1045 175 1268 212 sententiam
1285 175 1411 213 dicere

0 232 102 270 licet.

3 287 14 293 ³
111 287 260 324 XVIIII.
293 288 374 333 Qua
397 288 541 324 ratione
570 287 710 324 Gauius
726 288 870 324 Bassus
895 289 1090 335 scripserit
1113 299 1268 336 parcum
1293 289 1413 325 homi-

0 355 86 382 nem
114 345 344 392 appellatum
368 349 404 380 et
429 356 540 392 quam
567 355 654 380 esse
680 345 761 380 eius
794 346 968 381 uocabuli
999 356 1153 381 eausam
1186 346 1342 392 putarit;
1378 351 1414 381 et

0 405 149 446 eontra,
169 413 280 449 quem
312 403 349 438 in
374 401 529 438 modum
555 402 764 448 quibusque
791 402 916 438 uerbis
943 403 1155 438 Fauorinus
1180 402 1278 439 hanc
1298 403 1411 440 tradi-

2 458 143 495 tionem
163 459 246 495 eius
263 459 430 495 eluserit.

354 547 618 599 CAPITVLA
663 559 801 598 LIBRI
850 560 1062 609 QVARTI.

112 655 141 690 Ι.
170 654 302 692 Sermo
319 652 471 699 quidam
483 653 659 688 Fauorini
676 652 893 700 philosophi
911 664 995 689 cuin
1012 653 1255 701 grammatico
1274 652 1412 689 iaetan-

0 712 92 748 tiore
117 712 236 748 sactus
262 711 301 746 in
324 709 557 747 Socraticum
587 709 761 754 modum;
792 714 900 756 atque
928 710 977 746 ibi
1003 711 1039 745 in
1060 720 1233 745 sermone
1259 709 1410 753 dictum,

0 769 134 815 quibus
162 768 289 804 uerbis
315 777 436 814 penus
465 777 487 802 a
516 766 560 810 Q.
579 765 766 803 Scaeuola
793 766 945 802 definita
974 768 1040 811 sit;
1071 766 1245 813 quodque
1278 766 1412 802 eadem

0 823 165 861 definitio
183 826 331 872 culpata
346 822 653 870 reprehensaque
672 827 742 859 est.

111 881 156 917 II.
187 882 342 917 Morbus
360 884 396 915 et
412 880 540 916 uitium
567 880 657 927 quid
683 879 830 916 differat
857 884 891 916 et
917 891 1028 926 quam
1053 881 1129 915 uim
1154 880 1317 916 habeant
1346 892 1410 916 uo-

0 938 136 975 cabula
151 938 223 975 ista
239 939 276 974 in
302 936 425 974 edicto
452 936 651 981 aedilium;
684 941 718 972 et
736 938 816 982 [an]
831 948 877 972 ne
903 937 1098 973 eunuchus
1117 941 1151 972 et
1168 938 1313 972 steriles
1332 949 1410 973 mu-

0 995 111 1031 lieres
128 994 304 1032 rethiberi
320 994 469 1041 possint
497 993 748 1040 diuersaeque
768 1005 880 1041 super
899 1005 943 1030 ea
961 1005 1000 1029 re
1020 994 1238 1030 sententiae.

56 1074 58 1076 v
111 1051 172 1087 III.
203 1051 313 1096 Quod
338 1051 461 1086 nullae
486 1051 623 1086 suerint
648 1052 702 1086 rei
730 1052 886 1086 uxoriae
915 1052 1080 1086 actiones
1111 1051 1147 1086 in
1175 1052 1265 1086 urbe
1291 1051 1410 1087 Roma

0 1110 83 1144 ante
102 1106 356 1144 Caruilianum
381 1106 607 1151 diuortium3
637 1112 747 1154 atque
776 1108 886 1151 inibi,
923 1107 1013 1154 quid
1047 1108 1092 1143 sit
1123 1108 1274 1154 proprie
1300 1108 1411 1154 pelex

0 1174 171 1211 quaeque
188 1165 271 1200 eius
290 1164 465 1200 uocabuli
482 1164 574 1200 ratio
594 1165 653 1199 sit.

115 1221 191 1259 1111.
231 1220 330 1266 Quid
361 1219 517 1257 Seruius
550 1220 739 1267 Sulpicius
770 1221 807 1256 in
839 1222 953 1264 libro,
988 1222 1049 1268 qui
1083 1225 1139 1256 est
1168 1221 1214 1256 de
1247 1220 1408 1265 dotibus,

0 1277 196 1324 scripserit
213 1276 259 1314 de
274 1277 356 1314 iure
373 1280 482 1323 atque
500 1288 604 1312 more
622 1282 791 1313 ueterum
810 1278 1103 1325 sponsaliorum.

112 1334 161 1369 V.
191 1334 355 1370 Historia
373 1338 522 1370 narrata
540 1333 585 1369 de
601 1333 760 1381 pertidia
778 1335 994 1381 aruspicum
1011 1335 1274 1379 Etruseorum3
1293 1334 1410 1381 quod·

0 1401 70 1438 que
88 1392 134 1427 ob
151 1402 233 1427 eam
249 1401 328 1426 rem
347 1401 483 1426 uersus
500 1390 560 1426 hic
580 1402 600 1426 a
617 1392 746 1436 pueris
764 1391 907 1427 Romae
928 1393 1018 1427 urbe
1044 1395 1119 1427 tota
1145 1396 1313 1427 cantatus
1332 1396 1408 1427 est:

0 1447 136 1484 Malum
154 1448 354 1483 eonsilium
370 1448 573 1482 consultori
590 1448 798 1494 pessimum
815 1452 886 1483 est.

111 1515 176 1551 VI.
205 1515 333 1551 Verba
360 1514 499 1550 ueteris
533 1516 850 1551 senatusconsulti
883 1516 972 1558 sita,
1007 1526 1079 1561 quo
1113 1514 1304 1551 decretum
1338 1518 1407 1558 est,

0 1571 130 1608 hostiis
145 1571 351 1608 maioribus
369 1570 618 1617 expiandum,
646 1571 746 1617 quod
763 1572 801 1607 in
825 1572 991 1607 sacrario
1009 1571 1141 1607 hastae
1159 1572 1314 1608 Martiae
1331 1581 1408 1606 mo-

0 1628 162 1673 uissent3
194 1632 304 1675 atque
320 1628 370 1664 ibi
387 1632 618 1672 enarratum,
653 1627 742 1675 quid
760 1628 831 1663 sint
848 1628 994 1664 hostiae
1015 1627 1286 1671 sucefflaneae,
1319 1626 1410 1673 quid

0 1685 86 1721 item
108 1695 226 1731 porea
249 1683 528 1732 praecidanea;
562 1688 597 1718 et
628 1683 729 1731 quod
760 1683 888 1730 Capito
914 1685 1046 1720 Ateius
1079 1685 1193 1720 serias
1225 1683 1409 1730 quasdam

1 1741 271 1788 praecidaneas
288 1741 505 1788 appellauit.

109 1798 191 1833 VII.
234 1797 288 1833 De
318 1798 478 1844 epistula
514 1797 658 1832 Valerii
688 1797 798 1832 Probi
841 1797 1073 1843 grammatici
1113 1796 1161 1832 ad
1190 1796 1406 1832 Marcellum

1 1855 137 1901 scripta
159 1865 272 1901 super
288 1858 445 1890 accentu
461 1853 654 1889 nominum
672 1852 907 1899 quorundam
926 1854 1187 1888 Poenicorum.

112 1921 210 1956 VIII.
236 1921 335 1966 Quid
360 1920 611 1958 C.Fabrieius
639 1921 684 1956 de
711 1919 882 1956 Cornelio
908 1920 1064 1964 Rufino,
1095 1920 1247 1956 homine
1277 1929 1405 1955 auaro.

4 1978 154 2022 dixerit,
186 1988 317 2024 quem,
371 1989 456 2013 eum
487 1976 631 2013 odisset
682 1977 930 2023 inimicusque
959 1981 1080 2020 esset,
1128 1975 1407 2023 designandum

5 2040 123 2074 *ammi
141 2035 336 2070 consulem
353 2034 510 2070 curauit.

112 2101 226 2137 VIIII.
258 2100 357 2146 Quid
373 2101 560 2148 significet
586 2101 738 2147 proprie
755 2101 978 2147 religiosus;
1008 2102 1043 2134 ct
1068 2098 1105 2134 in
1132 2108 1226 2144 quae
1257 2098 1406 2133 diuorti-

7 2158 85 2194 sula
101 2158 325 2205 significatio
343 2158 450 2194 istius
466 2157 641 2194 uocabuli
658 2157 758 2193 flexa
776 2157 842 2200 sit;
875 2160 908 2191 et
934 2157 1049 2192 uerba
1065 2154 1207 2202 Nigidii
1222 2154 1344 2200 Figuli
1360 2164 1408 2189 ex

8 2205 278 2251 iommentariis
296 2214 377 2250 eius
395 2225 510 2261 super
526 2225 571 2250 ea
588 2225 628 2249 re
645 2218 807 2260 sumpta.

111 2269 160 2306 X.
190 2270 289 2316 Quid
305 2271 545 2307 obseruatum
572 2269 617 2306 de
633 2267 764 2304 ordine
782 2265 1038 2314 rogandarum
1054 2264 1092 2301 in
1111 2268 1244 2302 senatu
1261 2268 1409 2301 senten·
