1603 2508
606 74 731 113 VIIII.
758 83 849 112 v111.
882 83 991 113 vnn.
1423 72 1505 114 241

93 185 326 228 desiderari
347 187 400 227 ad
422 187 570 235 multa,
601 197 708 237 quae
732 186 908 235 habeas,
937 186 1105 227 tuenda.
1169 184 1364 237 Quisquis
1383 185 1507 236 igitur
1524 193 1547 229 3

91 245 218 285 multa
239 243 400 284 habens
435 254 586 283 cauere
609 248 735 294 atque
764 243 1011 294 prospicere
1031 242 1150 291 uelit,
1180 255 1232 284 ne
1258 243 1357 293 quid
1384 250 1505 293 egeat

90 312 200 342 neue
220 299 319 351 quid
350 300 476 349 desit,
510 300 668 340 iactura
692 311 798 350 opus
819 312 936 348 esse,
969 311 1053 341 non
1081 305 1271 351 quaestu,
1303 306 1344 340 et
1366 300 1503 340 minus

89 357 328 398 habendum
347 369 464 406 esse,
492 362 539 398 ut
561 356 695 397 minus
716 356 833 398 desit.

175 438 294 477 Hanc
325 435 575 477 sententiam
611 436 776 477 memini
810 449 833 476 a
865 435 1128 476 Fauorino
1168 435 1275 476 inter
1311 436 1502 486 ingentes
1525 438 1548 472 4

92 493 274 535 omnium
302 495 507 534 clamores
535 494 796 535 detornatam
828 493 1117 543 inclusamque
1137 493 1278 533 uerbis
1309 493 1373 533 his
1405 505 1505 544 p-au

91 550 290 592 cissimis.
324 554 337 574 ³
353 545 445 590 Τὸν
464 546 550 603 γὰρ
567 549 745 615 μυρίων
763 547 837 590 καὶ
865 549 1241 619 πεντακισχιλίων
1258 546 1505 615 χλαμύδων

90 603 311 673 δεόμενον
341 601 427 647 οὐκ
459 606 553 648 ἔστι
583 602 642 673 μὴ
676 604 901 647 πλειόνων
917 604 1133 672 ῥεῖσθαι·
1184 598 1250 654 οἷς
1289 602 1376 661 γὰρ
1419 605 1501 659 ἔχω

89 659 446 719 προσδεόμενος,
473 657 659 717 ἄφελων
677 654 743 704 ὦν
767 663 874 718 ἔχω,
904 656 1131 717 ἀρκοῦμαι
1148 655 1215 712 οἷς
1232 661 1358 716 ἔχω’.

742 824 867 865 V1111.

89 917 181 963 Quis
205 917 342 954 modus
370 919 416 954 sit
437 918 610 954 uertendi
637 919 755 954 uerba
778 919 816 954 in
844 918 1009 956 Graecas
1037 919 1263 963 sententias3
1294 917 1416 965 deque
1443 917 1504 955 his

142 974 298 1012 Homeri
314 976 504 1020 uersibus,
534 986 629 1022 quos
650 975 844 1023 Vergilius
869 976 1030 1013 uertisse
1054 980 1117 1012 aut
1137 977 1232 1012 bene
1257 979 1416 1023 apteque
1442 979 1506 1010 avt

143 1032 336 1080 inproprie
354 1032 591 1069 existimatus
613 1037 684 1068 est.

170 1131 344 1181 Quando
358 1143 410 1172 ex
427 1131 633 1182 poematis
648 1131 817 1173 Graecis
835 1132 1063 1173 uertendae
1080 1130 1387 1182 imitandaeque
1405 1136 1502 1171 sunt
1523 1139 1542 1172 1

85 1187 269 1239 insignes
295 1188 546 1237 sententiae,
579 1200 663 1229 non
683 1200 851 1240 semper
867 1188 981 1229 aiunt
1006 1188 1266 1236 enitendum,
1297 1193 1343 1228 ut
1363 1188 1501 1228 omnia

86 1244 253 1287 omnino
270 1245 401 1285 uerba
425 1245 465 1285 in
485 1256 592 1293 eum,
612 1244 652 1285 in
672 1257 796 1296 quem
814 1245 924 1286 dicta
946 1251 1055 1294 sunt,
1075 1245 1246 1286 modum
1268 1250 1496 1285 uertamus.

85 1302 267 1342 Perdunt
283 1300 391 1342 enim
408 1301 581 1352 gratIam
606 1303 829 1353 pleraque,
862 1302 898 1343 si
916 1301 1035 1354 quasi
1055 1302 1184 1343 inuita
1207 1306 1248 1341 et
1264 1301 1501 1342 recusantia
1519 1308 1541 1342 2

84 1358 305 1400 uiolentius
320 1359 638 1399 transferantur.
703 1359 814 1400 Scite
832 1371 932 1410 ergo
960 1365 1001 1399 et
1028 1359 1294 1400 considerate
1315 1360 1350 1397 V
1363 1370 1384 1398 e
1396 1358 1498 1409 rgi—
1516 1364 1538 1399 3

83 1414 202 1464 lius,
234 1426 328 1456 cum
357 1420 428 1456 aut
452 1415 659 1456 Homeri
684 1421 755 1456 aut
779 1416 998 1457 Hesiodi
1025 1422 1096 1456 aut
1119 1415 1399 1467 Apollonii
1430 1420 1500 1455 aut

84 1471 349 1512 Parthenii
389 1477 460 1513 aut
500 1472 808 1513 Callimachi
850 1479 920 1514 aut
962 1472 1235 1514 Theocriti
1279 1477 1350 1512 aut
1390 1484 1500 1523 quo-

20 1550 22 1553 ·
82 1528 257 1569 fundam
292 1527 468 1570 aliorum
500 1529 619 1570 locos
654 1529 891 1580 effingeret,
927 1529 1075 1581 partim
1107 1528 1293 1580 reliquit,
1328 1528 1407 1569 alia
1431 1540 1499 1569 ex-

0 1756 16 1824 ἒ

4 1843 18 1865 ’ἃ

83 1584 250 1636 pressit.

167 1664 295 1706 Sicuti
328 1664 586 1716 nuperrime,
617 1671 718 1717 aput
743 1677 931 1706 mensam
950 1677 1044 1706 cum
1061 1667 1301 1716 legerentur
1316 1669 1496 1714 utraque
1515 1666 1538 1700 4

82 1721 203 1763 simul
218 1721 472 1764 Bucolica
489 1723 627 1764 Theo
642 1722 713 1763 cri
727 1722 764 1761 ti
789 1728 830 1762 et
844 1722 1081 1773 Vergilii,
1110 1720 1494 1769 animaduertimus,

79 1778 301 1830 reliquisse
327 1779 637 1830 Vergilium,
673 1780 788 1830 quod
818 1779 1021 1819 Graecum
1050 1778 1218 1829 quidem
1243 1777 1346 1818 mire
1371 1789 1496 1828 quam

81 1846 213 1877 suaue
229 1840 311 1884 est,
335 1835 441 1876 uerti
458 1841 596 1877 autem
614 1848 752 1887 neque
771 1835 915 1876 debuit
931 1846 1069 1886 neque
1096 1835 1245 1887 potuit.
1280 1834 1366 1875 Sed
1388 1833 1496 1874 enim
1514 1835 1535 1869 5

11 1894 22 1960 ἱθ
80 1893 194 1943 quod
207 1891 419 1934 substituit
435 1904 512 1943 pro
533 1904 598 1942 eo,
619 1894 733 1945 quod
752 1892 961 1941 omiserat,
980 1903 1065 1933 non
1084 1893 1216 1941 abest,
1240 1890 1339 1942 quin
1354 1890 1496 1932 iucun-

80 1948 173 1990 dius
189 1948 458 2001 lepidiusque
483 1949 556 1990 sit:

2 2360 59 2508 βῆξαι
0 2306 23 2344 ⁴³-
15 2274 20 2281 .
11 2251 15 2253 ›
0 2228 1 2231 ⁴
8 2160 11 2161 =
17 2121 22 2127 .

135 2047 338 2093 Βάλλει
363 2049 453 2093 καὶ
476 2050 703 2106 μάλοισι
732 2048 830 2093 τὸν
861 2049 1099 2092 αἰπόλον
1129 2045 1156 2091 ἁ
1181 2050 1494 2104 Κλεαρίστα

141 2103 245 2158 Τὰς
299 2102 455 2162 αἶγας
501 2110 823 2163 παρελᾶντα
870 2106 961 2150 καὶ
1009 2103 1112 2150 ἁδύ
1161 2122 1216 2149 τι
1259 2119 1494 2149 ποππυ-

918 2168 1008 2206 λια
1049 2179 1116 2215 ει,
1154 2189 1212 2195 —

133 2231 265 2273 Malo
288 2243 363 2273 me
389 2234 605 2274 Galatea
628 2233 786 2285 petit,
817 2161 1250 2285 lasciuagpuella,
1505 2239 1528 2274 6

132 2287 192 2327 Et
215 2287 351 2338 fugit
376 2290 436 2330 ad
458 2290 655 2331 salices
684 2297 735 2330 et
758 2302 812 2331 se
836 2289 982 2341 cupit
1006 2296 1124 2330 ante
1146 2290 1329 2330 uideri.

196 2347 364 2385 Gnmvs.
1209 2347 1261 2387 16
