1619 2476
143 49 226 91 252
692 49 780 88 XX.
794 89 795 93 ,
813 61 919 90 v1111.
943 62 985 90 x.

105 171 127 204 2
145 162 234 209 diti,
267 164 357 211 qual
363 162 400 200 ia
420 162 523 201 haec
542 172 710 210 quoque
733 166 896 209 essent,
929 172 1034 235 quae
1051 161 1205 212 scripta
1227 162 1276 202 ab
1300 173 1351 202 eo
1382 161 1422 201 in
1454 162 1538 202 mi·

144 218 376 257 miambis
408 218 681 258 memorabat:

202 283 428 334 Sinuque
452 284 664 323 amicam
689 283 970 332 re'fice(re)
990 282 1232 334 frigidam
1255 283 1423 332 caldo,

202 339 596 380 Columbulatim
626 339 770 380 labra
805 340 1100 380 conserens
1130 339 1309 397 labris.

106 414 127 449 3
144 409 243 446 Item
260 407 301 446 id
320 419 488 458 quoque
505 408 684 447 iucunde
702 408 922 458 lepideque
943 408 1083 448 fictum
1101 407 1329 448 dictitabat:

198 475 298 512 Iam
321 472 548 514 tonsiles
574 474 784 524 tapetes
808 472 940 514 ebrii
971 473 1105 523 suco,

199 531 332 579 Quos
362 529 555 571 concha
580 543 812 581 purpura
847 529 1084 571 imbuens
1110 530 1406 572 uenenauit.

142 597 155 648 [
167 626 292 634 .....
305 597 317 646 i

818 666 866 705 Χ.

256 734 369 779 [Quid
392 735 635 770 uocabulum:
659 745 706 769 ex
725 734 804 770 iure
821 745 972 770 manum
995 740 1208 770 consertum
1229 735 1444 783 significet]

103 816 120 848 l
224 812 294 850 Ex
327 810 439 849 iure
467 820 666 848 manum
688 814 990 850 consertum
1023 811 1153 849 uerba
1183 815 1282 850 sunt
1312 822 1373 850 ex
1404 812 1534 851 anti-

141 868 252 917 quis
277 866 600 913 actionibus,
633 877 751 915 quae,
783 877 875 906 cum
891 867 983 916 lege
1005 866 1139 915 agitur
1156 871 1196 906 et
1212 867 1416 907 uindiciae
1437 879 1533 908 con-

101 927 122 960 2
141 925 375 969 tenduntur,
397 922 476 961 dici
493 933 603 962 nunc
620 933 788 972 quoque
804 923 914 972 apud
930 929 1164 972 praetorem
1190 925 1339 964 solent.
1370 923 1532 975 Rogaui

142 991 219 1029 ego
243 981 400 1019 Romae
425 978 755 1028 grammaticum,
789 979 939 1018 celebri
964 979 1171 1018 hominem
1194 981 1302 1019 fama
1333 987 1374 1020 et
1403 981 1530 1020 multo

139 1036 326 1083 nomine,
361 1035 459 1084 quid
481 1036 584 1074 haec
614 1036 742 1074 uerba
763 1036 931 1075 essent?
963 1036 1063 1074 Tum
1086 1036 1152 1083 ille
1182 1048 1247 1075 me
1273 1036 1531 1087 despiciens:

140 1095 226 1132 ‘aut
249 1095 392 1139 erras'‚
420 1091 568 1141 inquit,
602 1092 888 1140 ‘adulescens,
922 1096 992 1131 aut
1008 1092 1113 1131 ludis
1124 1105 1134 1140 3
1165 1104 1252 1131 rem
1274 1093 1381 1132 enim
1399 1093 1531 1134 doceo

138 1148 461 1198 grammaticam,
494 1159 577 1187 non
594 1147 657 1188 ius
675 1149 936 1198 respondeo:
970 1147 1004 1188 si
1023 1148 1121 1198 quid
1143 1148 1265 1198 igitur
1281 1160 1334 1188 ex
1351 1148 1532 1199 Vergi-

139 1205 232 1253 lio,
267 1205 474 1253 Plauto,
506 1204 668 1244 Ennio
696 1216 897 1254 quaerere
923 1205 1072 1253 habes,
1107 1216 1283 1254 quaeras
1308 1205 1415 1245 licet.

100 1266 122 1300 3
225 1262 301 1300 ‘Ex
317 1262 348 1299 Ε
362 1260 478 1299 nnio
499 1264 629 1309 ergo',
660 1261 839 1310 inquam,
873 1266 965 1309 ε651,
987 1261 1196 1311 magister,
1228 1263 1342 1310 quod
1360 1273 1530 1311 quaero.

100 1317 336 1356 4Ennius
362 1317 468 1355 enim
496 1317 635 1356 uerbis
657 1317 770 1356 hisce
799 1329 902 1356 usus
939 1320 1032 1356 est'.
1096 1318 1279 1366 Cumque
1313 1317 1380 1356 ille
1405 1317 1529 1356 demi-

137 1378 252 1412 ratus
279 1373 410 1411 aliena
434 1373 537 1411 haec
562 1384 657 1411 esse
679 1385 701 1411 a
723 1373 858 1422 poetis
884 1377 925 1411 et
954 1373 1064 1412 haud
1094 1383 1272 1423 usquam
1294 1373 1469 1413 inueniri
1488 1373 1529 1413 in

139 1428 385 1468 carminibus
403 1428 551 1467 Ennii
569 1428 742 1476 diceret,
773 1433 857 1467 tum
883 1439 960 1478 ego
986 1429 1063 1469 hos
1089 1440 1239 1468 uersus
1264 1440 1316 1469 ex
1339 1435 1529 1470 octauo

137 1484 309 1524 annali
341 1485 535 1524 absentes
569 1484 674 1532 dixi,
714 1496 809 1524 nam
838 1485 944 1525 forte
975 1496 1048 1525 eos
1078 1490 1288 1535 tamquam
1317 1486 1532 1536 insigniter

136 1546 303 1591 praeter
323 1541 425 1581 alios
444 1542 575 1580 factos
593 1541 881 1580 memineram:

192 1606 418 1646 Pellitur
441 1617 463 1645 e
487 1605 650 1645 medio
675 1606 957 1656 sapientia,
983 1606 1029 1646 ui
1057 1606 1256 1656 geritur
1287 1618 1395 1654 res3

195 1662 471 1712 Spernitur
499 1667 684 1702 orator
708 1663 899 1711 bonus,
932 1662 1364 1703 horridus—miles
1396 1673 1530 1702 ama-

966 1725 1065 1758 tur.

194 1776 323 1814 Haut
347 1775 518 1815 doctis
545 1775 701 1815 dictis
724 1781 994 1815 certantes
1023 1786 1115 1814 nec
1145 1775 1471 1824 maledictis,

192 1832 413 1870 Miscent
434 1832 569 1870 inter
599 1843 716 1871 sese
744 1831 1051 1871 inimicitias
1079 1831 1356 1881 agitantes.
1435 1837 1440 1841 ·

191 1888 296 1927 Non
337 1899 394 1926 ex
434 1887 545 1926 iure
583 1892 824 1936 manu[m]
863 1893 1187 1936 consertum,
1233 1884 1325 1928 sed
1362 1887 1528 1938 magis

966 1945 1103 1983 ferro

192 1999 307 2038 Rem
339 2005 597 2050 repetunt
629 2011 949 2050 regnumque
988 2004 1190 2049 petunt,
1218 2000 1419 2039 uadunt
1448 2011 1529 2039 so—

963 2056 1064 2094 lida
1086 2056 1149 2095 ui.

100 2126 120 2159 5
139 2123 236 2161 Cum
264 2123 341 2162 hos
368 2133 445 2172 ego
471 2133 620 2162 uersus
646 2122 907 2162 Ennianos
934 2122 1151 2162 dixissem:
1190 2123 1366 2169 ‘credo’‚
1397 2121 1530 2171 inquit

137 2178 439 2226 grammaticus,
473 2178 569 2218 ‘iam
585 2179 688 2218 tibi’.
752 2179 835 2218 Sed
857 2184 901 2218 tu
917 2178 1040 2218 uelim
1058 2178 1206 2218 credas
1227 2178 1336 2227 mihi,
1368 2177 1528 2228 Quin-

135 2235 467 2274 tumEnnium
485 2235 680 2275 didicisse
699 2235 779 2275 hoc
805 2246 889 2275 non
915 2246 966 2274 ex
991 2234 1182 2285 poeticae
1199 2234 1349 2283 literis,
1380 2238 1445 2274 set
1473 2245 1525 2275 ex
