1619 2476
157 29 240 71 246
736 33 861 72 VIIII.
900 44 975 73 x11.

164 148 212 181 et
245 143 436 182 ace1be
464 143 716 191 izerebam
745 143 786 183 si
813 144 968 184 huius
997 147 1139 187 salus
1169 148 1229 188 ob
1257 160 1365 190 eam
1391 150 1551 202 ipsam

167 209 376 238 eausam
410 204 555 238 esset
584 198 859 248 infestior,
902 202 1040 250 quod
1075 201 1118 242 is
1152 215 1308 245 meam
1336 208 1551 248 salutem

166 260 324 303 atque
351 254 507 294 uitam
533 265 624 295 sua
653 255 1041 305 beniuolentia,
1071 259 1340 307 praesidio
1374 269 1553 305 eusto-

120 319 141 354 6
161 310 349 360 diaque
376 311 622 351 texisset.
683 312 766 351 Nos
791 312 914 361 igitur
935 313 987 352 de
1020 314 1176 364 origine
1194 321 1235 355 et
1255 317 1416 359 ratione
1435 320 1552 360 uerbi

161 367 477 416 quaerebamus,
499 372 623 417 atque
639 366 695 406 ita
710 367 756 407 in
772 368 1063 418 Nigidianis
1084 371 1282 422 scriptum
1297 372 1549 415 inuenimus:

156 424 409 463 Infestum
442 428 524 463 est
560 435 584 462 a
621 423 924 465 festinando
959 426 1169 466 dietum:
1221 439 1333 468 nam
1365 431 1451 479 qui
1478 431 1550 470 in-

157 484 286 527 stat,
318 479 475 530 inquit,
511 479 672 519 allcul
695 491 911 530 eumque
945 494 1240 532 properans
1274 491 1427 536 urget
1465 498 1550 537 op-

156 535 487 586 primereque
518 547 626 575 eum
661 537 840 576 studet
868 538 1220 589 festinatque,
1253 546 1338 580 aut
1365 548 1551 582 contri

157 592 215 630 de
241 591 466 632 alicuius
486 591 726 642 periculo
755 598 801 632 et
821 594 980 634 exitio
1011 595 1317 644 festinatur,
1348 597 1390 638 is
1411 602 1549 638 uter-

157 659 251 696 que
275 648 502 688 infestus
530 648 722 687 dieitur
744 649 804 687 ab
826 649 1077 689 instantia
1106 657 1259 702 atque
1289 653 1548 693 imminen-

157 703 225 742 tia
253 705 473 752 fraudis,
509 716 652 754 quam
682 706 765 743 uel
794 705 1030 746 facturus
1062 707 1287 758 cuipiam
1320 711 1403 750 uel
1433 721 1547 760 pas-

155 771 304 800 surus
336 766 431 800 est.

113 824 133 858 7
238 817 296 855 Ne
321 816 412 866 quis
431 822 567 857 autem
594 818 645 857 de
664 816 940 867 ‘suspitioso',
973 819 1086 868 quod
1108 830 1234 870 supra
1246 820 1476 871 posuimus,
1509 828 1548 861 et

156 872 207 910 de
241 873 563 913 ‘formiduloso'
595 873 636 912 in
666 885 756 913 eam
786 879 965 924 partem,
998 885 1103 924 quae
1139 875 1272 916 minus
1297 877 1448 917 usitata
1471 882 1546 925 est,

155 930 391 978 exemplum
408 929 603 979 requirat,
623 929 946 979 de<suspitioso2
965 936 1064 981 aput
1082 931 1136 970 Μ.
1157 932 1274 973 Cato
1287 944 1397 972 nem
1415 933 1473 972 de
1494 944 1547 971 re

151 984 325 1024 Floria
358 985 414 1024 ita
450 985 668 1026 scribtum:
718 985 816 1025 Sed
853 985 950 1025 nisi
992 986 1075 1036 qui
1115 989 1282 1037 palam
1321 999 1547 1038 corpore
1591 1025 1594 1027 .

151 1041 431 1089 pecuniam
478 1048 759 1091 quaereret
796 1047 880 1081 aut
921 1053 977 1081 se
1020 1043 1192 1083 lenoni
1230 1043 1544 1092 locauisset‚

152 1096 258 1136 etsi
296 1098 618 1146 fam(ul)osus
659 1103 706 1137 et
739 1097 1070 1148 suspitiosus
1115 1099 1329 1148 fuisset,
1368 1100 1468 1140 uim
1497 1100 1544 1139 in

154 1163 348 1202 eorpus
393 1153 613 1194 liberum
660 1165 759 1194 non
812 1165 986 1193 aecum
1032 1165 1291 1195 censuere
1334 1155 1543 1196 adferri.

114 1214 137 1248 8
155 1208 468 1259 ‘Suspitiosum’
493 1210 598 1249 enim
623 1211 741 1250 Cato
769 1210 916 1250 hocin
942 1212 1035 1251 1000
1056 1217 1297 1261 suspectum
1327 1211 1543 1261 signifieat.

111 1269 132 1303 9
153 1276 236 1304 non
264 1265 558 1315 suspicantem.
622 1265 987 1306 ‘Formidulosum'
1012 1271 1168 1314 autem,
1202 1267 1272 1316 qui
1287 1267 1542 1314 formidetur,

153 1319 454 1361 Sallustius
477 1322 516 1360 in
546 1321 768 1360 Catilina
789 1321 844 1359 ita
869 1321 984 1360 dicit:
1010 1321 1172 1370 Igitur
1195 1322 1388 1363 talibus
1413 1322 1543 1362 uiris

151 1387 251 1416 non
274 1377 421 1417 labor
441 1376 713 1422 insolitus,
742 1387 840 1416 non
863 1378 1008 1416 loeus
1026 1378 1162 1416 ullus
1187 1384 1445 1428 asper-aut
1467 1389 1541 1417 ar-

150 1432 279 1472 duus
304 1437 436 1479 erat,
466 1444 566 1472 non
591 1436 821 1471 armatus
845 1432 1013 1471 hostis
1034 1432 1428 1474 formidulosus.

90 1494 135 1527 10
229 1489 329 1527 Item
348 1489 388 1528 C.
419 1489 608 1529 Caluus
633 1487 673 1527 in
698 1488 952 1536 poematis
979 1488 1263 1529 ‘laboriosus'
1297 1489 1414 1538 dicit,
1443 1501 1540 1536 non,

146 1549 192 1584 ut
206 1545 332 1594 uulgo
357 1544 523 1592 dicitur,
548 1543 617 1594 qui
635 1544 813 1591 laborat,
839 1544 915 1583 sed
932 1543 972 1583 in
997 1556 1078 1594 quo
1103 1545 1332 1586 laboratur:

203 1625 408 1672 Durum,
442 1623 593 1674 inquit,
624 1622 711 1663 rus
735 1623 866 1673 fugit
893 1629 942 1663 et
969 1624 1304 1666 laboriosum.

92 1719 133 1752 11
149 1713 306 1753 Eadem
330 1714 490 1754 ratione
510 1713 758 1753 Laberius
783 1724 950 1763 quoque
970 1712 1010 1752 in
1028 1713 1331 1754 Sororibus:

206 1787 461 1839 Ecastor,
492 1791 640 1842 inquit,
671 1790 887 1832 mustum
908 1789 1332 1834 somniculosum.

90 1879 361 1921 l2etCinna
382 1880 423 1919 in
444 1878 721 1930 poematis:

206 1955 626 1998 Somniculosam
646 1962 700 1996 ut
725 1955 926 1997 Poenus
949 1955 1180 2007 aspidem
1203 1940 1425 2007 Psyllus.

93 2054 137 2088 13
236 2049 406 2087 ‘Metus'
429 2058 596 2096 quoque
614 2051 655 2084 et
670 2045 848 2085 ‘iniuria'
873 2051 997 2095 atque
1023 2043 1101 2083 alia
1118 2044 1321 2093 quaedam
1344 2043 1386 2083 id
1409 2055 1540 2094 genus

151 2103 210 2142 sie
225 2108 578 2153 utroqueuersum
602 2101 681 2141 (1101
697 2106 896 2151 possunt:
930 2112 1024 2140 nam
1040 2103 1190 2138 ‘metus
1214 2099 1411 2140 hostium’
1428 2104 1541 2139 reete

93 2165 139 2199 14
152 2159 312 2206 dieitur,
345 2164 385 2198 et
401 2170 493 2198 eum
508 2158 652 2197 timent
667 2158 812 2196 hostes
831 2162 871 2196 et
890 2168 983 2196 011111
997 2156 1202 2194 timentur.
1262 2157 1405 2205 Itaque
1431 2155 1458 2194 S
1471 2155 1540 2193 al-

150 2214 345 2253 lustius
376 2215 415 2253 in
453 2213 676 2253 historia
704 2212 866 2263 prima
887 2215 1065 2251 ‘metum
1088 2210 1281 2260 Pompei’
1307 2210 1427 2259 dixit,
1456 2221 1539 2250 non
