1603 2508
510 51 662 88 INDEX
700 51 1062 89 CAPITVLORVM.
1447 49 1505 92 29

142 158 146 163 ’
189 165 272 203 XII.
306 166 362 203 De
383 166 445 203 his
469 166 688 211 uocabulis,
713 177 811 213 quae
839 165 1006 202 Cloatius
1028 166 1154 201 Verus
1181 170 1244 201 aut
1274 168 1368 203 satis
1401 178 1504 204 eom-

74 223 191 260 mode
217 228 281 260 aut
303 224 416 260 nimis
442 223 608 260 absurde
642 228 677 258 et
702 223 870 269 inlepide
892 222 942 259 ad
965 224 1135 270 origines
1159 224 1313 272 linguae
1330 223 1501 261 Graecae

76 279 230 327 redigit.

189 336 287 373 XIII.
327 336 427 382 Quid
443 338 492 373 sit
508 338 757 384 municipium
781 342 817 373 et
834 337 925 384 quid
944 349 965 374 a
981 339 1133 374 colonia
1150 336 1324 382 differat3
1351 342 1386 373 et
1411 338 1502 385 quid

75 394 151 430 sint
185 395 399 441 municipes
433 405 607 441 quaeque
637 396 686 430 sit
716 395 798 430 eius
831 396 1008 431 uocabuli
1041 396 1136 431 ratio
1178 406 1222 431 ac
1258 395 1500 442 proprietas3

76 454 188 498 atque
206 451 320 495 inibi,
353 451 455 498 quod
473 451 585 487 diuus
602 451 820 487 Hadrianus
846 452 883 487 in
910 456 1044 488 senatu
1072 452 1118 488 de
1143 452 1224 487 iure
1253 456 1364 499 atque
1386 463 1502 489 uoca-

75 509 163 545 bulo
181 509 417 555 municipum
435 509 554 544 uerba
575 508 676 544 feeit.

187 565 301 602 XIIII.
335 565 446 610 Quod
468 565 520 601 M.
543 564 633 602 Cato
653 565 809 602 differre
827 566 921 602 dixit
938 577 1146 614 properare
1173 571 1208 601 et
1230 566 1433 610 sestinare;
1466 570 1502 602 et

73 633 188 670 quam
203 621 444 660 incommode
462 622 619 659 Verrius
636 623 796 659 Flaccus
819 625 943 668 uerbi,
963 624 1065 671 quod
1085 628 1141 659 est
1162 623 1336 667 festinat,
1356 618 1502 671 ἔτυμον

73 680 341 726 interpretatus
371 683 442 716 est.

186 736 272 772 XV.
312 736 412 781 Quid
429 735 717 784 Theophrastus
737 738 872 773 mirum
891 738 938 774 de
956 738 1178 785 perdicibus
1207 739 1389 785 seriptum
1414 737 1500 772 reli-

26 836 34 840 ,
73 795 218 842 querit,
249 798 285 830 et
301 793 392 841 quid
409 793 680 841 Theopompus
701 794 749 830 de
768 795 976 842 leporibus.

185 850 287 887 XVI.
317 851 512 898 Agrippas
531 857 699 898 apartus
727 853 833 899 aegri
852 858 887 888 et
904 853 1117 900 inprosperi
1143 853 1232 889 uitio
1261 853 1497 899 appellatos;

74 907 198 956 deque
213 907 274 944 his
294 907 462 952 deabus,
492 919 590 955 quae
607 913 791 945 uocantur
814 911 987 955 Pro[r]sa
1012 915 1047 945 et
1072 910 1285 945 Postuerta.

141 981 146 985 ·
185 965 301 1003 XVII.
343 965 449 1010 Quae
466 966 562 1002 ratio
580 967 754 1002 uocabuli
775 967 820 1002 sit
839 968 919 1015 agri
941 968 973 1000 V
979 968 1130 1003 atieani.

185 1022 320 1058 XVIII.
360 1022 506 1084 Lepida
532 1023 721 1069 quaedam
754 1028 789 1058 et
821 1029 1030 1060 memoratu
1061 1029 1095 1059 et
1130 1024 1285 1072 cognitu
1319 1023 1365 1059 de
1391 1028 1498 1070 palte

72 1079 330 1127 geometriae,
362 1090 459 1126 quae
476 1069 621 1128 ὀπτικὴ
639 1081 869 1126 appellatur,
903 1083 1041 1117 etitem
1061 1082 1155 1124 alia,
1175 1092 1271 1128 quae
1290 1092 1497 1129 κανονικη,

71 1141 110 1173 et
126 1137 238 1173 tertia
257 1136 410 1181 itidem,
439 1147 537 1183 quae
560 1136 697 1173 dieitur
717 1147 891 1187 μετρικη.

185 1192 334 1229 XVIIII.
382 1193 539 1240 Sumpta
570 1194 731 1230 historia
762 1205 810 1230 ex
842 1195 1021 1232 Herodoti
1062 1196 1156 1231 libro
1197 1206 1311 1242 super
1345 1193 1497 1230 fidicine

71 1250 229 1287 Arione.

321 1340 587 1380 CAPITVLA
629 1342 769 1381 LIBRI
813 1342 1022 1381 SEPTIMI
1060 1343 1257 1382 DECIMI.

185 1422 214 1458 Ι.
248 1421 361 1466 Quod
382 1421 512 1457 Gallus
537 1423 696 1459 Asinius
732 1427 769 1458 et
803 1424 965 1470 Largius
992 1425 1159 1462 Licinius
1193 1425 1421 1460 sententiam
1447 1424 1498 1460 M.

72 1478 266 1517 Ciceronis
285 1478 612 1526 reprehenderunt
638 1491 685 1515 ex
702 1481 893 1524 oratione,
926 1493 1038 1528 quam
1068 1482 1161 1517 dixit
1186 1493 1254 1528 pro
1279 1482 1329 1519 M.
1348 1480 1498 1525 Caelio;

71 1541 110 1574 et
124 1535 218 1585 quid
236 1535 424 1573 aduersus
441 1535 616 1573 homines
636 1537 907 1574 stolidissimos
933 1550 1002 1585 pro
1021 1538 1158 1575 eadem
1179 1540 1369 1575 sententia
1395 1549 1498 1574 mere

73 1593 266 1642 digneque
286 1592 362 1629 diei
378 1594 514 1640 possit.

187 1651 232 1687 ΙΙ.
262 1651 392 1686 Verba
422 1649 611 1697 quaedam
636 1661 682 1686 ex
708 1650 752 1695 Q.
778 1650 909 1687 Claudi
936 1653 1127 1688 annalium
1154 1653 1276 1699 primo
1302 1654 1443 1689 cursim
1460 1653 1499 1688 in

73 1707 239 1757 legendo
256 1711 401 1744 notata.

186 1765 248 1801 III.
278 1764 410 1800 Verba
424 1764 476 1800 M.
491 1764 677 1801 Varronis
708 1776 756 1800 ex
782 1766 876 1801 libro
897 1767 1024 1812 quinto
1051 1770 1085 1801 et
1111 1766 1294 1802 uicesimo
1314 1765 1499 1802 humana-

2 1819 3 1822 '
72 1834 176 1867 rum,
208 1821 344 1870 quibus
363 1826 496 1858 eontra
514 1823 730 1869 opinionem
749 1823 963 1869 uulgariam
981 1824 1248 1870 interpretatus
1267 1827 1326 1859 est
1345 1822 1498 1859 Homeri

75 1890 243 1917 uersum.

186 1936 266 1973 1111.
300 1934 401 1980 Quid
422 1935 631 1972 Menander
655 1941 768 1983 poeta
793 1936 1003 1973 Philemoni
1028 1942 1165 1984 poetae
1190 1935 1348 1980 dixerit,
1379 1947 1402 1973 a
1424 1947 1499 1984 quo

47 2004 195 2041 ‚saepe
227 1992 386 2040 indigne
418 1993 456 2028 in
485 1994 754 2030 certaminibus
787 1994 1074 2030 comoediarum
1112 1998 1313 2040 superatus
1346 1997 1425 2037 est3
1464 1998 1501 2030 et

43 2042 56 2046 ³
77 2050 182 2098 quod
219 2049 450 2098 saepissime
477 2049 680 2097 Euripides
719 2052 756 2086 in
788 2050 989 2099 tragoedia
1028 2052 1073 2087 ab
1111 2050 1343 2098 ignobilibus
1375 2051 1500 2097 poetis

32 2155 35 2158 Α
75 2107 200 2144 uictus
217 2111 289 2143 est.

124 2163 127 2165 ’
189 2163 240 2199 V.
275 2163 525 2210 Nequaquam
551 2175 638 2200 esse
658 2175 810 2208 uerum,
843 2164 944 2211 quod
976 2165 1129 2200 minutis
1163 2163 1390 2212 quibusdam
1414 2163 1501 2201 rhe-

50 2215 223 2257 &toi-icae
241 2220 450 2258 artificibus
468 2220 646 2257 uideatur
658 2251 666 2266 ,
697 2222 749 2258 M.
767 2221 988 2257 Ciceronem
1000 2249 1009 2265 ,
1043 2223 1080 2258 in
1098 2222 1191 2257 libro
1213 2232 1324 2268 quem
1341 2221 1388 2257 de
1409 2222 1501 2257 ami-

0 2274 2 2277 ’
40 2319 47 2321 Δ
80 2275 172 2313 eitia
200 2278 373 2326 scripsit,
412 2277 548 2313 uitioso
582 2283 804 2326 argumento
840 2289 968 2323 usum,
1008 2268 1384 2328 ἀμφισβητούμενον
1412 2268 1502 2314 ἀντὶ
