1619 2476
130 24 211 67 162
682 25 790 63 XVI.
821 35 878 62 x1.
909 35 983 62 ΧΠ.

131 150 223 178 cum
258 137 438 177 externis
470 135 787 185 cognationibus
820 135 1004 174 nondum
1036 135 1156 175 etiam
1185 135 1416 186 permixtae
1443 146 1531 175 cor-

130 199 360 244 ruptaeque
381 197 496 239 sunt‚
528 192 566 230 ui
589 192 767 241 quadam
783 191 950 241 genitali
967 192 1107 232 datum
1122 224 1131 239 ‚
1153 197 1199 232 ut
1215 197 1257 232 et
1276 192 1531 242 serpentium

129 251 428 290 uirulentorum
450 247 679 288 domitores
713 247 794 287 sint
820 252 862 286 et
888 247 1194 288 incentionibus
1223 249 1532 298 herbarumque

130 306 243 346 sucis
265 305 416 344 saciant
437 305 706 344 medellarum
728 303 938 343 miracula.

85 368 109 402 3
213 362 300 400 Hac
334 361 479 400 eadem
510 361 552 400 ui
593 360 807 411 praeditos
841 371 938 400 esse
970 361 1175 410 quosdam
1210 359 1421 408 uidemus,
1462 360 1531 410 qui

131 417 290 469 ‘Psylli’
315 422 533 457 uocantur.
597 418 780 466 Quorum
803 427 930 466 super
947 416 1112 457 nomine
1135 422 1176 456 et
1197 428 1352 466 genere
1374 427 1467 456 cum
1489 418 1529 457 in

128 474 339 514 ueteribus
358 473 484 514 literis
501 473 775 523 quaesissem,
803 473 842 512 in
862 478 1045 522 quarto
1069 472 1250 523 denique
1271 473 1532 513 Herodoti

89 537 112 570 4
128 531 228 570 libr
242 542 265 571 o
285 531 464 570 fabulam
489 531 541 569 de
562 530 714 580 Psyllis
730 530 838 569 hanc
858 529 1112 570 inuenimus:
1135 530 1301 581 Psyllos
1319 529 1530 579 quondam

127 587 257 627 fuisse
278 587 318 626 in
335 592 446 626 terra
464 586 606 626 Africa
623 586 904 626 conterminos
920 586 1224 626 Nasamonibus
1246 589 1532 635 Austrumque

128 645 169 682 in
199 643 350 683 finibus
380 654 523 683 eorum
548 643 730 693 quodam
758 643 797 681 in
829 648 1020 692 tempore
1048 653 1251 693 perquam
1274 641 1456 683 ualidum
1483 652 1532 681 ac

89 706 110 739 5
127 700 326 740 diutinum
350 700 542 747 ssauisse3
566 710 617 739 eo
643 699 743 739 flatu
760 710 912 748 aquam
934 710 1099 739 omnem
1119 699 1160 739 in
1180 698 1297 746 locis,
1323 699 1362 738 in
1380 698 1531 748 quibus

89 761 110 796 6
130 757 341 804 colebant,
366 756 603 802 exaruisse;
636 756 826 806 Psyllos,
858 766 903 795 re
929 755 1101 805 aquaria
1119 756 1328 803 defectos,
1362 765 1454 794 eam
1473 754 1531 794 in-

127 812 272 852 iuriam
308 812 490 862 grauiter
516 816 674 852 Austro
707 812 1003 852 suscensuisse
1038 813 1337 861 decretumque
1365 810 1529 858 fecisse,

126 869 185 908 uti
215 869 339 909 armis
371 868 546 918 sumptis
577 869 629 907 ad
657 871 879 915 Austrum,
912 868 1089 918 proinde
1121 868 1240 918 quasi
1271 868 1324 907 ad
1352 868 1530 914 hostem,

90 928 111 964 7
129 925 218 964 iure
243 925 336 964 belli
363 937 431 964 res
452 925 621 975 petitum
643 925 1025 975 proficiscerentur.
1085 928 1226 975 Atque
1246 924 1302 964 ita
1330 923 1530 974 prosectis

128 987 297 1021 uentum
327 984 528 1022 Austrum
568 992 719 1030 magno
760 980 929 1031 spiritus
966 981 1129 1031 agmine
1159 981 1329 1021 uenisse
1365 979 1531 1020 obuiam

129 1049 290 1087 eosque
324 1038 545 1078 uniuersos
578 1049 671 1077 cum
708 1037 899 1078 omnibus
932 1038 1063 1088 copiis
1094 1037 1327 1089 armisque,
1356 1036 1530 1076 cumulis

89 1094 423 1144 8montibusque
455 1105 672 1134 arenarum
703 1094 986 1144 superuectis,
1025 1094 1258 1144 operuisse.
1318 1094 1379 1133 Eo
1420 1093 1529 1132 sacto

127 1151 292 1200 Psyllos
309 1151 362 1190 ad
384 1162 511 1190 unum
529 1150 664 1190 omnis
681 1150 888 1199 interisse,
905 1150 1046 1201 itaque
1062 1151 1168 1190 fines
1186 1162 1210 1189 a
1225 1147 1547 1192 Nasamonibus·

130 1211 372 1256 occupatos.

783 1286 869 1325 XII.

127 1354 180 1389 De
211 1354 274 1390 his
298 1355 520 1400 uocabulis,
552 1366 650 1401 quae
676 1355 839 1391 Cloatius
867 1355 992 1390 Verus
1028 1358 1090 1390 aut
1120 1354 1211 1390 satis
1244 1353 1442 1390 commode
1469 1359 1532 1390 aut

184 1410 294 1446 nimis
322 1410 484 1446 absurde
506 1415 541 1446 et
560 1410 726 1458 inlepide
751 1411 799 1447 ad
816 1411 983 1458 origines
1010 1410 1162 1458 linguae
1184 1411 1351 1447 Graecae
1378 1410 1529 1458 redigit.

88 1500 107 1532 1
213 1487 449 1529 Cloatius
472 1490 643 1530 Verus
663 1488 704 1529 in
724 1488 862 1542 libris,
892 1500 998 1539 quos
1015 1488 1231 1539 inscripsit
1249 1489 1530 1528 uerborum

127 1556 152 1584 a
174 1545 390 1584 Graecis
412 1550 723 1593 tractorum,
753 1557 836 1585 non
859 1556 994 1595 pauca
1016 1546 1156 1585 hercle
1177 1544 1279 1584 dicit
1300 1544 1466 1585 curiose
1490 1550 1532 1584 et

128 1600 334 1650 sagaciter
364 1601 622 1651 conquisita,
655 1613 794 1651 neque
823 1613 907 1642 non
939 1607 1076 1641 tamen
1098 1602 1304 1651 quaedam
1325 1600 1470 1641 futtilia
1489 1605 1531 1640 et

88 1656 286 1697 2friuola.
316 1658 523 1706 Errare,
549 1658 692 1708 inquit,
718 1658 915 1698 dictum
946 1662 1027 1698 est
1056 1651 1159 1697 ἀπὸ
1189 1657 1292 1697 τοῦ
1321 1655 1528 1708 ἔρρειν,

128 1724 384 1763 uersumque
405 1713 528 1753 infert
549 1714 778 1765 Homeri,
807 1713 848 1753 in
871 1725 954 1764 quo
979 1713 1021 1753 id
1038 1714 1214 1754 uerbum
1237 1717 1322 1753 est:

174 1785 314 1843 ''Eop’
353 1789 411 1832 ἐκ
437 1787 613 1845 νήσου
641 1793 858 1833 θᾶσσον
887 1789 1173 1844 ἐλέγχιστε
1201 1785 1470 1840 ζωόντων.

80 1885 104 1919 3
123 1882 260 1920 Item
274 1881 493 1921 alucinari'
518 1884 670 1922 factum
691 1882 860 1933 scripsit
880 1893 932 1922 ex
960 1893 1034 1935 eo,
1066 1882 1179 1931 quod
1205 1880 1354 1921 dicitur
1370 1881 1528 1921 Graece

127 1931 348 1985 ἀλύειν,
381 1939 490 1977 unde
512 1940 708 1978 ‘elucum’
732 1950 901 1988 quoque
923 1950 1020 1978 esse
1043 1938 1194 1978 dictum
1213 1942 1342 1988 putat,
1365 1949 1391 1976 a
1409 1938 1529 1977 litera

124 1992 163 2030 in
190 2004 212 2032 e
237 2004 374 2041 uersa,
402 1994 635 2034 tarditatem
658 1996 864 2044 quandam
886 1994 1008 2034 animi
1024 2000 1065 2034 et
1086 1999 1320 2044 stuporem,
1353 1993 1422 2044 qui
1444 1995 1528 2033 alu·

80 2054 106 2087 4
127 2048 355 2089 cinantibus
379 2051 624 2100 plerumque
649 2062 728 2090 usu
749 2051 876 2090 uenit.
935 2052 1035 2090 Item
1064 2049 1316 2090 ‘fascinum’
1346 2050 1528 2100 appellat

128 2105 246 2152 quasi
267 2106 525 2145 ‘bascanum’
557 2112 598 2145 et
619 2106 857 2146 ‘fascinare’
882 2118 978 2146 esse
1000 2106 1119 2156 quasi
1145 2106 1411 2147 ‘bascinare’.

83 2166 106 2199 5
216 2161 441 2201 Commode
475 2163 579 2202 haec
618 2174 719 2202 sane
758 2162 895 2202 omnia
932 2167 972 2202 et
1007 2163 1302 2203 conducenter.
1364 2161 1450 2202 Sed
1483 2160 1524 2200 in

125 2214 257 2255 libro
285 2223 487 2265 quarto:
522 2219 893 2266 ‘faenerator',
922 2218 1075 2269 inquit,
1107 2219 1414 2270 appellatus
1446 2222 1525 2256 est
1548 2241 1554 2246 -
