1635 2492
674 54 797 94 XIIII.
826 65 872 93 11.
1406 55 1488 99 113

63 168 244 210 sentium
274 180 497 210 causarum
529 173 641 209 statu
683 167 888 219 capienda
935 174 1053 220 sunt,
1097 171 1309 221 generalia
1347 178 1486 215 tamen

65 227 273 277 quaedam
288 225 549 277 praemonita
572 230 613 265 et
631 230 860 276 praecepta
887 231 996 275 sunt,
1029 227 1180 278 quibus
1199 234 1296 269 ante
1314 240 1485 271 causam

63 283 317 334 praemuniri
337 283 467 323 iudex
482 281 809 334 praepararique
833 283 886 322 ad
901 282 1086 324 incertos
1108 296 1233 325 casus
1252 287 1485 328 suturarum

63 340 352 381 difficultatum
368 340 531 388 debeat,
564 339 672 380 sicut
687 339 756 379 illa
773 339 870 380 mihi
891 345 989 380 tunc
1007 341 1158 382 accidit
1179 341 1484 394 inexplicabilis

62 397 339 449 reperiendae
361 396 592 438 sententiae
613 396 874 447 ambiguitas.

143 455 370 495 Petebatur
392 454 504 505 apud
527 464 592 493 me
617 453 816 504 pecunia,
851 465 959 505 quae
983 454 1200 495 dicebatur
1225 457 1322 497 data
1344 469 1485 498 nume·
1502 466 1524 498 4

62 516 260 562 rataque;
294 512 371 552 sed
402 511 472 561 qui
502 510 688 561 petebat,
719 522 856 561 neque
886 511 1037 552 tabulis
1066 523 1204 562 neque
1234 513 1412 554 testibus
1443 515 1486 554 id

63 569 219 609 factum
240 569 421 610 docebat
442 573 484 608 et
513 568 771 618 argumentis
801 569 1028 609 admodum
1057 569 1233 610 exilibus
1260 569 1482 612 nitebatur.

63 625 149 666 Sed
182 637 276 666 eum
310 625 531 667 constabat
560 625 695 665 uirum
722 636 818 665 esse
851 626 980 665 ferme
1010 627 1167 666 bonum
1196 632 1408 679 notaeque
1448 634 1524 668 et5

62 688 264 734 expertae
281 682 379 723 fidei
395 687 436 722 et
451 681 562 722 uitae
579 681 957 733 inculpatissimae,
992 685 1206 735 multaque
1233 689 1273 723 et
1295 684 1485 725 inlustria

63 741 257 791 exempla
275 739 494 792 probitatis
511 739 847 789 sinceritatisque
866 740 955 780 eius
975 741 1353 791 expromebantur;
1373 741 1485 782 illum
1503 749 1524 784 6

62 802 220 845 autem,
254 798 367 838 unde
391 796 636 847 petebatur,
666 795 879 837 hominem
901 808 998 838 esse
1025 809 1110 838 non
1128 798 1266 839 bonae
1294 799 1354 838 rei
1382 799 1484 839 uita-

64 865 145 904 que
167 854 280 905 turpi
307 859 348 895 et
375 853 548 894 sordida
570 853 894 904 conuictumque
917 856 1045 905 uolgo
1080 854 1120 894 in
1147 855 1376 895 mendaciis
1399 857 1485 907 ple-

62 923 248 962 numque
271 922 368 952 esse
398 910 669 961 perfidiarum
700 915 741 950 et
768 911 959 951 fraudum
985 912 1301 952 ostendebatur.
1365 913 1403 953 Is
1428 919 1485 952 ta-
1504 918 1524 954 7

63 979 158 1008 men
184 980 278 1009 cum
305 968 393 1008 suis
419 967 557 1008 multis
581 967 770 1018 patronis
803 968 1059 1018 clamitabat,
1089 969 1260 1020 probari
1285 970 1398 1020 apud
1419 982 1484 1010 me

64 1025 220 1065 debere
249 1025 471 1077 pecuniam
494 1026 632 1065 datam
656 1025 869 1066 consuetis
900 1026 1059 1074 modis,
1089 1030 1102 1049 ³
1118 1026 1294 1078 expensi
1317 1027 1483 1074 latione,

63 1093 235 1122 mensae
266 1082 517 1130 rationibus,
549 1082 816 1132 chirographi
841 1082 1116 1129 exhibitione,
1148 1084 1382 1123 tabularum
1414 1085 1485 1124 ob-

66 1138 319 1189 signatione,
358 1139 526 1179 testium
558 1139 907 1187 intercessione’,
948 1151 1000 1180 ex
1036 1140 1187 1191 quibus
1219 1140 1410 1181 omnibus
1446 1141 1521 1183 si8

66 1197 178 1236 nulla
207 1207 253 1236 re
275 1196 549 1246 probaretur,
578 1196 724 1236 dimitti
745 1195 825 1236 iam
843 1209 889 1237 sc
914 1202 1113 1248 oportere
1137 1203 1178 1238 et
1197 1197 1487 1238 aduersarium

66 1253 119 1293 de
142 1253 379 1303 calumpnia
396 1253 625 1303 dampnari,
646 1254 761 1303 quod
780 1254 832 1294 de
849 1254 1071 1305 utriusque
1090 1260 1228 1295 autem
1251 1253 1338 1295 uita
1360 1260 1486 1305 atque

65 1309 186 1350 sactis
211 1309 433 1358 diceretur,
463 1310 618 1350 frustra
639 1310 680 1349 id
701 1310 791 1350 fieri
809 1317 935 1360 atque
957 1311 1059 1351 dici:
1095 1324 1183 1352 rem
1205 1311 1313 1352 enim
1337 1312 1390 1352 de
1417 1323 1487 1362 pe-

65 1367 192 1407 tenda
207 1367 386 1418 pecunia
406 1367 519 1417 apud
541 1366 722 1407 iudicem
744 1367 953 1418 priuatum
976 1368 1065 1419 agi,
1099 1380 1183 1409 non
1204 1369 1317 1420 apud
1338 1380 1487 1410 censo·

65 1434 132 1464 res
151 1424 204 1463 de
229 1423 431 1465 moribus.

150 1481 267 1521 Tunc
291 1480 345 1521 ibi
371 1480 492 1521 amici
524 1480 627 1528 mei,
659 1493 767 1532 quos
793 1493 1043 1532 rogaucram
1067 1482 1107 1521 in
1135 1483 1376 1531 consilium,
1410 1483 1486 1524 uiri
1503 1488 1524 1524 9

65 1537 279 1578 exercitati
303 1543 428 1588 atque
453 1538 493 1578 in
512 1539 757 1589 patrociniis
779 1545 820 1579 et
843 1540 883 1578 in
904 1539 1046 1589 operis
1074 1540 1152 1581 sori
1172 1541 1361 1580 celebres
1380 1552 1486 1581 sem-

65 1605 229 1645 perque
253 1605 300 1635 se
324 1594 670 1646 circumundique
698 1596 1026 1637 distrahentibus
1053 1596 1192 1637 causis
1224 1598 1484 1643 festinantes,

66 1662 150 1692 non
181 1652 417 1693 sedendum
438 1651 591 1692 diutius
623 1663 672 1691 ac
695 1652 792 1692 nihil
817 1664 914 1693 esse
938 1653 1109 1693 dubium
1136 1653 1354 1701 dicebant,
1386 1654 1484 1704 quin

67 1708 354 1750 absoluendus
377 1710 505 1756 foret,
539 1720 663 1760 quem
698 1711 916 1760 accepisse
949 1710 1169 1760 pecuniam
1203 1711 1315 1750 nulla
1335 1711 1486 1761 proba-

66 1765 180 1806 tione
218 1766 441 1817 sollempni
474 1766 721 1807 docebatur.
784 1767 870 1807 Sed
908 1766 1017 1806 enim
1048 1779 1126 1817 ego
1162 1767 1354 1808 homines
1392 1779 1487 1809 cum
1503 1774 1545 1809 10

69 1821 409 1870 considerabam,
442 1825 618 1863 alterum
650 1823 765 1869 fidei,
794 1825 968 1863 alterum
991 1824 1135 1874 probri
1163 1825 1333 1875 plenum
1366 1836 1485 1876 spur-

68 1878 347 1930 cissimaeque
382 1880 493 1920 uitae
529 1892 579 1920 ac
619 1879 990 1926 defamatissimae‚
1028 1892 1294 1931 nequaquam
1333 1882 1485 1922 adduci

68 1935 187 1987 potui
208 1936 261 1976 ad
292 1937 614 1978 absoluendum.
653 1937 760 1977 Iussi
786 1937 909 1987 igitur
930 1937 1039 1978 diem
1061 1938 1223 1978 diffindi
1248 1944 1373 1989 atque
1390 1938 1487 1979 inde
1499 1946 1544 1981 ιι

68 1998 94 2033 a
109 1992 306 2034 subsellIS
323 2005 455 2045 pergo
472 1994 532 2034 ire
551 1996 604 2034 ad
620 1995 683 2034 Fa
695 2006 756 2034 uo
770 1994 847 2034 rin
861 2006 937 2034 um
958 1994 1270 2046 philosophum,
1297 2007 1421 2046 quem
1443 1996 1505 2036 in‘

68 2059 120 2090 eo
137 2053 328 2100 tempore
344 2051 503 2092 Romae
526 2051 750 2102 plurimum
772 2051 985 2099 sectabar,
1017 2057 1144 2102 atque
1165 2052 1202 2092 ei
1220 2053 1272 2092 de
1291 2063 1419 2093 causa
1436 2065 1486 2094 ac

69 2105 122 2146 de
142 2106 380 2148 hominibus
398 2119 506 2158 quae
523 2109 635 2159 apud
652 2119 717 2148 me
736 2107 846 2148 dicta
863 2109 1029 2149 fuerant
1041 2140 1050 2158 ,
1069 2110 1125 2149 uti
1143 2121 1210 2149 res
1229 2115 1337 2157 erat,
1357 2121 1481 2151 narro

71 2162 210 2203 omnia
228 2174 277 2204 ac
293 2169 408 2215 peto,
425 2170 470 2205 ut
487 2170 528 2205 et
544 2165 681 2216 ipsum
702 2165 814 2213 illud,
844 2164 884 2204 in
907 2177 990 2215 quo
1018 2166 1256 2214 haerebam,
1283 2171 1325 2206 et
1345 2172 1486 2207 cetera

70 2218 207 2269 etiam,
224 2231 332 2270 quae
349 2221 617 2262 obseruanda
638 2221 735 2261 mihi
753 2223 888 2264 forent
908 2222 948 2262 in
973 2222 1112 2264 officio
1132 2223 1294 2273 iudicis,
1326 2224 1481 2264 faceret

72 2285 161 2324 me,
183 2281 230 2316 ut
248 2287 392 2318 earum
411 2289 550 2319 rerum
573 2290 712 2320 essem
730 2278 989 2330 prudentior.

129 2334 283 2372 Gntm's
314 2337 358 2373 11.
1236 2337 1262 2377 8
