1635 2492
20 0 142 97 Ξῖ,
223 44 226 45 ’
282 6 285 8 -
371 12 405 85 v,
613 40 778 80 XVIIII.
811 51 916 78 1.11.
1393 41 1476 82 221

27 149 213 196 'factum
228 186 239 204 ,
267 152 468 205 sapientis
493 165 665 205 quoque
684 152 867 193 animuin
889 153 1105 204 paulisper
1130 154 1291 195 moueri
1314 160 1355 195 et
1379 167 1476 195 con-

57 211 164 259 trahi
181 215 222 251 et
236 211 472 262 pallescere
495 221 720 252 necessum
746 215 832 258 est,
864 223 947 251 non
968 210 1166 260 opinione
1184 212 1358 252 alicuius
1382 212 1478 252 mali

57 272 278 320 percepta,
318 268 395 308 sed
434 267 686 318 quibusdam
729 267 913 308 motibus
947 267 1105 318 rapidis
1136 272 1177 307 et
1211 268 1474 316 inconsultis,

27 371 30 375 .
57 325 243 367 officium
262 325 413 365 mentis
437 330 564 375 atque
584 324 756 365 rationis
778 324 1157 374 praeuertentibus.
1220 326 1320 366 Mox
1338 332 1477 366 tamen
1491 327 1537 363 18

56 383 125 423 ille
148 381 320 433 sapiens
357 381 511 422 ibidem
542 377 621 430 τὰς
653 378 866 430 τοιαύτας
904 382 1176 434 φαντασίας,
1210 383 1252 422 id
1289 388 1354 423 est
1386 382 1480 423 uisa

13 438 17 439 ⁷
55 439 189 480 istaec
210 438 334 479 animi
351 439 416 479 sui
433 439 637 488 terrifica,
670 451 754 480 non
779 440 1008 490 adprobat,
1040 440 1121 479 hoc
1140 445 1205 480 est
1225 434 1280 479 οὐ
1304 450 1478 492 συγκα-

56 497 288 537 τατίθεται
311 490 420 536 οὐδὲ
444 493 837 549 προσεπιδοξάζει,
871 497 947 536 sed
965 496 1102 536 abiicit
1127 496 1374 547 respuitque
1400 507 1478 537 nec

57 553 97 594 ei
121 553 394 593 metuendum
426 564 524 594 esse
558 553 597 593 in
628 553 691 594 his
725 553 947 604 quicquam
975 553 1156 593 uidetur.
1218 556 1361 604 Atque
1398 554 1534 594 hoel9

54 611 164 651 inter
191 609 426 660 insipientis
450 610 740 661 sapientisque
766 611 947 651 animum
976 611 1146 650 differre
1173 611 1334 659 dicunt,
1364 611 1479 660 quod

55 667 281 718 insipiens,
315 667 452 718 qualia
478 667 555 707 sibi
579 678 675 708 esse
709 668 841 718 primo
873 668 996 707 animi
1028 667 1093 708 sui
1119 669 1245 718 pulsu
1267 667 1359 708 uisa
1382 673 1480 708 sunt

57 736 187 766 saeua
225 729 267 764 et
293 736 464 776 aspera,
505 725 603 765 talia
633 736 730 764 esse
766 737 868 765 uero
907 730 1026 776 putat
1054 730 1093 764 et
1118 726 1265 765 eadem
1297 725 1477 775 incepta,

55 787 269 831 tamquam
301 781 337 822 si
369 782 459 821 iure
493 782 718 822 metuenda
765 782 866 831 sint,
911 793 988 822 sua
1019 793 1189 832 quoque
1222 781 1479 822 adsensione

57 839 266 890 adprobat
309 837 384 878 καὶ
418 834 859 891 (προσεπιδοξάζειῆ
893 840 974 879 hoc
1020 839 1128 878 enim
1164 839 1296 879 uerbo
1334 838 1476 886 Stoici,

58 907 152 936 cum
170 895 395 947 superista
420 908 465 935 re
487 896 722 944 disserunt,
756 902 941 937 utuntur.
1006 896 1184 946 Sapiens
1203 902 1355 944 autem,
1382 906 1476 935 cum
1491 901 1537 935 20

57 952 243 993 breuiter
264 959 304 994 et
321 952 494 993 strictim
519 955 663 993 colore
687 958 814 1004 atque
836 955 953 994 uultu
973 958 1112 993 motus
1138 959 1220 1001 est,
1240 947 1296 992 οὐ
1315 962 1478 1004 συγκα-

57 1009 311 1062 τατίθεται,
343 1010 420 1050 sed
438 1015 592 1050 statum
619 1010 894 1061 uigoremque
923 1010 1156 1051 sententiae
1181 1021 1283 1050 suae
1314 1009 1478 1056 retinet,

59 1078 187 1118 quam
218 1067 270 1107 de
301 1067 593 1108 huiuscemodi
628 1067 732 1107 uisis
768 1080 937 1119 semper
961 1067 1127 1116 habuit,
1159 1073 1204 1106 ut
1227 1067 1279 1106 de
1313 1066 1479 1106 minime

59 1124 317 1173 metuendis,
350 1125 426 1164 sed
450 1126 586 1165 fronte
611 1125 715 1164 salsa
734 1130 773 1164 et
791 1125 1010 1165 formidine
1034 1124 1144 1163 inani
1160 1123 1477 1163 territantibus’.

145 1182 259 1221 Haec
282 1181 587 1231 Epictetum
623 1181 922 1232 philosophum
949 1193 1001 1220 ex
1028 1181 1208 1221 decretis
1241 1180 1533 1221 Stoicorum2l

13 1271 14 1275 ,
59 1238 250 1278 sensisse
284 1243 409 1288 atque
452 1238 632 1287 dixisse,
680 1238 719 1278 in
761 1250 833 1286 eo,
882 1251 964 1289 quo
1007 1237 1111 1286 dixi,
1156 1238 1259 1278 libro
1301 1237 1478 1288 legimus

12 1318 14 1341 ς
59 1295 386 1345 adnotandaque
405 1306 501 1336 esse
523 1295 682 1335 idcirco
710 1295 1063 1347 existimauimus,
1090 1301 1135 1334 ut
1162 1295 1288 1335 rebus
1314 1296 1421 1334 forte
1437 1294 1478 1333 id

58 1363 212 1404 genus,
264 1352 414 1402 quibus
454 1352 556 1400 dixi,
604 1352 764 1393 obortis
803 1364 1035 1403 pauescere
1079 1352 1235 1392 sensim
1278 1357 1319 1391 et
1360 1351 1479 1402 quasi

59 1410 295 1458 albescere,
334 1421 418 1450 non
449 1408 684 1460 insipientis
719 1421 816 1449 esse
847 1410 1026 1450 hominis
1060 1420 1198 1459 neque
1227 1408 1367 1459 ignaui
1405 1420 1478 1458 pu-

59 1472 196 1507 temus
235 1471 276 1506 et
310 1465 351 1506 in
389 1477 438 1506 eo
484 1473 619 1507 tamen
657 1466 773 1506 breui
819 1473 933 1508 motu
973 1467 1151 1506 naturali
1191 1465 1324 1515 magis
1369 1464 1479 1504 infir-

59 1523 188 1564 mitati
207 1523 424 1572 cedamus,
455 1536 579 1574 quam
599 1524 712 1574 quod
737 1535 918 1572 essesea,
955 1524 1092 1574 qualia
1112 1523 1205 1563 uisa
1228 1527 1351 1569 sunt,
1386 1533 1478 1561 cen-

12 1595 14 1612 1
61 1592 243 1621 scamus.

748 1649 796 1688 11.

62 1730 135 1776 [Ex
168 1730 331 1777 quinque
371 1728 542 1775 corporis
575 1728 749 1763 sensibus
787 1725 883 1762 duos
919 1737 1005 1762 esse
1039 1737 1122 1762 cum
1155 1727 1275 1763 beluis
1311 1726 1474 1761 maxime

645 1784 896 1829 communes]

142 1857 342 1912 'Quinque
359 1866 458 1902 sunt
474 1860 687 1901 hominum
707 1870 873 1908 sensus,
896 1870 1003 1909 quos
1024 1857 1171 1897 Graeci
1189 1861 1201 1880 ‘
1215 1853 1478 1909 αἰσθήσεις’
1500 1865 1517 1898 1

63 1919 298 1970 appellant,
329 1929 406 1969 per
430 1929 538 1968 quos
568 1918 764 1966 uoluptas
793 1916 931 1956 animo
959 1920 1030 1955 aut
1061 1914 1230 1966 corpori
1255 1913 1400 1965 quaeri
1422 1914 1479 1953 ui·

0 1978 1 2018 ὲ
66 1977 207 2016 detur:
249 1980 420 2026 gustus,
451 1980 609 2021 tactus,
644 1974 866 2021 odoratus,
899 1972 1040 2021 uisus,
1079 1972 1260 2012 auditus.
1322 1972 1385 2010 Ex
1415 1971 1479 2011 his

67 2032 260 2073 omnibus
293 2043 402 2083 quae
429 2031 639 2073 inmodice
669 2031 865 2080 uoluptas
902 2030 1081 2080 capitur,
1116 2041 1165 2069 ea
1189 2028 1322 2079 turpis
1354 2033 1480 2076 atque

0 2105 1 2117 ¹
65 2089 244 2140 inproba
266 2089 538 2130 existimatur.
601 2088 686 2128 Sed
708 2087 815 2127 enim
838 2097 947 2137 quae
974 2086 1096 2126 nimia
1120 2098 1172 2126 ex
1194 2090 1320 2136 gustu
1354 2089 1479 2133 atque
1497 2090 1518 2124 2

66 2151 180 2187 tactu
217 2149 303 2195 est,
344 2157 394 2185 ca
428 2147 646 2197 uoluptas,
690 2143 811 2184 sicuti
843 2144 1055 2194 sapientes
1092 2142 1169 2182 uiri
1213 2146 1478 2189 censuerunt,

70 2203 255 2244 omnium
272 2213 412 2243 rerum
434 2202 677 2243 foedissima
694 2206 777 2249 est,
811 2211 971 2250 eosque
993 2200 1191 2247 maxime,
1226 2198 1295 2248 qui
1317 2197 1479 2237 duabus

69 2258 162 2301 istis
202 2259 381 2300 beluinis
409 2259 695 2310 uoluptatibus
730 2269 827 2299 sese
856 2257 1104 2297 dediderunt
1132 2254 1367 2306 grauissimi
1394 2253 1481 2294 uitii
