1603 2508
570 60 618 100 ΙΙ.
650 70 768 99 xv111.
800 70 936 99 xv1111.
1405 56 1461 102 91

671 174 817 215 XVIII.

40 245 152 293 Quod
166 245 349 284 Phaedon
367 245 586 283 Socraticus
604 255 740 281 seruus
758 245 845 289 suit;
872 244 1050 291 quodque
1075 244 1164 280 item
1189 243 1250 280 alii
1269 243 1463 290 complus-

472 303 546 340 culi
564 303 782 339 seruitutem
799 302 1025 338 seruierunt.

123 379 376 420 Phaedon
407 378 614 419 Elidensis
653 390 705 418 ex
749 379 924 418 cohorte
959 377 1028 417 illa
1054 377 1343 418 Socratica
1383 377 1457 419 fuit
1476 382 1494 416 l

39 435 350 487 Socratique
377 441 418 476 et
443 437 593 477 Plato
610 435 658 475 ni
681 447 758 486 per
785 436 860 475 fuit
886 434 1111 474 familiaris.
1174 434 1274 475 Eius
1304 435 1498 475 nomini2

37 495 182 535 Plato
220 493 369 534 librum
392 494 507 534 illum
532 492 717 533 diuinum
745 492 798 531 de
819 492 1126 532 immortalitate
1150 492 1312 532 animae
1331 493 1457 533 dedit.

37 552 78 592 Is
100 551 359 591 Phaedon
386 561 537 591 seruus
564 550 638 590 fuit
655 551 789 590 forma
812 555 938 600 atque
955 549 1122 600 ingenio
1146 549 1306 589 liberali
1325 555 1384 598 et,
1411 555 1457 591 ut
1475 555 1497 590 3

19 604 210 658 'quidam
240 607 521 659 scripserunt,
556 618 580 646 a
606 609 758 647 lenone
790 606 960 647 domino
992 619 1098 658 puer
1130 608 1183 647 ad
1214 608 1460 648 merendum

41 670 228 706 coactus.
261 666 366 706 Eum
390 666 489 705 Ceb
503 676 526 705 e
540 677 559 706 s
576 664 818 705 Socraticus
836 665 1030 704 hortante
1053 664 1081 705 S
1096 677 1118 705 ο
1135 676 1155 704 c
1168 677 1188 704 r
1201 676 1224 704 a
1237 670 1285 705 te
1311 664 1464 705 emisse
1481 670 1505 704 4

41 722 193 764 dicitur
226 722 511 773 habuisseque
542 722 582 762 in
612 721 907 773 philosophiae
939 722 1183 773 disciplinis.
1255 724 1396 772 Atque
1427 722 1500 762 is5

39 784 190 832 postea
206 779 486 831 philosophus
506 779 691 820 inlustriS
711 780 804 827 suit,
837 791 1143 830 sermonesque
1176 779 1265 819 eius
1294 780 1346 819 de
1372 778 1460 820 So-

41 842 189 878 crate
213 838 440 878 admodum
465 838 680 888 elegantes
705 838 913 887 leguntur.

121 894 203 935 Alii
219 905 390 946 quoque
408 906 492 936 non
509 894 632 946 pauci
649 895 762 934 serui
784 894 973 943 fuerunt,
1009 894 1079 945 qui
1095 900 1195 945 post
1220 893 1462 945 philosophi
1478 896 1500 931 6

41 952 141 993 clari
167 952 406 992 extiterunt.
449 953 512 992 Ex
529 952 680 1003 quibus
697 952 763 991 ille
780 951 914 991 Meni
927 964 953 1002 p
963 963 1058 1003 pus
1082 951 1174 1000 suit,
1195 952 1313 991 cuius
1332 952 1460 991 libros
1480 955 1500 990 7

42 1010 98 1050 Μ.
119 1010 287 1050 Varro
306 1009 347 1049 in
373 1009 554 1050 satiris
573 1010 804 1049 aemulatus
824 1014 906 1057 est,
942 1021 1047 1060 quas
1075 1009 1141 1048 alii
1175 1009 1459 1060 <cynicas’‚

43 1067 137 1118 ipse
176 1067 359 1118 appellat
393 1069 405 1089 ³
425 1066 728 1117 Menippeas
746 1069 774 1104 ³.

128 1123 214 1164 Sed
232 1129 274 1163 et
294 1124 396 1164 The
409 1136 432 1164 o
447 1123 650 1174 phrasti
665 1123 927 1174 Peripatetici
946 1135 1096 1164 seruus
1116 1125 1145 1163 P
1159 1135 1309 1174 ompy
1323 1125 1370 1163 lu
1384 1135 1403 1163 s
1424 1129 1463 1163 ct
1479 1129 1501 1162 8

40 1180 264 1222 Zenonis
288 1180 419 1221 Stoici
435 1192 599 1228 seruus,
621 1180 690 1231 qui
708 1181 969 1220 Persaeus
993 1186 1171 1221 uocatus
1190 1186 1265 1229 est,
1286 1186 1327 1220 et
1343 1180 1460 1231 Epi-

41 1237 170 1286 curi,
191 1237 256 1278 cui
268 1238 377 1290 Mys
395 1249 547 1278 nomen
566 1237 905 1288 sujt‚philosophi
922 1250 1003 1278 non
1017 1238 1238 1278 incelebris
1251 1237 1459 1277 aixerunt.

126 1294 387 1346 Diogenes
405 1295 528 1336 etiam
549 1295 776 1346 Cynicus
799 1295 1045 1335 seruitutem
1069 1295 1254 1336 seruiuit.
1318 1295 1404 1335 Sed
1426 1294 1460 1335 is
1478 1300 1500 1336 9

42 1364 96 1394 ex
118 1352 309 1392 libertate
333 1352 374 1393 in
399 1352 645 1393 seruitutem
674 1364 828 1392 uenum
857 1351 973 1393 ierat.
1037 1354 1167 1403 Quem
1201 1364 1295 1392 cum
1322 1362 1461 1392 emere

43 1410 170 1450 uellet
192 1405 414 1462 Ξενιάδης
440 1409 689 1462 Κορίνθιος
719 1415 779 1457 ct,
815 1410 915 1459 quid
946 1410 1107 1450 artificii
1138 1410 1349 1457 nouisset,
1383 1413 1463 1457 [es-

44 1470 126 1517 set]
143 1471 438 1518 percontatus:
465 1470 478 1490 ‘
491 1467 613 1508 noui’
633 1467 766 1517 inquit
787 1467 879 1507 Dio
894 1478 988 1517 gen
1001 1479 1023 1507 e
1036 1479 1055 1508 s
1081 1471 1093 1489 <
1109 1468 1347 1508 hominibus
1365 1466 1462 1506 libe-

43 1526 100 1564 ris
123 1523 371 1575 imperare'.
432 1525 537 1564 Tum
559 1521 800 1576 Ξενιάδης,
826 1535 1082 1574 responsum
1110 1525 1199 1565 eius
1218 1523 1459 1571 demiratus,
1476 1527 1518 1562 lo

44 1580 144 1621 emit
160 1585 202 1620 et
226 1592 351 1622 manu
372 1581 509 1622 emisit
534 1582 729 1632 filiosque
754 1593 856 1622 suos
876 1582 913 1621 ei
936 1583 1131 1623 tradens:
1165 1581 1372 1633 ‘accipe',
1406 1581 1462 1620 in-

45 1637 154 1688 quit,
183 1638 365 1680 ‘liberos
398 1650 536 1687 meos,
571 1640 723 1688 quibus
755 1638 978 1689 imperes’.

11 1693 14 1695 ’
130 1695 192 1735 De
221 1695 470 1746 Epicteto
502 1701 641 1736 autem
669 1696 925 1746 philosopho
960 1696 1108 1743 nobili,
1149 1696 1264 1745 quod
1296 1694 1332 1734 is
1361 1704 1462 1743 quo-

45 1763 128 1803 que
169 1763 320 1793 seruus
353 1753 448 1801 fuit,
487 1753 698 1793 recentior
735 1757 800 1792 est
840 1753 1060 1801 memoria,
1096 1764 1220 1803 quarn
1256 1756 1302 1791 ut
1337 1749 1463 1791 scribi

47 1808 167 1858 quasi
201 1809 466 1850 obliteratum
499 1810 702 1850 debuerit.

668 1910 832 1950 XVIIII.

47 1977 203 2018 Rescire
231 1981 388 2016 uerbum
414 1978 505 2027 quid
533 1981 581 2015 sit
604 1984 640 2015 ct
664 1991 777 2026 quam
807 1979 947 2016 habeat
974 1989 1103 2014 ueram
1135 1980 1245 2023 atquc
1271 1975 1464 2022 propriam

592 2036 923 2084 significationem.

133 2111 320 2152 Verbum
350 2111 554 2152 ‘rescire’
593 2111 913 2152 obseruauimus
941 2110 1024 2150 uim
1056 2110 1211 2150 habere
1250 2109 1499 2161 propriaml

51 2168 284 2217 quandam,
315 2180 401 2209 non
434 2180 487 2209 ex
522 2169 732 2209 communi
766 2168 1071 2218 significatione
1105 2171 1341 2207 ceterorum
1371 2178 1464 2207 uer·

46 2223 220 2273 borum,
264 2225 416 2276 quibus
455 2226 601 2265 eadem
639 2225 899 2276 praepositio
942 2223 1187 2275 imponitur3
1235 2236 1373 2275 neque
1420 2228 1465 2263 ut

45 2279 343 2330 ‘rescribere’,
383 2283 633 2332 ‘relegere',
665 2282 932 2322 ‘restituere'
960 2281 1155 2328 dicimus,
1192 2280 1331 2321 itidem
1366 2279 1464 2321 dici-
