<?xml version="1.0" encoding="UTF-8"?>
<!DOCTYPE html PUBLIC "-//W3C//DTD XHTML 1.0 Transitional//EN"
    "http://www.w3.org/TR/xhtml1/DTD/xhtml1-transitional.dtd">
<html xmlns="http://www.w3.org/1999/xhtml" xml:lang="en" lang="en">
 <head>
  <title>
</title>
<meta http-equiv="Content-Type" content="text/html;charset=utf-8" />
  <meta name='ocr-system' content='tesseract 3.04.00' />
  <meta name='ocr-capabilities' content='ocr_page ocr_carea ocr_par ocr_line ocrx_word'/>
</head>
<body>
  <div class='ocr_page' id='page_1' title='image "./agelliinoctivmat00gelluoft_0326.png"; bbox 0 0 1619 2476; ppageno 0'>
   <div class='ocr_carea' id='block_1_1' title="bbox 99 31 961 73">
    <p class='ocr_par' dir='ltr' id='par_1_1' title="bbox 99 31 961 73">
     <span class='ocr_line' id='line_1_1' title="bbox 99 31 961 73; baseline -0.002 -1"><span class='ocrx_word' id='word_1_1' title='bbox 99 31 155 73; x_wconf 85' lang='lat'><strong>40</strong></span> <span class='ocrx_word' id='word_1_2' title='bbox 647 33 714 72; x_wconf 91' lang='lat' dir='ltr'><strong>XI.</strong></span> <span class='ocrx_word' id='word_1_3' title='bbox 738 44 779 71; x_wconf 86' lang='lat' dir='ltr'><strong>x.</strong></span> <span class='ocrx_word' id='word_1_4' title='bbox 805 43 863 71; x_wconf 83' lang='lat' dir='ltr'><strong>xl.</strong></span> <span class='ocrx_word' id='word_1_5' title='bbox 886 42 961 72; x_wconf 88' lang='lat' dir='ltr'><strong>xn.</strong></span> 
     </span>
    </p>
   </div>
   <div class='ocr_carea' id='block_1_2' title="bbox 97 144 1510 308">
    <p class='ocr_par' dir='ltr' id='par_1_2' title="bbox 97 144 1510 308">
     <span class='ocr_line' id='line_1_2' title="bbox 99 144 1510 198; baseline 0.001 -12"><span class='ocrx_word' id='word_1_6' title='bbox 99 148 291 186; x_wconf 89' lang='lat' dir='ltr'><strong>lentum</strong></span> <span class='ocrx_word' id='word_1_7' title='bbox 333 144 616 194; x_wconf 81' lang='lat' dir='ltr'>quaesisti?</span> <span class='ocrx_word' id='word_1_8' title='bbox 671 156 785 194; x_wconf 85' lang='lat' dir='ltr'><strong>ego,</strong></span> <span class='ocrx_word' id='word_1_9' title='bbox 831 149 887 184; x_wconf 90' lang='lat' dir='ltr'><strong>ut</strong></span> <span class='ocrx_word' id='word_1_10' title='bbox 917 149 1172 198; x_wconf 85' lang='lat' dir='ltr'><strong>tacerem,</strong></span> <span class='ocrx_word' id='word_1_11' title='bbox 1213 146 1389 186; x_wconf 88' lang='lat' dir='ltr'><strong>decem</strong></span> <span class='ocrx_word' id='word_1_12' title='bbox 1430 152 1510 187; x_wconf 87' lang='lat' dir='ltr'><strong>ta-</strong></span> 
     </span>
     <span class='ocr_line' id='line_1_3' title="bbox 99 200 1508 254; baseline 0.001 -12"><span class='ocrx_word' id='word_1_13' title='bbox 99 205 238 242; x_wconf 91' lang='lat' dir='ltr'><strong>lenta</strong></span> <span class='ocrx_word' id='word_1_14' title='bbox 267 213 290 240; x_wconf 91' lang='lat' dir='ltr'><strong>a</strong></span> <span class='ocrx_word' id='word_1_15' title='bbox 318 212 437 251; x_wconf 81' lang='lat' dir='ltr'><strong>rege</strong></span> <span class='ocrx_word' id='word_1_16' title='bbox 471 200 694 251; x_wconf 87' lang='lat' dir='ltr'><strong>accepi’.</strong></span> <span class='ocrx_word' id='word_1_17' title='bbox 764 201 898 241; x_wconf 86' lang='lat' dir='ltr'><strong>Idem</strong></span> <span class='ocrx_word' id='word_1_18' title='bbox 928 213 1058 242; x_wconf 89' lang='lat' dir='ltr'><strong>nunc</strong></span> <span class='ocrx_word' id='word_1_19' title='bbox 1087 201 1178 243; x_wconf 87' lang='lat' dir='ltr'><strong>isti</strong></span> <span class='ocrx_word' id='word_1_20' title='bbox 1211 202 1380 254; x_wconf 86' lang='lat' dir='ltr'><strong>pretia</strong></span> <span class='ocrx_word' id='word_1_21' title='bbox 1410 213 1508 243; x_wconf 82' lang='lat' dir='ltr'><strong>ma·</strong></span> 
     </span>
     <span class='ocr_line' id='line_1_4' title="bbox 97 256 970 308; baseline -0.001 -10"><span class='ocrx_word' id='word_1_22' title='bbox 97 259 231 298; x_wconf 85' lang='lat' dir='ltr'><strong>xima</strong></span> <span class='ocrx_word' id='word_1_23' title='bbox 268 258 328 297; x_wconf 88' lang='lat' dir='ltr'><strong>ob</strong></span> <span class='ocrx_word' id='word_1_24' title='bbox 371 258 647 298; x_wconf 87' lang='lat' dir='ltr'><strong>tacendum</strong></span> <span class='ocrx_word' id='word_1_25' title='bbox 686 256 970 308; x_wconf 80' lang='lat' dir='ltr'><strong>accipiunt.</strong></span> 
     </span>
    </p>
   </div>
   <div class='ocr_carea' id='block_1_3' title="bbox 768 371 837 411">
    <p class='ocr_par' dir='ltr' id='par_1_3' title="bbox 768 371 837 411">
     <span class='ocr_line' id='line_1_5' title="bbox 768 371 837 411; baseline -0.014 0"><span class='ocrx_word' id='word_1_26' title='bbox 768 371 837 411; x_wconf 87' lang='lat' dir='ltr'><strong>XI.</strong></span> 
     </span>
    </p>
   </div>
   <div class='ocr_carea' id='block_1_4' title="bbox 152 451 1451 547">
    <p class='ocr_par' dir='ltr' id='par_1_4' title="bbox 152 451 1451 547">
     <span class='ocr_line' id='line_1_6' title="bbox 152 451 1451 500; baseline 0.002 -13"><span class='ocrx_word' id='word_1_27' title='bbox 152 453 279 488; x_wconf 83' lang='lat' dir='ltr'><strong>Verba</strong></span> <span class='ocrx_word' id='word_1_28' title='bbox 300 452 340 488; x_wconf 91' lang='lat' dir='ltr'><strong>P.</strong></span> <span class='ocrx_word' id='word_1_29' title='bbox 361 451 516 500; x_wconf 84' lang='lat' dir='ltr'><strong>Nigidii,</strong></span> <span class='ocrx_word' id='word_1_30' title='bbox 540 453 674 499; x_wconf 85' lang='lat' dir='ltr'><strong>quibus</strong></span> <span class='ocrx_word' id='word_1_31' title='bbox 698 452 851 490; x_wconf 83' lang='lat' dir='ltr'><strong>differre</strong></span> <span class='ocrx_word' id='word_1_32' title='bbox 871 454 960 490; x_wconf 82' lang='lat' dir='ltr'><strong>dicit</strong></span> <span class='ocrx_word' id='word_1_33' title='bbox 981 453 1128 489; x_wconf 82' lang='lat' dir='ltr'><strong>mentiri</strong></span> <span class='ocrx_word' id='word_1_34' title='bbox 1152 456 1189 489; x_wconf 83' lang='lat' dir='ltr'><strong>et</strong></span> <span class='ocrx_word' id='word_1_35' title='bbox 1210 453 1451 491; x_wconf 84' lang='lat' dir='ltr'><strong>mendacium</strong></span> 
     </span>
     <span class='ocr_line' id='line_1_7' title="bbox 736 510 877 547; baseline -0.007 -1"><span class='ocrx_word' id='word_1_36' title='bbox 736 510 877 547; x_wconf 84' lang='lat' dir='ltr'><strong>dicere.</strong></span> 
     </span>
    </p>
   </div>
   <div class='ocr_carea' id='block_1_5' title="bbox 47 592 1508 1381">
    <p class='ocr_par' dir='ltr' id='par_1_5' title="bbox 55 592 1508 870">
     <span class='ocr_line' id='line_1_8' title="bbox 55 592 1507 645; baseline 0.002 -14"><span class='ocrx_word' id='word_1_37' title='bbox 55 603 71 636; x_wconf 86' lang='lat'>1</span> <span class='ocrx_word' id='word_1_38' title='bbox 176 592 317 632; x_wconf 89' lang='lat' dir='ltr'><strong>Verba</strong></span> <span class='ocrx_word' id='word_1_39' title='bbox 347 597 444 632; x_wconf 89' lang='lat' dir='ltr'><strong>sunt</strong></span> <span class='ocrx_word' id='word_1_40' title='bbox 475 593 566 644; x_wconf 84' lang='lat' dir='ltr'><strong>ipsa</strong></span> <span class='ocrx_word' id='word_1_41' title='bbox 600 594 702 634; x_wconf 83' lang='lat' dir='ltr'><strong>haec</strong></span> <span class='ocrx_word' id='word_1_42' title='bbox 736 595 778 634; x_wconf 88' lang='lat' dir='ltr'><strong>P.</strong></span> <span class='ocrx_word' id='word_1_43' title='bbox 811 593 1023 645; x_wconf 80' lang='lat' dir='ltr'><strong>Nigidii,</strong></span> <span class='ocrx_word' id='word_1_44' title='bbox 1069 592 1249 634; x_wconf 90' lang='lat' dir='ltr'><strong>hominis</strong></span> <span class='ocrx_word' id='word_1_45' title='bbox 1284 593 1324 634; x_wconf 89' lang='lat' dir='ltr'><strong>in</strong></span> <span class='ocrx_word' id='word_1_46' title='bbox 1358 593 1507 634; x_wconf 68' lang='lat' dir='ltr'><strong>studii³</strong></span> 
     </span>
     <span class='ocr_line' id='line_1_9' title="bbox 94 649 1508 701; baseline 0.001 -13"><span class='ocrx_word' id='word_1_47' title='bbox 94 650 298 689; x_wconf 88' lang='lat' dir='ltr'><strong>bonarum</strong></span> <span class='ocrx_word' id='word_1_48' title='bbox 337 649 484 689; x_wconf 84' lang='lat' dir='ltr'><strong>artium</strong></span> <span class='ocrx_word' id='word_1_49' title='bbox 527 651 840 700; x_wconf 85' lang='lat' dir='ltr'><strong>praecellentis,</strong></span> <span class='ocrx_word' id='word_1_50' title='bbox 883 662 1006 701; x_wconf 84' lang='lat' dir='ltr'><strong>quem</strong></span> <span class='ocrx_word' id='word_1_51' title='bbox 1043 651 1096 691; x_wconf 92' lang='lat' dir='ltr'><strong>M.</strong></span> <span class='ocrx_word' id='word_1_52' title='bbox 1136 651 1321 692; x_wconf 85' lang='lat' dir='ltr'><strong>Cicero</strong></span> <span class='ocrx_word' id='word_1_53' title='bbox 1351 649 1508 701; x_wconf 83' lang='lat' dir='ltr'><strong>ingenii</strong></span> 
     </span>
     <span class='ocr_line' id='line_1_10' title="bbox 94 705 1508 756; baseline 0.001 -10"><span class='ocrx_word' id='word_1_54' title='bbox 94 705 465 756; x_wconf 80' lang='lat' dir='ltr'><strong>doctrinarumque</strong></span> <span class='ocrx_word' id='word_1_55' title='bbox 490 706 657 747; x_wconf 90' lang='lat' dir='ltr'><strong>nomine</strong></span> <span class='ocrx_word' id='word_1_56' title='bbox 675 719 837 747; x_wconf 89' lang='lat' dir='ltr'><strong>summe</strong></span> <span class='ocrx_word' id='word_1_57' title='bbox 854 707 1060 748; x_wconf 86' lang='lat' dir='ltr'><strong>reueritus</strong></span> <span class='ocrx_word' id='word_1_58' title='bbox 1083 713 1169 748; x_wconf 89' lang='lat' dir='ltr'><strong>est:</strong></span> <span class='ocrx_word' id='word_1_59' title='bbox 1206 709 1347 747; x_wconf 82' lang='lat' dir='ltr'>Inter</span> <span class='ocrx_word' id='word_1_60' title='bbox 1371 718 1508 747; x_wconf 89' lang='lat' dir='ltr'><strong>men-</strong></span> 
     </span>
     <span class='ocr_line' id='line_1_11' title="bbox 94 762 1506 814; baseline 0.001 -11"><span class='ocrx_word' id='word_1_61' title='bbox 94 762 298 803; x_wconf 82' lang='lat' dir='ltr'><strong>dacium</strong></span> <span class='ocrx_word' id='word_1_62' title='bbox 331 763 507 802; x_wconf 83' lang='lat' dir='ltr'><strong>dicere</strong></span> <span class='ocrx_word' id='word_1_63' title='bbox 541 770 587 804; x_wconf 89' lang='lat' dir='ltr'><strong>et</strong></span> <span class='ocrx_word' id='word_1_64' title='bbox 624 764 831 804; x_wconf 88' lang='lat' dir='ltr'><strong>mentiri</strong></span> <span class='ocrx_word' id='word_1_65' title='bbox 861 764 1037 805; x_wconf 89' lang='lat' dir='ltr'><strong>distat.</strong></span> <span class='ocrx_word' id='word_1_66' title='bbox 1100 765 1191 814; x_wconf 82' lang='lat' dir='ltr'><strong>Qui</strong></span> <span class='ocrx_word' id='word_1_67' title='bbox 1226 763 1506 812; x_wconf 82' lang='lat' dir='ltr'><strong>mentitur,</strong></span> 
     </span>
     <span class='ocr_line' id='line_1_12' title="bbox 92 819 1508 870; baseline 0.001 -11"><span class='ocrx_word' id='word_1_68' title='bbox 92 820 205 870; x_wconf 89' lang='lat' dir='ltr'><strong>ipse</strong></span> <span class='ocrx_word' id='word_1_69' title='bbox 238 831 337 860; x_wconf 88' lang='lat' dir='ltr'><strong>non</strong></span> <span class='ocrx_word' id='word_1_70' title='bbox 374 819 598 869; x_wconf 84' lang='lat' dir='ltr'><strong>fallitur,</strong></span> <span class='ocrx_word' id='word_1_71' title='bbox 646 822 869 862; x_wconf 89' lang='lat' dir='ltr'><strong>alterum</strong></span> <span class='ocrx_word' id='word_1_72' title='bbox 905 823 1094 861; x_wconf 81' lang='lat' dir='ltr'><strong>fallere</strong></span> <span class='ocrx_word' id='word_1_73' title='bbox 1125 826 1374 868; x_wconf 61' lang='lat' dir='ltr'><strong>conatum</strong></span> <span class='ocrx_word' id='word_1_74' title='bbox 1422 820 1508 870; x_wconf 89' lang='lat' dir='ltr'><strong>qui</strong></span> 
     </span>
    </p>

    <p class='ocr_par' dir='ltr' id='par_1_6' title="bbox 47 875 1506 1042">
     <span class='ocr_line' id='line_1_13' title="bbox 47 875 1505 928; baseline 0.001 -13"><span class='ocrx_word' id='word_1_75' title='bbox 47 876 418 916; x_wconf 81' lang='lat' dir='ltr'><strong>2mendacium</strong></span> <span class='ocrx_word' id='word_1_76' title='bbox 455 876 606 925; x_wconf 88' lang='lat' dir='ltr'><strong>dicit,</strong></span> <span class='ocrx_word' id='word_1_77' title='bbox 643 878 755 928; x_wconf 84' lang='lat' dir='ltr'><strong>ipse</strong></span> <span class='ocrx_word' id='word_1_78' title='bbox 794 877 1014 918; x_wconf 87' lang='lat' dir='ltr'><strong>fallitur.</strong></span> <span class='ocrx_word' id='word_1_79' title='bbox 1075 879 1177 918; x_wconf 86' lang='lat' dir='ltr'><strong>Item</strong></span> <span class='ocrx_word' id='word_1_80' title='bbox 1208 878 1290 918; x_wconf 91' lang='lat' dir='ltr'><strong>hoc</strong></span> <span class='ocrx_word' id='word_1_81' title='bbox 1326 875 1505 916; x_wconf 85' lang='lat' dir='ltr'><strong>addidit:</strong></span> 
     </span>
     <span class='ocr_line' id='line_1_14' title="bbox 95 933 1506 985; baseline 0.001 -13"><span class='ocrx_word' id='word_1_82' title='bbox 95 933 185 983; x_wconf 84' lang='lat' dir='ltr'><strong>Qui</strong></span> <span class='ocrx_word' id='word_1_83' title='bbox 219 933 486 982; x_wconf 84' lang='lat' dir='ltr'><strong>mentitur,</strong></span> <span class='ocrx_word' id='word_1_84' title='bbox 526 934 680 985; x_wconf 89' lang='lat' dir='ltr'><strong>inquit,</strong></span> <span class='ocrx_word' id='word_1_85' title='bbox 725 934 878 982; x_wconf 86' lang='lat' dir='ltr'><strong>fallit,</strong></span> <span class='ocrx_word' id='word_1_86' title='bbox 924 939 1166 985; x_wconf 88' lang='lat' dir='ltr'><strong>quantum</strong></span> <span class='ocrx_word' id='word_1_87' title='bbox 1210 934 1258 974; x_wconf 90' lang='lat' dir='ltr'><strong>in</strong></span> <span class='ocrx_word' id='word_1_88' title='bbox 1298 945 1354 974; x_wconf 90' lang='lat' dir='ltr'><strong>se</strong></span> <span class='ocrx_word' id='word_1_89' title='bbox 1400 938 1506 981; x_wconf 87' lang='lat' dir='ltr'><strong>est;</strong></span> 
     </span>
     <span class='ocr_line' id='line_1_15' title="bbox 96 990 1502 1042; baseline 0 -13"><span class='ocrx_word' id='word_1_90' title='bbox 96 996 145 1030; x_wconf 89' lang='lat' dir='ltr'><strong>at</strong></span> <span class='ocrx_word' id='word_1_91' title='bbox 195 990 280 1040; x_wconf 84' lang='lat' dir='ltr'><strong>qui</strong></span> <span class='ocrx_word' id='word_1_92' title='bbox 317 991 645 1031; x_wconf 81' lang='lat' dir='ltr'><strong>mendacium</strong></span> <span class='ocrx_word' id='word_1_93' title='bbox 676 991 828 1040; x_wconf 86' lang='lat' dir='ltr'><strong>dicit,</strong></span> <span class='ocrx_word' id='word_1_94' title='bbox 865 991 979 1042; x_wconf 87' lang='lat' dir='ltr'><strong>ipse</strong></span> <span class='ocrx_word' id='word_1_95' title='bbox 1013 1002 1110 1032; x_wconf 89' lang='lat' dir='ltr'><strong>non</strong></span> <span class='ocrx_word' id='word_1_96' title='bbox 1149 990 1309 1039; x_wconf 84' lang='lat' dir='ltr'><strong>fallit,</strong></span> <span class='ocrx_word' id='word_1_97' title='bbox 1348 1001 1502 1041; x_wconf 86' lang='lat' dir='ltr'><strong>quan-</strong></span> 
     </span>
    </p>

    <p class='ocr_par' dir='ltr' id='par_1_7' title="bbox 53 1045 1508 1212">
     <span class='ocr_line' id='line_1_16' title="bbox 53 1045 1505 1098; baseline -0.001 -10"><span class='ocrx_word' id='word_1_98' title='bbox 53 1053 194 1088; x_wconf 85' lang='lat' dir='ltr'><strong>3tum</strong></span> <span class='ocrx_word' id='word_1_99' title='bbox 234 1047 282 1086; x_wconf 92' lang='lat' dir='ltr'><strong>in</strong></span> <span class='ocrx_word' id='word_1_100' title='bbox 321 1059 339 1087; x_wconf 91' lang='lat' dir='ltr'><strong>s</strong></span> <span class='ocrx_word' id='word_1_101' title='bbox 358 1058 380 1087; x_wconf 88' lang='lat' dir='ltr'><strong>e</strong></span> <span class='ocrx_word' id='word_1_102' title='bbox 412 1053 504 1087; x_wconf 84' lang='lat' dir='ltr'><strong>est.</strong></span> <span class='ocrx_word' id='word_1_103' title='bbox 566 1049 666 1088; x_wconf 89' lang='lat' dir='ltr'><strong>Item</strong></span> <span class='ocrx_word' id='word_1_104' title='bbox 689 1049 770 1089; x_wconf 90' lang='lat' dir='ltr'><strong>hoc</strong></span> <span class='ocrx_word' id='word_1_105' title='bbox 798 1059 968 1098; x_wconf 86' lang='lat' dir='ltr'><strong>quoque</strong></span> <span class='ocrx_word' id='word_1_106' title='bbox 991 1059 1120 1098; x_wconf 86' lang='lat' dir='ltr'><strong>super</strong></span> <span class='ocrx_word' id='word_1_107' title='bbox 1142 1048 1289 1089; x_wconf 88' lang='lat' dir='ltr'><strong>eadem</strong></span> <span class='ocrx_word' id='word_1_108' title='bbox 1311 1058 1358 1086; x_wconf 93' lang='lat' dir='ltr'><strong>re</strong></span> <span class='ocrx_word' id='word_1_109' title='bbox 1383 1045 1505 1087; x_wconf 90' lang='lat' dir='ltr'><strong>dicit:</strong></span> 
     </span>
     <span class='ocr_line' id='line_1_17' title="bbox 91 1102 1508 1156; baseline -0.001 -13"><span class='ocrx_word' id='word_1_110' title='bbox 91 1103 182 1143; x_wconf 87' lang='lat' dir='ltr'><strong>Vir</strong></span> <span class='ocrx_word' id='word_1_111' title='bbox 220 1105 413 1152; x_wconf 88' lang='lat' dir='ltr'><strong>bonus,</strong></span> <span class='ocrx_word' id='word_1_112' title='bbox 454 1104 608 1155; x_wconf 86' lang='lat' dir='ltr'><strong>inquit,</strong></span> <span class='ocrx_word' id='word_1_113' title='bbox 650 1110 932 1156; x_wconf 87' lang='lat' dir='ltr'><strong>praestare</strong></span> <span class='ocrx_word' id='word_1_114' title='bbox 970 1105 1152 1154; x_wconf 86' lang='lat' dir='ltr'><strong>debet,</strong></span> <span class='ocrx_word' id='word_1_115' title='bbox 1193 1116 1257 1144; x_wconf 89' lang='lat' dir='ltr'><strong>ne</strong></span> <span class='ocrx_word' id='word_1_116' title='bbox 1290 1102 1508 1144; x_wconf 87' lang='lat' dir='ltr'><strong>mentia--</strong></span> 
     </span>
     <span class='ocr_line' id='line_1_18' title="bbox 91 1159 1507 1212; baseline -0.001 -12"><span class='ocrx_word' id='word_1_117' title='bbox 91 1167 197 1209; x_wconf 84' lang='lat' dir='ltr'><strong>tur,</strong></span> <span class='ocrx_word' id='word_1_118' title='bbox 226 1162 479 1212; x_wconf 89' lang='lat' dir='ltr'><strong>prudens,</strong></span> <span class='ocrx_word' id='word_1_119' title='bbox 519 1173 577 1201; x_wconf 91' lang='lat' dir='ltr'><strong>ne</strong></span> <span class='ocrx_word' id='word_1_120' title='bbox 609 1161 940 1202; x_wconf 81' lang='lat' dir='ltr'><strong>mendacium</strong></span> <span class='ocrx_word' id='word_1_121' title='bbox 972 1161 1136 1210; x_wconf 82' lang='lat' dir='ltr'><strong>dicat3</strong></span> <span class='ocrx_word' id='word_1_122' title='bbox 1179 1163 1401 1201; x_wconf 85' lang='lat' dir='ltr'><strong>alterum</strong></span> <span class='ocrx_word' id='word_1_123' title='bbox 1436 1159 1507 1199; x_wconf 86' lang='lat' dir='ltr'><strong>in-</strong></span> 
     </span>
    </p>

    <p class='ocr_par' dir='ltr' id='par_1_8' title="bbox 53 1216 1507 1381">
     <span class='ocr_line' id='line_1_19' title="bbox 53 1216 1507 1267; baseline -0.003 -7"><span class='ocrx_word' id='word_1_124' title='bbox 53 1216 225 1260; x_wconf 73' lang='lat' dir='ltr'><strong>4cidit</strong></span> <span class='ocrx_word' id='word_1_125' title='bbox 260 1217 309 1257; x_wconf 88' lang='lat' dir='ltr'><strong>in</strong></span> <span class='ocrx_word' id='word_1_126' title='bbox 341 1218 615 1267; x_wconf 87' lang='lat' dir='ltr'><strong>hominem,</strong></span> <span class='ocrx_word' id='word_1_127' title='bbox 654 1220 876 1258; x_wconf 87' lang='lat' dir='ltr'><strong>alterum</strong></span> <span class='ocrx_word' id='word_1_128' title='bbox 916 1230 1029 1259; x_wconf 91' lang='lat' dir='ltr'><strong>non.</strong></span> <span class='ocrx_word' id='word_1_129' title='bbox 1090 1218 1217 1258; x_wconf 87' lang='lat' dir='ltr'><strong>Varie</strong></span> <span class='ocrx_word' id='word_1_130' title='bbox 1249 1216 1507 1257; x_wconf 84' lang='lat' dir='ltr'><strong>mehercule</strong></span> 
     </span>
     <span class='ocr_line' id='line_1_20' title="bbox 94 1271 1506 1324; baseline -0.001 -11"><span class='ocrx_word' id='word_1_131' title='bbox 94 1279 135 1313; x_wconf 87' lang='lat' dir='ltr'><strong>et</strong></span> <span class='ocrx_word' id='word_1_132' title='bbox 150 1274 287 1324; x_wconf 86' lang='lat' dir='ltr'><strong>lepide</strong></span> <span class='ocrx_word' id='word_1_133' title='bbox 305 1274 545 1324; x_wconf 80' lang='lat' dir='ltr'><strong>Nigidius</strong></span> <span class='ocrx_word' id='word_1_134' title='bbox 565 1280 627 1315; x_wconf 85' lang='lat' dir='ltr'><strong>tot</strong></span> <span class='ocrx_word' id='word_1_135' title='bbox 643 1275 871 1315; x_wconf 90' lang='lat' dir='ltr'><strong>sententias</strong></span> <span class='ocrx_word' id='word_1_136' title='bbox 889 1275 928 1314; x_wconf 90' lang='lat' dir='ltr'><strong>in</strong></span> <span class='ocrx_word' id='word_1_137' title='bbox 947 1275 1123 1314; x_wconf 90' lang='lat' dir='ltr'><strong>eandem</strong></span> <span class='ocrx_word' id='word_1_138' title='bbox 1140 1286 1241 1322; x_wconf 87' lang='lat' dir='ltr'><strong>rem,</strong></span> <span class='ocrx_word' id='word_1_139' title='bbox 1260 1273 1381 1323; x_wconf 87' lang='lat' dir='ltr'><strong>quasi</strong></span> <span class='ocrx_word' id='word_1_140' title='bbox 1396 1271 1506 1312; x_wconf 90' lang='lat' dir='ltr'><strong>aliud</strong></span> 
     </span>
     <span class='ocr_line' id='line_1_21' title="bbox 94 1330 812 1381; baseline 0 -12"><span class='ocrx_word' id='word_1_141' title='bbox 94 1335 220 1380; x_wconf 87' lang='lat' dir='ltr'><strong>atque</strong></span> <span class='ocrx_word' id='word_1_142' title='bbox 241 1330 351 1369; x_wconf 89' lang='lat' dir='ltr'><strong>aliud</strong></span> <span class='ocrx_word' id='word_1_143' title='bbox 369 1330 546 1378; x_wconf 83' lang='lat' dir='ltr'><strong>diceret,</strong></span> <span class='ocrx_word' id='word_1_144' title='bbox 569 1331 812 1381; x_wconf 82' lang='lat' dir='ltr'><strong>disparauit.</strong></span> 
     </span>
    </p>
   </div>
   <div class='ocr_carea' id='block_1_6' title="bbox 761 1453 848 1493">
    <p class='ocr_par' dir='ltr' id='par_1_9' title="bbox 761 1453 848 1493">
     <span class='ocr_line' id='line_1_22' title="bbox 761 1453 848 1493; baseline -0.011 0"><span class='ocrx_word' id='word_1_145' title='bbox 761 1453 848 1493; x_wconf 86' lang='lat' dir='ltr'><strong>XII.</strong></span> 
     </span>
    </p>
   </div>
   <div class='ocr_carea' id='block_1_7' title="bbox 96 1531 1508 1693">
    <p class='ocr_par' dir='ltr' id='par_1_10' title="bbox 96 1531 1508 1693">
     <span class='ocr_line' id='line_1_23' title="bbox 96 1531 1508 1582; baseline -0.001 -15"><span class='ocrx_word' id='word_1_146' title='bbox 96 1531 207 1577; x_wconf 84' lang='lat' dir='ltr'><strong>Quod</strong></span> <span class='ocrx_word' id='word_1_147' title='bbox 226 1531 465 1579; x_wconf 81' lang='lat' dir='ltr'><strong>Chrysippus</strong></span> <span class='ocrx_word' id='word_1_148' title='bbox 495 1531 749 1580; x_wconf 85' lang='lat' dir='ltr'><strong>philosophus</strong></span> <span class='ocrx_word' id='word_1_149' title='bbox 782 1544 892 1569; x_wconf 89' lang='lat' dir='ltr'><strong>omne</strong></span> <span class='ocrx_word' id='word_1_150' title='bbox 915 1534 1072 1570; x_wconf 89' lang='lat' dir='ltr'><strong>uerbum</strong></span> <span class='ocrx_word' id='word_1_151' title='bbox 1094 1533 1312 1582; x_wconf 83' lang='lat' dir='ltr'><strong>ambiguum</strong></span> <span class='ocrx_word' id='word_1_152' title='bbox 1336 1531 1508 1568; x_wconf 89' lang='lat' dir='ltr'><strong>dubium·</strong></span> 
     </span>
     <span class='ocr_line' id='line_1_24' title="bbox 154 1588 1507 1637; baseline -0.001 -12"><span class='ocrx_word' id='word_1_153' title='bbox 154 1599 225 1636; x_wconf 93' lang='lat' dir='ltr'><strong>que</strong></span> <span class='ocrx_word' id='word_1_154' title='bbox 247 1599 334 1624; x_wconf 85' lang='lat' dir='ltr'><strong>esse</strong></span> <span class='ocrx_word' id='word_1_155' title='bbox 362 1588 463 1628; x_wconf 87' lang='lat' dir='ltr'><strong>dicit,</strong></span> <span class='ocrx_word' id='word_1_156' title='bbox 496 1588 686 1626; x_wconf 88' lang='lat' dir='ltr'><strong>Diodorus</strong></span> <span class='ocrx_word' id='word_1_157' title='bbox 704 1595 835 1626; x_wconf 78' lang='lat' dir='ltr'><strong>contra</strong></span> <span class='ocrx_word' id='word_1_158' title='bbox 853 1591 994 1626; x_wconf 90' lang='lat' dir='ltr'><strong>nullum</strong></span> <span class='ocrx_word' id='word_1_159' title='bbox 1012 1592 1169 1628; x_wconf 88' lang='lat' dir='ltr'><strong>uerbum</strong></span> <span class='ocrx_word' id='word_1_160' title='bbox 1186 1590 1402 1637; x_wconf 83' lang='lat' dir='ltr'><strong>ambiguum</strong></span> <span class='ocrx_word' id='word_1_161' title='bbox 1418 1597 1507 1624; x_wconf 87' lang='lat' dir='ltr'><strong>esse</strong></span> 
     </span>
     <span class='ocr_line' id='line_1_25' title="bbox 151 1650 268 1693; baseline -0.009 -11"><span class='ocrx_word' id='word_1_162' title='bbox 151 1650 268 1693; x_wconf 77' lang='lat' dir='ltr'><strong>putat.</strong></span> 
     </span>
    </p>
   </div>
   <div class='ocr_carea' id='block_1_8' title="bbox 52 1729 1507 2278">
    <p class='ocr_par' dir='ltr' id='par_1_11' title="bbox 58 1729 1505 1780">
     <span class='ocr_line' id='line_1_26' title="bbox 58 1729 1505 1780; baseline -0.001 -11"><span class='ocrx_word' id='word_1_163' title='bbox 58 1736 76 1769; x_wconf 89' lang='lat'>1</span> <span class='ocrx_word' id='word_1_164' title='bbox 181 1729 244 1769; x_wconf 92' lang='lat' dir='ltr'><strong>Ch</strong></span> <span class='ocrx_word' id='word_1_165' title='bbox 260 1741 280 1768; x_wconf 91' lang='lat' dir='ltr'><strong>r</strong></span> <span class='ocrx_word' id='word_1_166' title='bbox 292 1741 318 1780; x_wconf 86' lang='lat' dir='ltr'>y</span> <span class='ocrx_word' id='word_1_167' title='bbox 331 1741 349 1769; x_wconf 91' lang='lat' dir='ltr'><strong>s</strong></span> <span class='ocrx_word' id='word_1_168' title='bbox 361 1729 371 1768; x_wconf 93' lang='lat' dir='ltr'><strong>i</strong></span> <span class='ocrx_word' id='word_1_169' title='bbox 384 1742 410 1780; x_wconf 89' lang='lat' dir='ltr'>p</span> <span class='ocrx_word' id='word_1_170' title='bbox 420 1741 446 1780; x_wconf 86' lang='lat' dir='ltr'>p</span> <span class='ocrx_word' id='word_1_171' title='bbox 458 1741 514 1770; x_wconf 93' lang='lat' dir='ltr'><strong>us</strong></span> <span class='ocrx_word' id='word_1_172' title='bbox 532 1730 598 1779; x_wconf 92' lang='lat' dir='ltr'><strong>ait,</strong></span> <span class='ocrx_word' id='word_1_173' title='bbox 622 1741 745 1770; x_wconf 93' lang='lat' dir='ltr'><strong>omne</strong></span> <span class='ocrx_word' id='word_1_174' title='bbox 767 1730 942 1770; x_wconf 88' lang='lat' dir='ltr'><strong>uerbum</strong></span> <span class='ocrx_word' id='word_1_175' title='bbox 960 1729 1199 1780; x_wconf 82' lang='lat' dir='ltr'><strong>ambiguum</strong></span> <span class='ocrx_word' id='word_1_176' title='bbox 1223 1733 1372 1769; x_wconf 85' lang='lat' dir='ltr'><strong>natura</strong></span> <span class='ocrx_word' id='word_1_177' title='bbox 1394 1739 1505 1776; x_wconf 87' lang='lat' dir='ltr'><strong>esse,</strong></span> 
     </span>
    </p>

    <p class='ocr_par' dir='ltr' id='par_1_12' title="bbox 52 1783 1507 2006">
     <span class='ocr_line' id='line_1_27' title="bbox 52 1783 1504 1837; baseline -0.001 -11"><span class='ocrx_word' id='word_1_178' title='bbox 52 1793 75 1826; x_wconf 82' lang='lat'>2</span> <span class='ocrx_word' id='word_1_179' title='bbox 93 1785 289 1837; x_wconf 82' lang='lat' dir='ltr'><strong>quoniam</strong></span> <span class='ocrx_word' id='word_1_180' title='bbox 317 1797 370 1826; x_wconf 89' lang='lat' dir='ltr'><strong>ex</strong></span> <span class='ocrx_word' id='word_1_181' title='bbox 395 1787 545 1826; x_wconf 89' lang='lat' dir='ltr'><strong>eodem</strong></span> <span class='ocrx_word' id='word_1_182' title='bbox 564 1787 647 1826; x_wconf 90' lang='lat' dir='ltr'><strong>duo</strong></span> <span class='ocrx_word' id='word_1_183' title='bbox 671 1787 738 1826; x_wconf 86' lang='lat' dir='ltr'><strong>uel</strong></span> <span class='ocrx_word' id='word_1_184' title='bbox 765 1787 885 1836; x_wconf 82' lang='lat' dir='ltr'><strong>plura</strong></span> <span class='ocrx_word' id='word_1_185' title='bbox 906 1785 1039 1836; x_wconf 83' lang='lat' dir='ltr'><strong>accipi</strong></span> <span class='ocrx_word' id='word_1_186' title='bbox 1061 1790 1255 1836; x_wconf 90' lang='lat' dir='ltr'><strong>possunt.</strong></span> <span class='ocrx_word' id='word_1_187' title='bbox 1316 1783 1504 1827; x_wconf 88' lang='lat' dir='ltr'><strong>Diodo-</strong></span> 
     </span>
     <span class='ocr_line' id='line_1_28' title="bbox 95 1841 1504 1893; baseline -0.001 -11"><span class='ocrx_word' id='word_1_188' title='bbox 95 1855 182 1882; x_wconf 91' lang='lat' dir='ltr'><strong>rus</strong></span> <span class='ocrx_word' id='word_1_189' title='bbox 200 1847 350 1890; x_wconf 88' lang='lat' dir='ltr'><strong>autem,</strong></span> <span class='ocrx_word' id='word_1_190' title='bbox 377 1842 442 1882; x_wconf 89' lang='lat' dir='ltr'><strong>cui</strong></span> <span class='ocrx_word' id='word_1_191' title='bbox 466 1844 524 1883; x_wconf 91' lang='lat' dir='ltr'><strong>Cr</strong></span> <span class='ocrx_word' id='word_1_192' title='bbox 537 1855 560 1883; x_wconf 95' lang='lat' dir='ltr'><strong>o</strong></span> <span class='ocrx_word' id='word_1_193' title='bbox 573 1855 597 1882; x_wconf 90' lang='lat' dir='ltr'><strong>n</strong></span> <span class='ocrx_word' id='word_1_194' title='bbox 610 1855 633 1883; x_wconf 91' lang='lat' dir='ltr'><strong>o</strong></span> <span class='ocrx_word' id='word_1_195' title='bbox 657 1847 980 1893; x_wconf 84' lang='lat' dir='ltr'><strong>cognomentum</strong></span> <span class='ocrx_word' id='word_1_196' title='bbox 999 1842 1094 1883; x_wconf 84' lang='lat' dir='ltr'><strong>fuit:</strong></span> <span class='ocrx_word' id='word_1_197' title='bbox 1128 1843 1332 1888; x_wconf 73' lang='lat' dir='ltr'><strong>‘nullum’‚</strong></span> <span class='ocrx_word' id='word_1_198' title='bbox 1358 1841 1504 1891; x_wconf 86' lang='lat' dir='ltr'><strong>inquit.</strong></span> 
     </span>
     <span class='ocr_line' id='line_1_29' title="bbox 96 1896 1507 1949; baseline 0 -11"><span class='ocrx_word' id='word_1_199' title='bbox 96 1900 288 1939; x_wconf 71' lang='lat' dir='ltr'><strong>‘uerbum</strong></span> <span class='ocrx_word' id='word_1_200' title='bbox 319 1905 383 1939; x_wconf 89' lang='lat' dir='ltr'><strong>est</strong></span> <span class='ocrx_word' id='word_1_201' title='bbox 411 1899 669 1949; x_wconf 82' lang='lat' dir='ltr'><strong>ambiguum,</strong></span> <span class='ocrx_word' id='word_1_202' title='bbox 705 1911 783 1939; x_wconf 90' lang='lat' dir='ltr'><strong>nec</strong></span> <span class='ocrx_word' id='word_1_203' title='bbox 809 1898 1284 1949; x_wconf 83' lang='lat' dir='ltr'><strong>quisquamambiguum</strong></span> <span class='ocrx_word' id='word_1_204' title='bbox 1308 1896 1408 1937; x_wconf 83' lang='lat' dir='ltr'><strong>dicit</strong></span> <span class='ocrx_word' id='word_1_205' title='bbox 1435 1903 1507 1938; x_wconf 87' lang='lat' dir='ltr'><strong>aut</strong></span> 
     </span>
     <span class='ocr_line' id='line_1_30' title="bbox 95 1953 1506 2006; baseline -0.001 -11"><span class='ocrx_word' id='word_1_206' title='bbox 95 1956 231 2004; x_wconf 86' lang='lat' dir='ltr'><strong>sentit,</strong></span> <span class='ocrx_word' id='word_1_207' title='bbox 258 1966 336 1996; x_wconf 91' lang='lat' dir='ltr'><strong>nec</strong></span> <span class='ocrx_word' id='word_1_208' title='bbox 357 1955 468 1996; x_wconf 85' lang='lat' dir='ltr'><strong>aliud</strong></span> <span class='ocrx_word' id='word_1_209' title='bbox 487 1956 567 1996; x_wconf 91' lang='lat' dir='ltr'><strong>dici</strong></span> <span class='ocrx_word' id='word_1_210' title='bbox 588 1956 722 1996; x_wconf 85' lang='lat' dir='ltr'><strong>uideri</strong></span> <span class='ocrx_word' id='word_1_211' title='bbox 740 1956 887 2003; x_wconf 88' lang='lat' dir='ltr'><strong>debet,</strong></span> <span class='ocrx_word' id='word_1_212' title='bbox 912 1967 1035 2006; x_wconf 87' lang='lat' dir='ltr'><strong>quam</strong></span> <span class='ocrx_word' id='word_1_213' title='bbox 1057 1956 1172 2005; x_wconf 89' lang='lat' dir='ltr'><strong>quod</strong></span> <span class='ocrx_word' id='word_1_214' title='bbox 1193 1966 1240 1994; x_wconf 88' lang='lat' dir='ltr'><strong>se</strong></span> <span class='ocrx_word' id='word_1_215' title='bbox 1256 1953 1396 1994; x_wconf 89' lang='lat' dir='ltr'><strong>dicere</strong></span> <span class='ocrx_word' id='word_1_216' title='bbox 1412 1965 1506 1994; x_wconf 90' lang='lat' dir='ltr'><strong>sen-</strong></span> 
     </span>
    </p>

    <p class='ocr_par' dir='ltr' id='par_1_13' title="bbox 55 2010 1504 2278">
     <span class='ocr_line' id='line_1_31' title="bbox 55 2010 1504 2063; baseline -0.002 -10"><span class='ocrx_word' id='word_1_217' title='bbox 55 2012 141 2053; x_wconf 84' lang='lat' dir='ltr'><strong>3tit</strong></span> <span class='ocrx_word' id='word_1_218' title='bbox 172 2012 221 2061; x_wconf 89' lang='lat' dir='ltr'><strong>is,</strong></span> <span class='ocrx_word' id='word_1_219' title='bbox 258 2011 327 2062; x_wconf 90' lang='lat' dir='ltr'><strong>qui</strong></span> <span class='ocrx_word' id='word_1_220' title='bbox 359 2012 470 2052; x_wconf 90' lang='lat' dir='ltr'><strong>dicit.</strong></span> <span class='ocrx_word' id='word_1_221' title='bbox 531 2015 587 2053; x_wconf 91' lang='lat' dir='ltr'><strong>At</strong></span> <span class='ocrx_word' id='word_1_222' title='bbox 605 2024 697 2053; x_wconf 91' lang='lat' dir='ltr'><strong>cum</strong></span> <span class='ocrx_word' id='word_1_223' title='bbox 721 2015 831 2063; x_wconf 81' lang='lat' dir='ltr'><strong>ego’,</strong></span> <span class='ocrx_word' id='word_1_224' title='bbox 852 2012 997 2062; x_wconf 89' lang='lat' dir='ltr'><strong>inquit,</strong></span> <span class='ocrx_word' id='word_1_225' title='bbox 1021 2012 1150 2052; x_wconf 70' lang='lat' dir='ltr'><strong>‘aliud</strong></span> <span class='ocrx_word' id='word_1_226' title='bbox 1168 2010 1295 2059; x_wconf 88' lang='lat' dir='ltr'><strong>sensi,</strong></span> <span class='ocrx_word' id='word_1_227' title='bbox 1326 2014 1372 2050; x_wconf 90' lang='lat' dir='ltr'><strong>tu</strong></span> <span class='ocrx_word' id='word_1_228' title='bbox 1393 2010 1504 2050; x_wconf 89' lang='lat' dir='ltr'><strong>aliud</strong></span> 
     </span>
     <span class='ocr_line' id='line_1_32' title="bbox 97 2065 1504 2120; baseline 0.001 -13"><span class='ocrx_word' id='word_1_229' title='bbox 97 2068 307 2119; x_wconf 85' lang='lat' dir='ltr'><strong>accepisti,</strong></span> <span class='ocrx_word' id='word_1_230' title='bbox 328 2069 509 2109; x_wconf 88' lang='lat' dir='ltr'><strong>obscure</strong></span> <span class='ocrx_word' id='word_1_231' title='bbox 526 2069 657 2120; x_wconf 84' lang='lat' dir='ltr'><strong>magis</strong></span> <span class='ocrx_word' id='word_1_232' title='bbox 676 2069 830 2109; x_wconf 90' lang='lat' dir='ltr'><strong>dictum</strong></span> <span class='ocrx_word' id='word_1_233' title='bbox 847 2068 978 2109; x_wconf 90' lang='lat' dir='ltr'><strong>uideri</strong></span> <span class='ocrx_word' id='word_1_234' title='bbox 995 2073 1138 2119; x_wconf 84' lang='lat' dir='ltr'><strong>potest</strong></span> <span class='ocrx_word' id='word_1_235' title='bbox 1149 2079 1273 2118; x_wconf 87' lang='lat' dir='ltr'><strong>quam</strong></span> <span class='ocrx_word' id='word_1_236' title='bbox 1289 2065 1504 2116; x_wconf 83' lang='lat' dir='ltr'><strong>ambigue:</strong></span> 
     </span>
     <span class='ocr_line' id='line_1_33' title="bbox 96 2122 1504 2175; baseline 0 -12"><span class='ocrx_word' id='word_1_237' title='bbox 96 2125 274 2175; x_wconf 81' lang='lat' dir='ltr'><strong>ambigui</strong></span> <span class='ocrx_word' id='word_1_238' title='bbox 297 2125 404 2165; x_wconf 89' lang='lat' dir='ltr'><strong>enim</strong></span> <span class='ocrx_word' id='word_1_239' title='bbox 425 2126 542 2166; x_wconf 89' lang='lat' dir='ltr'><strong>uerbi</strong></span> <span class='ocrx_word' id='word_1_240' title='bbox 561 2131 707 2166; x_wconf 89' lang='lat' dir='ltr'><strong>natura</strong></span> <span class='ocrx_word' id='word_1_241' title='bbox 723 2126 791 2165; x_wconf 88' lang='lat' dir='ltr'><strong>illa</strong></span> <span class='ocrx_word' id='word_1_242' title='bbox 812 2136 909 2166; x_wconf 90' lang='lat' dir='ltr'><strong>esse</strong></span> <span class='ocrx_word' id='word_1_243' title='bbox 927 2124 1088 2174; x_wconf 89' lang='lat' dir='ltr'><strong>debuit,</strong></span> <span class='ocrx_word' id='word_1_244' title='bbox 1109 2130 1156 2165; x_wconf 84' lang='lat' dir='ltr'><strong>ut</strong></span> <span class='ocrx_word' id='word_1_245' title='bbox 1175 2123 1246 2174; x_wconf 89' lang='lat' dir='ltr'><strong>qui</strong></span> <span class='ocrx_word' id='word_1_246' title='bbox 1270 2123 1312 2163; x_wconf 90' lang='lat' dir='ltr'><strong>id</strong></span> <span class='ocrx_word' id='word_1_247' title='bbox 1333 2122 1504 2171; x_wconf 88' lang='lat' dir='ltr'><strong>diceret,</strong></span> 
     </span>
     <span class='ocr_line' id='line_1_34' title="bbox 98 2178 1504 2232; baseline -0.001 -12"><span class='ocrx_word' id='word_1_248' title='bbox 98 2180 179 2221; x_wconf 90' lang='lat' dir='ltr'><strong>duo</strong></span> <span class='ocrx_word' id='word_1_249' title='bbox 204 2183 269 2221; x_wconf 88' lang='lat' dir='ltr'><strong>uel</strong></span> <span class='ocrx_word' id='word_1_250' title='bbox 287 2183 406 2232; x_wconf 87' lang='lat' dir='ltr'><strong>plura</strong></span> <span class='ocrx_word' id='word_1_251' title='bbox 430 2182 600 2222; x_wconf 86' lang='lat' dir='ltr'><strong>diceret.</strong></span> <span class='ocrx_word' id='word_1_252' title='bbox 650 2183 778 2224; x_wconf 90' lang='lat' dir='ltr'><strong>Nemo</strong></span> <span class='ocrx_word' id='word_1_253' title='bbox 804 2187 941 2222; x_wconf 87' lang='lat' dir='ltr'><strong>autem</strong></span> <span class='ocrx_word' id='word_1_254' title='bbox 960 2182 1044 2223; x_wconf 91' lang='lat' dir='ltr'><strong>duo</strong></span> <span class='ocrx_word' id='word_1_255' title='bbox 1064 2183 1132 2222; x_wconf 92' lang='lat' dir='ltr'><strong>uel</strong></span> <span class='ocrx_word' id='word_1_256' title='bbox 1158 2182 1278 2230; x_wconf 82' lang='lat' dir='ltr'><strong>plura</strong></span> <span class='ocrx_word' id='word_1_257' title='bbox 1298 2178 1415 2228; x_wconf 86' lang='lat' dir='ltr'><strong>dicit,</strong></span> <span class='ocrx_word' id='word_1_258' title='bbox 1435 2179 1504 2231; x_wconf 84' lang='lat' dir='ltr'><strong>qui</strong></span> 
     </span>
     <span class='ocr_line' id='line_1_35' title="bbox 97 2238 648 2278; baseline 0.002 -3"><span class='ocrx_word' id='word_1_259' title='bbox 97 2247 144 2275; x_wconf 91' lang='lat' dir='ltr'><strong>se</strong></span> <span class='ocrx_word' id='word_1_260' title='bbox 176 2238 307 2277; x_wconf 86' lang='lat' dir='ltr'><strong>sensit</strong></span> <span class='ocrx_word' id='word_1_261' title='bbox 328 2250 454 2277; x_wconf 87' lang='lat' dir='ltr'><strong>unum</strong></span> <span class='ocrx_word' id='word_1_262' title='bbox 479 2239 648 2278; x_wconf 87' lang='lat' dir='ltr'><strong>dicere&#39;.</strong></span> 
     </span>
    </p>
   </div>
  </div>
 </body>
</html>
