1619 2476
158 56 214 97 90
661 29 776 94 'XllL
804 66 890 93 xx1.
909 57 1016 102 (xx.)

160 169 280 207 Tres
307 167 406 214 illic,
437 166 532 205 tris
555 165 641 205 hic:
672 165 886 216 pensicula
901 170 1120 214 utrumque
1142 166 1459 214 modulareque‚
1488 176 1549 204 re-

99 232 148 266 ⁷12
160 223 292 273 peries
318 234 394 262 suo
419 222 600 272 quidque
630 221 669 261 in
698 223 790 261 loco
821 232 971 261 sonare
999 220 1224 272 aptissime.
1285 221 1370 261 Sed
1401 220 1442 260 in
1480 220 1549 260 illo

163 289 329 328 quoque
352 278 490 317 itidem
506 277 735 328 Vergilii
756 289 902 317 uersu:

216 358 354 397 Haec
387 357 506 397 finis
533 356 718 397 Priami
755 358 997 404 fatorum,

162 447 197 487 si
222 452 356 487 mutes
387 448 515 487 haec
545 452 586 486 ct
608 446 698 486 ehic
715 446 831 486 finis’
856 446 990 494 dicas,
1023 446 1172 486 durum
1197 451 1321 495 atque
1347 445 1550 484 absonum
1612 470 1619 471 ff

161 503 236 542 erit
258 508 540 554 respuentque
556 514 699 550 aures,
733 503 845 552 quod
867 501 1104 543 mutaueris.
1158 501 1273 542 Sicut
1290 501 1391 541 illud
1407 506 1552 540 contra

161 559 347 598 eiusdem
368 559 592 608 Vergilii
611 559 824 599 insuauius
847 558 992 606 facias,
1026 558 1061 598 si
1077 563 1232 598 mutes:

458 639 609 687 Quem
635 638 727 678 das
752 637 923 685 finem,
954 648 1042 677 rex
1066 647 1258 686 magne,
1290 635 1551 675 laborum?

162 727 261 765 Nam
285 725 319 765 si
336 726 390 765 ita
410 726 543 766 dicas:
574 732 715 790 ‘quam
738 727 812 766 das
837 726 989 773 finem’‚
1012 725 1278 765 iniucundum
1301 724 1442 765 nescio
1468 734 1548 774 quo

163 786 282 831 pacto
305 787 345 821 et
361 782 556 822 laxiorem
576 783 692 823 uocis
716 794 865 823 sonum
886 782 1046 822 feceris.

105 844 150 878 13
241 838 430 878 Ennius
446 838 541 878 item
561 850 613 878 re
626 845 705 878 cto
719 851 738 878 s
764 849 980 887 cupress
993 849 1015 878 o
1030 850 1049 878 s
1064 837 1169 877 dixit
1185 841 1550 886 contrareceptum

164 894 355 933 uocabuli
375 906 506 944 genus
531 896 611 935 hoc
632 906 778 935 uersu:

221 972 488 1022 Capitibus
532 973 766 1013 nutantis
806 973 960 1023 pinos
995 978 1285 1022 rectosque
1321 983 1551 1022 cupres-

988 1041 1088 1069 sos.

162 1116 334 1158 Firmior
370 1117 426 1165 ei,
461 1119 607 1165 credo,
640 1124 680 1158 et
704 1118 876 1159 uiridior
910 1129 1039 1158 sonus
1069 1129 1164 1158 esse
1187 1117 1305 1158 uocis
1327 1117 1444 1157 uisus
1472 1122 1548 1165 est,

106 1178 211 1213 ure
224 1178 336 1213 ctos
359 1174 495 1213 dicere
519 1185 825 1224 cupressos,
856 1186 977 1224 quam
1004 1176 1205 1214 ‘rectas’.
1267 1174 1417 1213 Contra
1446 1183 1548 1213 uero

160 1228 269 1267 idem
292 1230 482 1269 Ennius
513 1230 552 1269 in
576 1230 748 1270 annali
770 1230 1231 1271 duodeuicensimo
1262 1240 1381 1268 aere
1410 1230 1550 1268 fulua

162 1284 280 1332 dixit,
312 1297 395 1325 non
418 1287 579 1333 ‘fuluo'‚
608 1299 690 1326 non
709 1288 762 1327 ob
785 1287 826 1326 id
843 1288 997 1334 solum,
1031 1286 1140 1348 quod
1158 1286 1438 1324 Homerus
1443 1279 1550 1335 ἠέοα

161 1340 367 1390 βαθεῖαν’
388 1342 501 1388 dicit⁷
528 1342 602 1380 sed
621 1343 733 1391 quod
748 1342 812 1381 hic
840 1353 988 1399 sonuS,
1008 1341 1168 1391 opinor,
1185 1339 1415 1381 uocabilior
1432 1340 1550 1380 uisus

161 1399 201 1433 et
222 1396 447 1436 amoenior.

104 1457 149 1491 15
244 1451 371 1491 Sicuti
402 1453 569 1492 Marco
602 1452 721 1492 etiarn
750 1453 985 1493 Ciceroni
1014 1452 1173 1493 mollius
1203 1452 1458 1502 teretiusque
1492 1452 1549 1492 ui-

162 1517 266 1555 sum,
293 1506 333 1546 in
352 1508 532 1557 quinta
560 1508 608 1547 in
628 1510 791 1548 Verre
805 1522 843 1548 m
861 1511 995 1548 fretu
1015 1509 1210 1556 scribere,
1243 1520 1367 1558 quam
1385 1509 1546 1548 ‘freto’z

160 1562 507 1613 perangusto,
538 1564 680 1613 inquit,
713 1566 847 1604 fretu
882 1564 1066 1605 diuisa.
1126 1564 1344 1604 Eratenim
1367 1563 1548 1604 crassius

102 1617 234 1658 lfiiam
251 1619 552 1669 uetustiusque,
584 1623 854 1669 ‘perangusto
880 1623 1001 1661 freto'
1021 1621 1172 1660 dicere.
1233 1620 1439 1660 Itidemin
1470 1631 1548 1659 se-

162 1675 346 1722 cunda,
387 1675 505 1715 simili
540 1688 640 1716 usus
674 1677 968 1716 modulamine:
1008 1676 1289 1716 manifesto
1323 1680 1549 1726 peccatu

158 1729 307 1779 inquit,
336 1742 419 1771 non
445 1735 456 1753 ³
469 1735 668 1781 peccato’
683 1746 692 1779 ;
724 1733 804 1772 hoc
830 1733 936 1772 enim
960 1732 1159 1782 scriptum
1182 1732 1222 1771 in
1242 1743 1326 1772 uno
1357 1736 1481 1781 atque
1508 1730 1548 1770 in

102 1790 147 1826 17
160 1786 287 1825 altero
308 1786 616 1836 antiquissimae
639 1788 735 1827 fidei
756 1788 858 1828 libro
876 1788 1157 1828 Tironiano
1182 1786 1360 1837 repperi.
1409 1788 1549 1826 Verba

161 1847 257 1880 sunt
281 1842 552 1883 Ciceronis
583 1844 704 1883 haec:
753 1845 900 1884 Nemo
933 1844 1002 1883 ita
1038 1843 1290 1891 uiuebat,
1319 1848 1373 1882 ut
1407 1843 1548 1883 n'ulla

160 1896 270 1937 eius
309 1898 450 1938 uitae
488 1911 608 1949 pars
640 1911 860 1939 summae
898 1898 1249 1949 turpitudinis
1287 1903 1429 1938 esset
1464 1909 1547 1938 ex-

159 1963 297 2001 pers,
331 1965 475 1994 nemo
513 1955 580 1994 ita
611 1954 658 1994 in
689 1956 966 1996 manifesto
998 1960 1216 2005 peccatu
1253 1955 1546 2001 tenebatur,

158 2013 212 2046 ut
242 2020 347 2049 cum
384 2010 642 2059 inpudens
675 2011 868 2051 fuisset
892 2011 939 2050 in
972 2012 1135 2057 facto,
1166 2015 1267 2050 tum
1296 2009 1547 2061 inpuden-

161 2063 257 2103 tior
276 2065 568 2114 uideretur,
601 2066 643 2106 si
665 2073 893 2116 negaret.

103 2124 148 2158 18
242 2121 372 2162 Huius
390 2127 525 2161 autem
542 2122 660 2162 uocis
683 2135 775 2162 cum
799 2122 1026 2172 elegantior
1041 2123 1120 2162 hoc
1137 2122 1176 2161 in
1197 2124 1291 2163 loco
1315 2133 1445 2163 sonus
1468 2126 1545 2169 est,

103 2178 238 2213 19tum
261 2177 363 2217 ratio
382 2183 494 2216 certa
510 2183 550 2216 et
572 2178 744 2227 probata
771 2184 846 2218 est.
894 2178 1002 2218 ‘Hic’
1025 2177 1132 2217 enim
1150 2181 1394 2228 ‘peccatusz
1427 2176 1544 2227 quasi

160 2231 392 2280 ‘peccatio’‚
424 2239 534 2272 recte
551 2233 774 2284 Latineque
794 2234 957 2281 dicitur,
991 2234 1096 2273 sicut
1119 2233 1431 2282 ‘hicincestus’,
1461 2244 1542 2273 non
1589 2234 1595 2239 '
