1619 2476
101 65 158 106 24
531 66 679 105 INDEX
716 68 1074 106 CAPITVLORVM.

209 180 324 216 VIIII.
356 181 454 225 Quid
471 180 613 216 Tullius
631 180 716 216 Tiro
734 181 770 216 in
789 182 1066 218 commentariis
1088 183 1282 220 scribserit
1297 183 1346 220 de
1363 185 1504 222 suculis

102 242 136 273 et
153 236 363 284 hyadibus,
383 248 479 284 quae
499 242 585 272 sunt
603 238 794 273 stellarum
810 239 1010 274 uocabula.

215 293 261 328 X.
301 294 398 337 Quid
424 294 565 329 sororis
582 289 723 341 ἔτυμον
739 306 824 330 esse
852 294 986 330 dixerit
1003 295 1126 331 Labeo
1145 295 1329 332 Antistius
1355 301 1391 333 et
1415 296 1505 343 quid

102 350 225 386 fratris
242 351 282 385 P.
299 350 487 397 Nigidius.

212 406 274 441 XI.
308 406 425 450 Quem
442 407 492 441 M.
509 407 630 442 Varro
652 411 778 453 aptum
807 407 1017 453 iustumque
1049 418 1136 444 esse
1160 419 1355 444 numerum
1379 409 1506 445 conui-

100 474 231 499 uarum
248 463 489 507 existimarit3
522 474 564 499 ac
581 463 628 499 de
648 464 787 498 mensis
807 463 984 499 secundis
1005 468 1040 499 et
1058 463 1105 499 de
1122 465 1290 501 bellaris.

211 518 290 554 XII.
330 519 514 555 Tribunos
544 520 664 565 plebis
695 520 936 566 prensionem
966 519 1129 564 habere,
1160 521 1397 557 uocationem
1430 532 1505 557 non

99 576 254 611 habere.

212 631 307 667 XIII.
344 631 452 676 Quod
484 633 519 667 in
551 633 653 668 libris
677 632 923 668 humanarum
955 633 1004 668 M.
1021 632 1206 668 Varronis
1231 634 1407 670 scribtum
1433 638 1503 678 est,

99 687 244 724 aediles
267 693 303 723 et
318 693 539 734 quaestores
555 689 683 735 populi
702 688 858 724 Romani
879 689 914 723 in
933 690 991 724 ius
1017 700 1038 724 a
1061 689 1208 734 priuato
1227 689 1275 725 ad
1291 695 1504 736 praetorem

99 745 228 779 uocari
244 755 376 790 posse.

210 800 322 835 XIIII.
358 800 473 845 [Quid
491 802 537 836 sit
553 802 794 846 pomerium.]

211 856 293 891 XV.
321 857 448 892 Verba
475 868 521 892 ex
553 858 644 892 libro
671 858 875 893 Messallae
908 858 1083 903 auguris,
1117 858 1251 903 quibus
1280 857 1412 902 docet,
1443 859 1504 905 qui

100 913 171 948 sint
188 913 350 948 minores
370 914 613 959 magistratus
633 918 667 947 et
684 914 877 948 consulem
902 917 1191 959 praetoremque
1220 914 1390 961 collegas
1417 925 1505 950 esse

99 973 133 1004 et
150 968 337 1015 quaedam
358 970 431 1004 alia
453 969 499 1005 de
523 970 716 1015 auspiciis.

210 1024 310 1059 XVI.
349 1026 430 1072 (ug.
453 1025 524 1060 XV
541 1028 654 1068 extr.)
696 1026 786 1061 Item
819 1027 936 1061 uerba
967 1025 1139 1061 eiusdem
1169 1025 1395 1071 Messallae,
1429 1026 1504 1063 dis-

99 1081 258 1117 serentis
272 1110 280 1125 ,
301 1082 402 1117 aliud
421 1093 506 1117 esse
525 1082 572 1118 ad
588 1083 768 1128 populum
785 1082 907 1128 loqui,
936 1081 1038 1117 aliud
1056 1093 1140 1117 cum
1155 1082 1294 1128 populo
1314 1093 1450 1129 agere,
1470 1086 1506 1118 et

99 1139 159 1184 qui
177 1139 419 1184 magistratus
439 1149 460 1173 a
477 1139 610 1184 quibus
629 1143 789 1174 auocent
806 1139 1048 1174 comitiatum.

209 1193 323 1228 XVII.
353 1192 488 1243 (XVI.)
518 1195 791 1230 Humanitatem
817 1206 890 1229 non
907 1193 1122 1240 significare
1149 1192 1209 1237 id,
1243 1194 1344 1240 quod
1368 1196 1541 1242 uulgus„
1582 1180 1615 1238 ³„

96 1254 221 1296 putat,
255 1249 325 1285 sed
347 1261 391 1285 eo
409 1252 614 1294 uocabulo,
643 1251 704 1296 qui
724 1251 916 1286 sinceriter
934 1251 1046 1286 locuti
1066 1253 1171 1293 sunt,
1200 1250 1323 1297 magis
1352 1251 1504 1297 proprie

98 1317 184 1341 esse
206 1317 310 1341 usos.

210 1361 339 1398 XVIII.
372 1358 526 1410 (XVII.)
575 1362 672 1406 Quid
712 1367 800 1408 aput
833 1363 883 1398 Ἦ.
922 1362 1099 1399 Catonem
1138 1361 1351 1408 significent
1387 1364 1504 1399 uerba

97 1418 212 1454 haec:
232 1418 326 1452 inter
344 1429 386 1453 os
405 1422 515 1464 atque
533 1417 663 1454 offam.

209 1473 356 1508 XVIIII.
394 1471 566 1537 (XVIII.)
609 1475 815 1518 [Platonem
842 1475 1001 1510 tribuere
1025 1473 1195 1520 Euripidi
1214 1473 1394 1520 Sophocli
1419 1485 1503 1510 uer-

98 1540 200 1573 sum;
234 1534 268 1565 et
285 1531 443 1565 Inueniri
461 1541 594 1566 uersus
615 1531 738 1566 ueibis
757 1530 890 1566 iisdem
910 1536 971 1566 aut
985 1531 1118 1576 paucis
1137 1531 1294 1578 syllabiS
1312 1531 1502 1566 inmutatis

97 1558 200 1632 apud⁷
217 1586 389 1622 diuersos
405 1591 537 1632 poetas
551 1616 559 1630 ,
577 1587 806 1632 temporibus
827 1587 940 1622 uariis
958 1588 1097 1630 natos]

208 1642 290 1677 XX.
319 1643 502 1687 (XVIIII.)
532 1642 586 1678 De
612 1654 750 1690 genere
777 1648 887 1688 atque
910 1644 1121 1679 nominibus
1149 1643 1312 1679 familiae
1328 1643 1500 1678 Porciae.

208 1698 307 1733 XXI.
340 1697 460 1747 (XX.)
492 1699 601 1743 Quod
626 1710 648 1735 a
673 1700 915 1745 scriptoribus
941 1699 1233 1745 elegantissimis
1256 1699 1376 1733 maior
1405 1699 1500 1734 ratio

95 1754 222 1790 habIta
239 1755 285 1790 sit
302 1756 445 1791 sonitus
464 1766 599 1790 uocum
619 1760 727 1801 atque
745 1757 944 1791 uerborum
962 1755 1213 1799 iucundioriS,
1233 1765 1358 1800 quae
1348 1765 1369 1790 a
1386 1753 1500 1790 Grae-

97 1811 150 1846 cis
167 1800 344 1857 εὗφωνία
360 1812 513 1855 dieitur,
543 1822 653 1857 quam
679 1812 833 1858 regulae
860 1811 1178 1858 disciplinaeque,
1208 1820 1303 1856 quae
1329 1821 1351 1845 a
1374 1821 1498 1856 gram-

96 1867 241 1902 maticis
262 1872 412 1913 reperta
434 1873 502 1903 est.

209 1922 323 1958 XXII.
354 1922 489 1973 (XXI.)
519 1925 646 1959 Verba
663 1923 732 1958 Titi
750 1923 919 1959 Castricii
936 1923 1096 1959 rhetoris
1115 1923 1163 1959 ad
1181 1921 1389 1967 discipulos
1408 1922 1500 1958 adu-

95 1979 283 2014 lescentes
302 1979 348 2015 de
370 1981 508 2015 uestitu
526 1984 636 2026 atque
654 1980 815 2015 calciatu
832 1991 907 2014 non
924 1979 1076 2015 decoro.

208 2034 339 2070 XXIII.
384 2036 536 2080 (XXII.)
584 2035 940 2082 [Conprecationes,
971 2046 1068 2081 quae
1099 2035 1172 2070 ritu
1205 2034 1374 2070 Romano
1406 2033 1500 2070 fiunt

98 2089 182 2134 diis,
201 2092 396 2136 expositae
415 2096 499 2128 sunt
516 2093 552 2127 in
568 2093 670 2128 libris
692 2092 943 2135 sacerdotum,
961 2092 1055 2127 inter
1073 2102 1166 2137 quas
1175 2090 1284 2126 Marti
1299 2090 1499 2126 Nerienem

100 2146 261 2181 tribuunt
272 2157 281 2190 ;
314 2151 350 2183 et
365 2147 459 2194 quid
476 2149 637 2184 Neriene
655 2159 723 2183 seu
740 2150 851 2184 Nerio
869 2158 1004 2182 nomen
1021 2146 1222 2193 importet.]

209 2201 355 2238 XXIIII.
390 2203 558 2247 (XXIII.)
590 2204 723 2248 [Marci
745 2204 908 2247 Catonis,
927 2204 1137 2239 consularis
1156 2207 1192 2238 et
1211 2202 1396 2247 censorii,
1415 2201 1497 2248 pul-

96 2256 283 2294 cherrima
302 2260 538 2305 exprobratio
558 2264 685 2294 eontra
700 2259 1012 2306 philosophantes
1030 2258 1181 2295 nomine
1197 2262 1234 2294 et
1249 2269 1324 2294 non
1338 2258 1410 2302 re.]

1550 2082 1592 2476 mssu-ssstgss-N—ssxffl
1568 1991 1593 2071 „³122ss
1576 1966 1585 1972 Τ
