1619 2476
158 75 241 117 146
573 74 661 112 XV.
684 84 831 112 xxviii.
850 83 1016 111 xxv1111.
1040 82 1140 111 xxx.

158 181 293 226 κατὰ
315 180 720 235 Ἀνδροτίωνος
746 190 786 224 et
815 179 948 223 κατὰ
983 178 1368 236 Τιμοκράτους
1394 192 1554 235 septem

159 248 200 282 et
215 241 356 291 uiginti
375 252 507 280 annos
527 246 669 288 natus,
700 242 801 279 alter
828 251 937 279 anno
963 239 1098 279 minor
1126 251 1220 290 pro
1240 241 1284 279 P.
1310 240 1553 290 Quinctio

119 306 139 340 7
158 299 417 348 septimoque
464 302 504 336 et
531 293 740 336 ‘uicesimo
780 307 869 345 pro
912 296 1024 336 Sex.
1070 295 1275 337 Roscio.
1350 296 1556 337 Vixerunt

159 365 325 403 quoque
346 364 429 392 non
455 353 574 392 nimis
603 364 818 392 numerum
850 363 1053 392 annorum
1073 351 1305 392 diuersum:
1333 354 1437 393 alter
1465 357 1553 392 tres

158 415 196 449 et
226 408 440 459 sexaginta
461 421 612 457 annos,
642 411 673 448 D
688 421 709 448 e
723 421 760 448 m
772 421 795 448 o
808 410 888 448 sth
900 420 957 448 en
971 420 993 447 e
1005 420 1024 448 s
1052 407 1280 458 sexaginta.

761 520 960 560 XXVIIII.

160 604 265 646 Quali
295 603 415 650 figura
449 604 627 639 orationis
660 609 695 637 et
723 614 833 649 quam
864 613 963 638 noua
991 604 1032 638 L.
1057 604 1145 639 Piso
1173 603 1360 639 annalium
1394 604 1552 650 scriptor

768 671 859 695 usus
885 661 943 694 sit.

122 753 141 785 1
242 747 355 786 Duae
383 746 487 785 istae
517 745 556 783 in
587 746 796 795 loquendo
825 746 981 794 figurae
1009 750 1133 785 notae
1163 745 1263 787 satis
1290 745 1550 796 usitataeque

159 807 273 842 sunt:
296 827 298 829 v
325 805 336 824 ‘
352 801 447 840 mihi
478 813 628 841 nomen
666 807 730 841 est
753 801 902 841 Iulius’
928 806 969 840 et
995 801 1115 840 emihi
1137 813 1288 842 nomen
1318 806 1382 842 est
1400 802 1550 849 Iulio’;

120 858 317 898 2tertiam
348 858 521 908 figuram
555 869 707 897 nouam
734 859 873 897 hercle
901 857 1067 908 repperi
1103 859 1214 908 apud
1237 858 1474 899 Pisonem
1509 859 1550 897 in

158 915 393 954 secundo
417 914 692 953 annalium.
725 915 865 953 Verba
882 913 1095 954 Pisonis
1118 915 1222 953 haec
1239 920 1353 954 sunt:
1376 915 1550 953 L.Tar-

159 971 406 1021 quinium,
427 972 694 1020 conlegam
716 983 882 1018 suum,
902 970 1016 1020 quia
1035 969 1320 1020 Tarquinio
1348 970 1554 1010 nomine

159 1032 315 1075 esset,
344 1031 591 1074 metuere3
632 1038 846 1076 eumque
878 1031 1011 1074 orat,
1048 1026 1124 1065 uti
1156 1037 1248 1066 sua
1277 1027 1551 1067 uoluntate

157 1085 364 1123 Romam
386 1084 676 1122 contendat.
709 1083 836 1132 Quia
857 1081 1159 1132 Tarquinio,
1177 1082 1329 1132 inquit,
1347 1081 1552 1122 nomine

159 1145 319 1179 esset:
346 1140 426 1178 hoc
441 1138 615 1188 proinde
634 1144 708 1187 est,
727 1145 934 1189 tamquam
959 1138 993 1178 si
1016 1149 1094 1188 ego
1117 1138 1248 1178 dicam
1267 1137 1380 1177 ‘mihi
1398 1149 1551 1178 nomen

159 1202 222 1234 cst
244 1195 419 1235 Iulium'.

789 1296 916 1335 XXX.

159 1380 393 1423 Vehiculum,
412 1379 512 1425 quod
528 1380 747 1424 petorritum
765 1380 985 1424 appellatur,
1004 1379 1135 1414 cuiatis
1158 1380 1308 1425 linguae
1324 1379 1548 1414 uocabulum

593 1435 659 1478 sit,
684 1434 845 1470 Graecae
870 1445 918 1469 an
940 1434 1116 1470 Gallicae.

122 1544 141 1576 l
243 1534 317 1583 Qui
357 1534 407 1572 ab
441 1533 517 1573 alio
553 1544 706 1582 genere
748 1533 855 1572 uitae
896 1532 1029 1572 detriti
1070 1532 1149 1571 iam
1190 1535 1230 1570 et
1268 1530 1459 1572 retorridi
1496 1533 1547 1571 ad

157 1590 365 1629 literarum
405 1589 641 1639 disciplinas
684 1589 815 1628 serius
861 1590 1033 1636 adeunt,
1084 1587 1120 1627 si
1156 1587 1262 1626 forte
1306 1586 1416 1627 idem
1451 1593 1549 1627 sunt

157 1645 308 1695 garruli
351 1651 497 1685 natura
534 1651 574 1684 et
613 1644 887 1694 subargutuli‚
930 1644 1084 1694 oppido
1125 1654 1248 1694 quam
1289 1642 1392 1683 fiunt
1427 1642 1469 1682 in
1505 1643 1547 1682 li-

120 1707 337 1745 ·2terarum
371 1701 646 1741 ostentatione
683 1701 809 1751 inepti
838 1706 878 1740 et
915 1698 1085 1740 friuoli.·
1134 1699 1252 1749 Quod
1282 1709 1415 1749 genus
1451 1711 1545 1749 pro-

159 1759 266 1798 fecto
291 1758 358 1796 ille
382 1758 505 1798 homo
535 1763 617 1806 est,
651 1757 718 1807 qui
741 1758 793 1796 de
820 1761 831 1780 ³
844 1755 1078 1806 petorritis’
1108 1765 1242 1805 nuper
1261 1755 1545 1804 argutissimas

121 1823 289 1863 3nugas
331 1813 441 1853 dixit.
502 1815 601 1852 Nam
642 1825 735 1853 cum
775 1817 1061 1862 quaereretur,
1106 1810 1397 1862 ‘petorritum’
1427 1810 1546 1860 quali

160 1871 290 1909 forma
321 1869 554 1909 uehiculum
591 1869 819 1918 cuiatisque
854 1868 1017 1918 linguae
1050 1867 1298 1907 uocabulum
1333 1871 1466 1915 esset,
1506 1871 1547 1906 et

158 1924 302 1964 faciem
332 1925 510 1965 uehiculi
540 1926 758 1965 ementitus
790 1930 854 1964 est
883 1926 1006 1974 longe
1035 1923 1208 1962 alienam
1242 1922 1470 1971 falsamque
1506 1927 1546 1962 et

161 1982 407 2021 uocabulum
440 1982 639 2021 Graecum
674 1993 769 2021 esse
799 1980 899 2020 dixit
934 1985 1065 2029 atque,
1086 1977 1317 2028 significare
1348 1979 1544 2018 uolucres

159 2042 271 2076 rotas
307 2037 598 2087 interpretatus
641 2041 723 2085 est,
762 2041 1094 2084 commutataque
1129 2045 1211 2073 una
1240 2033 1357 2073 litera
1383 2036 1569 2087 ‘petor--

122 2092 307 2132 {ritum’
339 2103 434 2132 esse
456 2093 608 2132 dictum
637 2093 823 2140 uolebat,
855 2091 973 2142 quasi
994 2092 1316 2140 ‘petorrotum’,
1347 2089 1544 2139 scriptum

160 2147 278 2187 etiam
300 2149 381 2188 hoc
401 2160 496 2188 esse
517 2149 776 2188 aValerio
796 2149 924 2188 Prob
939 2159 962 2188 o
989 2145 1211 2186 contendit.

118 2209 145 2241 5
244 2205 346 2252 Ego,
364 2215 457 2243 cum
471 2205 618 2244 Probi
641 2206 791 2244 multos
810 2203 1033 2243 admodum
1055 2200 1544 2241 commentationum

162 2257 288 2298 libros
311 2259 586 2309 adquisierun,
604 2272 739 2310 neque
758 2260 954 2309 scriptum
975 2258 1015 2297 in
1036 2256 1100 2296 his
1113 2255 1253 2297 inueni
1274 2267 1351 2296 nec
1367 2267 1544 2305 usquam
1603 2274 1619 2309 j
