1635 2492
0 0 81 26 &js-etr
144 11 157 15 .,

0 27 14 38 ,Ι
29 29 31 31 ,

688 35 775 74 XII.
803 46 834 74 1.
885 2 890 4 γ
1406 35 1460 77 51

43 147 216 196 riorem,
233 147 275 188 in
291 147 369 188 illis
388 147 580 197 capillum
597 146 708 197 gigni
724 146 989 187 teneriorem.
1032 148 1077 187 In
1094 148 1313 188 arboribus
1339 149 1462 188 etiam
1476 156 1518 192 16

0 205 6 247 ζ
44 210 86 244 et
115 205 303 255 frugibus
335 204 468 244 maior
497 206 744 255 plerumque
773 203 838 244 uis
871 209 910 243 et
933 209 1122 254 potestas
1151 210 1215 245 est
1240 206 1293 245 ad
1320 217 1462 245 earum

5 267 9 270 “
42 261 225 302 indolem
247 262 316 302 uel
340 261 652 301 detrectandam
673 262 740 300 uel
766 261 1000 310 augendam
1024 273 1225 311 aquarum
1243 267 1367 312 atque
1383 268 1462 302 ter-

43 329 206 368 rarum,
229 329 337 368 quae
364 319 499 367 alunt,
525 329 649 368 quam
664 317 819 367 ipsius,
854 319 967 367 quod
990 317 1154 367 iacitur,
1187 318 1378 367 seminis,
1413 330 1461 358 ac

44 385 172 424 saepe
200 375 363 424 uideas,
392 376 585 415 arborem
620 376 767 414 laetam
800 379 839 413 et
870 374 1067 414 nitentem
1097 375 1137 415 in
1168 377 1307 416 locum
1339 375 1461 415 alium

41 432 341 483 transpositam
371 431 589 472 deterioris
622 436 759 471 terrae
791 442 893 471 suco
927 432 1158 482 deperisse.
1210 433 1345 482 Quae,
1378 440 1516 477 ma-17

41 489 146 537 lum,
176 488 302 539 igitur
327 489 431 529 ratio
464 494 541 539 est,
580 488 832 528 nobilitatem
861 488 982 528 istam
1014 489 1099 528 nati
1126 490 1251 529 modo
1281 488 1459 529 hominis

43 556 284 596 corpusque
301 550 343 585 et
365 545 564 595 animum,
594 546 703 585 bene
727 545 945 594 ingeniatis
971 545 1210 595 primordiis
1235 546 1458 592 incoatum,

40 601 207 643 insitiuo
226 603 509 653 degenerique
527 602 721 642 alimento
744 602 860 641 lactis
877 602 998 641 alieni
1016 603 1317 653 corrumpere?
1342 614 1459 652 prae-

42 659 185 698 sertim
215 659 251 700 si
279 659 377 707 ista,
412 671 535 710 quam
566 660 620 698 ad
661 660 947 709 praebendum
978 661 1164 708 lacteon)
1197 659 1458 706 adhibebitis,

41 720 112 755 aut
141 727 266 756 serua
297 721 367 756 aut
391 716 554 756 seruilis
579 721 643 756 est
667 722 721 765 et,
759 721 806 756 ut
834 717 1081 767 plerumque
1111 718 1232 764 solet,
1264 721 1460 755 externae

42 777 82 812 et
111 773 316 813 barbarae
346 773 525 813 nationis
563 778 647 820 est,
682 773 716 812 si
744 773 942 822 inproba,
978 773 1014 812 si
1039 773 1250 821 informis,
1279 773 1313 812 si
1343 772 1458 822 inpu-

41 829 154 878 dica,
186 830 222 870 si
260 831 486 870 temulenta
532 834 617 870 est:
661 841 755 869 nam
795 831 1040 880 plerumque
1083 830 1172 870 sine
1210 829 1458 877 discrimine,

48 896 338 937 quaecumque
368 887 410 926 id
444 887 646 937 temporis
679 888 839 926 lactans
872 891 954 934 est,
989 887 1175 927 adhiberi
1197 888 1319 927 solet.

120 943 382 983 patiemurne
399 943 542 993 igitur,
560 944 757 983 infantem
774 944 883 982 hunc
901 950 1090 984 nostrum
1105 943 1345 994 pernicioso
1362 952 1518 987 con-18

39 999 151 1050 tagio
183 1000 316 1052 infici,
363 1001 551 1051 spiritum
585 1002 739 1040 ducere
779 1000 818 1039 in
858 1001 1037 1041 animum
1069 1006 1194 1051 atque
1227 1000 1267 1040 in
1305 1011 1458 1048 corpus

41 1067 162 1096 suum
193 1068 244 1096 ex
277 1069 457 1107 corpore
490 1062 530 1097 et
560 1058 695 1097 animo
730 1057 979 1097 deterrimo?
1009 1058 1056 1097 Id
1071 1058 1210 1097 hercle
1227 1058 1364 1108 ipsum
1383 1062 1458 1104 est,
1475 1065 1517 1100 19

43 1114 156 1162 quod
175 1125 479 1163 saepenumero
506 1114 723 1161 miramur,
745 1114 951 1163 quosdam
972 1114 1217 1164 pudicarum
1244 1113 1459 1153 mulierum

41 1170 195 1210 liberos
234 1175 454 1220 parentum
486 1182 660 1211 suorum
690 1181 828 1220 neque
862 1171 1110 1221 corporibus
1142 1182 1279 1222 neque
1312 1169 1458 1209 animis

43 1225 197 1265 similes
216 1227 409 1266 existere.
448 1227 559 1267 Scite
590 1227 712 1277 igitur
737 1233 777 1266 et
800 1227 932 1278 perite
955 1233 1101 1268 noster
1128 1229 1295 1275 Maro,
1330 1227 1457 1276 quod,
1471 1235 1517 1269 20

43 1293 135 1322 cum
164 1293 315 1323 uersus
345 1283 438 1323 illos
470 1284 677 1324 Homeri
710 1290 1042 1324 consectaretur:

156 1356 272 1403 Οὐκ
308 1356 414 1416 ἄρα
442 1363 534 1403 σοί
538 1377 618 1427 γε
658 1358 837 1416 πατὴρ
876 1362 942 1428 ἡν
974 1360 1182 1404 ἱππότα
1211 1362 1458 1429 Πηλεύς,

100 1413 244 1460 ovd}
275 1417 443 1469 Θέτις
480 1416 676 1474 μήτηρ·
724 1415 947 1473 γλαυκὴ
980 1419 1043 1460 δέ
1071 1430 1132 1460 σε
1165 1420 1318 1461 τίκτε
1349 1417 1460 1460 θά-

96 1530 305 1586 Πέτραι
329 1528 372 1573 τ’
405 1527 702 1587 ἠλίβατοι,
735 1528 821 1574 ὅτι
853 1478 1157 1582 τλὸοιισνσόαος’
1136 1531 1289 1574 ἐστὶν
1314 1529 1459 1587 ἀπη-

874 1604 901 1629 ν
911 1604 937 1642 η
952 1605 994 1643 9,

2 1667 9 1721 ζ
42 1691 126 1721 non
158 1679 391 1731 partionem
423 1680 577 1728 solam,
601 1684 814 1730 tamquam
839 1680 905 1719 ille
931 1691 1054 1729 quem
1080 1680 1347 1729 sequebatur,
1381 1680 1458 1720 sed

43 1737 230 1777 alituram
255 1747 426 1787 quoque
453 1737 582 1776 seram
617 1741 658 1776 et
688 1747 859 1776 saeuam
894 1736 1131 1775 criminatus
1163 1741 1250 1783 est3
1300 1735 1459 1776 addidit

0 1801 8 1825 ¹»
43 1793 150 1833 enim
180 1794 261 1834 hoc
293 1794 345 1833 de
375 1805 473 1834 suo:

255 1871 657 1922 Hyrcanaeque
689 1870 980 1909 admorunt
1009 1870 1176 1909 ubera
1206 1868 1398 1918 tigres,

0 1967 7 2013 J
45 1961 239 2012 quoniam
259 1960 418 2001 scilicet
448 1960 488 2001 in
517 1960 702 2002 moribus
727 1959 1010 2001 inolescendis
1039 1971 1230 2010 magnam
1258 1960 1343 1999 sere
1366 1971 1458 2009 par-

45 2021 126 2058 tem
163 2017 374 2068 ingenium
408 2018 560 2058 altricis
599 2023 641 2058 et
677 2022 825 2057 natura
863 2016 982 2056 lactis
1014 2022 1145 2064 tenet,
1188 2027 1294 2066 quae
1323 2015 1404 2055 iam
1434 2027 1458 2055 a

43 2073 245 2125 principio
285 2074 442 2115 imbuta
475 2074 636 2125 paterni
674 2073 844 2113 seminis
886 2073 1177 2121 concretione,
1226 2084 1278 2112 ex
1315 2072 1456 2112 matris

45 2129 166 2171 etiam
197 2142 376 2182 corpore
407 2135 450 2171 et
475 2131 611 2172 animo
644 2137 854 2170 recentem
884 2130 1067 2170 indolem
1096 2129 1342 2180 configurat.

127 2188 179 2228 Et
221 2193 389 2239 praeter
431 2188 536 2229 haec
581 2193 740 2235 autem,
789 2186 879 2237 quis
925 2186 1025 2226 illud
1065 2186 1187 2226 etiam
1234 2187 1456 2236 neglegere
1468 2191 1510 2225 21

46 2244 343 2294 aspernarique
363 2244 513 2295 possit,
547 2245 681 2294 quod,
709 2255 815 2294 quae
844 2248 985 2293 partus
1004 2254 1106 2284 suos
1123 2243 1323 2282 deserunt
1347 2243 1439 2282 able

0 2318 51 2492 l
1169 2299 1226 2339 4*
