1635 2492
567 46 677 86 XVI.
708 56 818 85 xun.
835 56 904 84 xv.
921 55 1008 82 xvi.
1415 42 1496 84 165

161 159 385 200 Verrius
410 159 633 199 Flaccus
659 158 864 200 rationem
889 157 1030 197 dicere
1055 158 1206 197 uolens
1235 156 1538 198 differentiae3

75 215 221 257 huius:
255 215 540 265 ‘festinat'‚
573 216 731 268 inquit,
763 227 788 255 a
818 215 976 254 fando
1007 212 1220 262 dicitur,
1254 213 1498 264 quoniam

75 272 169 314 isti
196 272 524 324 ignauiores,
547 273 630 323 qui
659 272 788 313 nihil
815 272 1081 323 perficere
1116 272 1497 321 possunt,plus

6 346 11 351 ·
75 330 359 371 uerborum
377 341 526 380 quam
550 341 743 381 operae
763 330 966 369 habent.
1000 327 1086 368 Sed
1103 326 1146 366 id
1163 327 1284 368 nimis
1304 334 1497 368 eoactum

76 393 204 438 atque
234 387 465 428 absurdum
498 387 666 427 uidetur
696 398 835 437 neque
866 385 967 425 tanti
997 396 1095 425 esse
1121 385 1324 425 momenti
1355 389 1537 436 potest4

75 444 211 495 prima
230 443 272 484 in
290 449 476 494 utroque
495 445 626 485 uerbo
647 443 783 491 litera,
818 449 861 483 ut
881 447 1057 494 propter
1081 452 1173 481 eam
1191 453 1316 481 unam
1334 448 1418 481 tam
1440 442 1497 480 di-

76 512 205 542 uersa
219 502 351 542 uerba
372 500 603 541 ‘festinare'
634 507 675 541 et
693 500 803 540 ‘sari'
828 501 976 540 eadem
991 498 1126 538 uideri
1145 499 1340 538 debeant.
1381 500 1498 539 Com-
1515 505 1537 538 5

78 557 247 599 modius
281 563 420 599 autem
444 558 707 609 propiusque
724 557 863 598 uisum
889 562 966 604 est,
1001 555 1234 595 ‘festinare’
1254 567 1352 596 esse
1378 555 1500 606 quasi

78 616 257 656 'fessum
283 619 412 656 esse’.
473 616 575 655 Nam
601 615 671 665 qui
689 614 828 655 multis
847 614 968 654 simul
984 613 1111 653 rebus
1130 612 1410 663 properandis
1430 613 1499 652 de·

80 673 220 713 sessus
240 678 325 722 est,
356 672 392 713 is
415 671 496 712 iam
512 684 596 713 non
613 677 837 725 properat,
868 677 933 712 set
951 669 1131 710 festinat.

749 786 840 827 XV.

80 872 180 918 Quid
201 872 488 920 Theophrastus
513 873 650 909 mirum
683 872 729 907 dc
755 871 975 919 perdicibus
1005 872 1187 917 seriptum
1220 871 1436 918 reliquerit,
1463 874 1500 905 et

438 930 529 977 quid
553 930 823 977 Theopompus
847 929 893 965 de
916 929 1126 976 leporibus.

170 1021 201 1061 T
212 1021 239 1060 h
251 1032 345 1071 eop
356 1021 382 1060 h
393 1032 447 1060 ra
460 1026 594 1068 stus,
633 1020 982 1070 philosophorum
1014 1017 1313 1070 peritissimus,
1351 1016 1391 1057 in
1423 1018 1496 1057 Pa·
1516 1024 1534 1057 l

83 1077 310 1128 phlagonia
325 1077 518 1128 perdices
542 1077 640 1116 bina
663 1078 793 1117 eorda
810 1078 965 1116 habere
982 1076 1092 1124 dicit,
1124 1075 1190 1114 Th
1203 1085 1224 1114 e
1238 1086 1260 1114 o
1272 1087 1298 1124 p
1313 1086 1336 1114 o
1349 1086 1388 1113 m
1399 1087 1425 1125 p
1440 1087 1466 1113 u
1478 1086 1498 1114 s

81 1134 123 1173 in
140 1133 310 1174 Bisaltia
331 1136 498 1185 lepores
516 1133 612 1172 bina
629 1133 783 1173 iecora.

727 1247 836 1288 XVI.

78 1330 275 1377 Agrippas
296 1340 319 1365 a
340 1334 472 1376 partus
497 1331 602 1377 aegri
629 1335 664 1365 et
679 1330 894 1376 inprosperi
917 1330 1005 1364 uitio
1028 1330 1262 1375 appellatos;
1292 1328 1415 1374 deque
1438 1327 1498 1363 his

295 1386 462 1430 deabus,
486 1397 582 1433 quae
600 1391 785 1423 uocantur
806 1386 980 1431 Pro[r]sa
1007 1391 1041 1420 et
1059 1386 1271 1422 Postuerta.

169 1473 356 1522 Quorum
376 1472 418 1512 in
435 1474 651 1514 nascendo
677 1486 762 1514 non
781 1481 927 1524 caput,
960 1473 1036 1513 sed
1055 1473 1188 1523 pedes
1212 1472 1332 1523 primi
1357 1473 1499 1513 extite-
1519 1483 1536 1516 l

9 1562 13 1563 γ
80 1534 186 1577 rant,
210 1529 280 1579 qui
300 1534 447 1580 partus
464 1529 731 1571 difficillimus
755 1529 1098 1580 aegerriniusque
1118 1530 1307 1578 habetur,
1334 1530 1499 1580 ‘Agrip-

82 1588 187 1637 pae’
205 1585 421 1637 appellati,
449 1587 659 1627 uocabulo
686 1588 736 1627 ab
755 1587 1015 1637 aegritudine
1033 1593 1073 1627 et
1097 1587 1274 1636 pedibus
1298 1586 1496 1627 conficto.

22 1649 27 1652 ’
81 1643 190 1683 Esse
206 1647 345 1683 autem
372 1654 529 1693 pueros
545 1642 586 1683 in
602 1649 722 1684 utero
739 1645 908 1684 Varro
928 1644 1026 1683 dicit
1044 1643 1179 1693 capite
1200 1643 1343 1683 infimo
1362 1643 1498 1693 nixos,
1519 1653 1543 1688 2

29 1714 32 1717 ·
85 1711 254 1740 sursum
278 1700 458 1751 pedibus
489 1699 628 1749 elaus,
660 1712 745 1741 non
777 1707 821 1740 ut
847 1700 1027 1740 hominis
1059 1705 1208 1740 natura
1239 1706 1324 1748 est,
1357 1701 1434 1740 sed
1455 1708 1499 1740 ut

82 1756 260 1797 arboris.
320 1758 422 1797 Nam
438 1758 572 1808 pedes
599 1768 805 1807 cruraque
819 1758 981 1798 arboris
998 1768 1138 1797 ramos
1161 1759 1356 1808 appellat,
1376 1764 1501 1807 eaput
1519 1766 1543 1801 3

83 1813 257 1864 stirpem
285 1820 411 1864 atque
444 1814 673 1854 caudicem.
737 1815 1002 1864 Quando[q
1015 1818 1092 1862 ue]
1127 1814 1309 1865 igitur,
1350 1813 1498 1867 inquit,
1520 1829 1544 1858 4

14 1893 15 1897 =
83 1876 270 1912 contra
309 1878 547 1911 naturam
580 1873 720 1912 forte
766 1871 1017 1912 conuersi
1054 1871 1101 1910 in
1142 1872 1332 1922 pedes,
1382 1872 1498 1910 bra-

83 1927 216 1968 chiis
255 1929 568 1979 plerumque
609 1927 860 1977 diductis,
910 1927 1132 1969 retineri
1163 1930 1364 1976 solent,
1414 1940 1498 1968 ae-

81 1984 338 2035 griusque
372 1991 496 2026 tunc
526 1985 780 2026 mulieres
812 1984 1099 2025 enituntur.
1160 1985 1325 2025 Huius
1359 1985 1499 2035 peri-

85 2040 189 2081 culi
227 2042 555 2093 deprecandi
600 2042 776 2093 gratia
822 2054 939 2082 arae
979 2048 1214 2083 statutae
1256 2048 1376 2081 sunt
1403 2043 1500 2082 Ro·

4 2085 20 2113 ³³
84 2109 196 2139 mae
224 2099 428 2139 duabus
458 2099 844 2148 Carmentibus,
877 2111 1090 2150 quarum
1123 2102 1295 2139 altera
1327 2099 1499 2139 ‘Post-

83 2157 256 2196 uerta’
279 2155 729 2206 cognominatast,
761 2157 1003 2196 ‘Prorsa'
1032 2159 1221 2204 altera,
1252 2167 1275 2194 a
1307 2155 1498 2196 directi

86 2213 433 2265 peruersique
463 2220 653 2264 partus
686 2218 735 2252 et
765 2219 1042 2263 potestate
1069 2220 1120 2253 et
1148 2212 1373 2253 nomine.
