1603 2508
114 26 146 49 312
285 42 290 43 γ

20 0 79 123 ξ
231 71 239 78 ·
536 62 660 101 VIIII.
682 74 779 103 xnu.
802 74 873 102 xv.
1328 64 1411 106 251

18 160 97 230 {nt
109 181 249 217 tamen
264 187 349 216 non
367 176 501 226 pauci,
526 175 595 226 qui
611 175 834 226 utrubique
851 176 868 215 f
875 175 974 216 acii
992 178 1145 227 legant.
1200 179 1284 218 Sed
1303 180 1344 219 C.
1361 186 1470 221 2425

0 235 190 285 :i'aesar
216 233 259 274 in
286 231 422 273 libro
457 233 517 272 de
541 234 658 272 anal
674 233 790 283 ogia
817 234 1056 274 secundo
1091 234 1229 275 ‘huius
1263 236 1345 276 die’
1373 242 1413 276 et

19 289 136 331 huius
157 289 316 342 specie’
335 289 559 330 dicendum
574 294 706 340 putat,

76 348 166 398 Ego
197 357 369 399 quoque
389 346 430 386 in
462 347 715 396 Iugurtha
746 347 772 387 S
788 348 894 386 allu
909 347 996 387 stii
1025 359 1211 389 summae
1243 349 1342 389 fidei
1374 354 1469 392 et26

19 405 255 446 euerendae
270 403 494 444 uetustatis
511 403 616 443 libro
648 403 733 443 die
766 415 867 444 casu
883 404 1017 453 patrio
1036 405 1239 456 scriptum
1255 405 1409 446 inueni.

0 457 136 502 'rerba
159 461 263 501 haec
284 460 342 500 ita
360 465 496 500 erant:
524 459 627 500 Vix
659 460 861 500 decima
888 466 1039 512 parte
1071 462 1153 502 die
1185 462 1408 512 reliqua.

19 519 85 559 [on
107 517 214 557 enim
230 522 333 568 puto
353 517 600 568 argutiolam
615 516 737 557 istam
758 517 1053 568 recipiendam,
1079 524 1122 558 ut
1146 520 1170 558 d
1184 519 1196 558 i
1210 530 1231 559 e
1254 520 1409 560 dictum

24 574 115 615 uasi
133 578 203 614 ‘ex
222 573 305 614 die’
325 573 623 614 existimemus.

652 652 742 693 XV.

78 725 132 761 De
155 736 296 772 genere
314 727 612 770 controuersiae,
635 725 737 772 quod
760 725 903 762 Graece
923 718 1078 776 ἄπορον
1100 727 1324 773 appellatur.

109 803 209 842 Cum
228 803 366 842 Anto
381 800 464 842 nio
489 801 656 842 Iulian
670 813 692 842 o
726 802 893 842 rhetore
915 813 992 852 per
1018 801 1213 842 feriarum
1243 807 1409 853 tempus
1430 811 1447 843 1

20 858 246 899 estiuarum
263 859 470 898 decedere
501 870 553 898 ex
573 859 689 899 urbis
709 864 828 898 aestu
854 860 1046 899 uolentes
1064 859 1280 910 Neapolim
1312 870 1408 899 con-

20 926 270 956 esseramus.
331 917 472 965 Atque
502 915 558 954 ibi
586 921 674 955 erat
706 917 955 955 adulescens
988 921 1087 956 tunc
1121 915 1326 966 quispiam
1360 928 1411 956 ex
1427 924 1449 957 2

21 972 210 1013 itioribus
228 984 323 1012 cum
343 972 564 1022 utriusque
582 972 746 1022 linguae
764 972 971 1022 magistris
994 972 1199 1013 meditans
1228 978 1268 1012 et
1292 983 1408 1013 exer-

20 1040 92 1070 ens
125 1029 177 1069 ad
205 1040 355 1069 causas
376 1030 536 1069 Romae
558 1030 739 1069 orandas
767 1029 1030 1079 eloquentiae
1051 1030 1219 1069 Latinae
1240 1030 1408 1070 faculta-

21 1097 96 1134 3m;
114 1091 241 1136 atque
257 1085 293 1125 is
310 1090 433 1135 rogat
447 1086 464 1124 I
476 1084 726 1134 ulianum,
744 1086 803 1126 uti
819 1097 915 1126 sese
933 1086 1073 1126 audiat
1090 1087 1405 1126 declamantem.

21 1156 26 1180 2
47 1142 234 1182 auditum
257 1141 499 1182 Iulianus
530 1142 724 1193 imusque
753 1155 832 1183 nos
857 1154 949 1182 cum
976 1154 1025 1183 eo
1055 1143 1189 1183 simul.
1243 1143 1389 1183 Introit
1403 1148 1465 1184 33

21 1199 244 1239 dulescens
262 1203 303 1238 et
317 1200 530 1249 praefatur
546 1199 809 1249 arrogantius
829 1204 868 1239 et
894 1199 1054 1246 elatius,
1085 1211 1208 1250 quam
1229 1204 1406 1239 aetatem

21 1255 81 1296 ius
101 1255 289 1303 decebat,
312 1266 361 1295 ac
376 1255 527 1295 deinde
546 1255 659 1295 iubet
676 1256 832 1306 exponi
849 1257 1178 1297 controuersias.

77 1313 239 1353 Aderat
253 1311 308 1351 ibi
326 1311 546 1353 nobiscum
568 1312 760 1352 Iuliani
781 1318 978 1361 sectator,
1003 1313 1165 1353 iuuenis
1187 1318 1408 1365 promptus
1426 1321 1444 1353 5

0 1358 4 1418 ἶ
22 1368 276 1420 tproficiens
295 1373 336 1409 et
352 1369 573 1409 offendens
591 1369 672 1409 iam
693 1369 733 1408 in
754 1381 826 1417 eo,
856 1370 970 1420 quod
992 1370 1059 1410 1116
1091 1375 1191 1421 aput
1210 1370 1407 1410 Iuliani

0 1422 116 1470 ¹ures
146 1425 188 1466 in
209 1425 427 1477 praecipiti
447 1431 560 1466 stare
589 1431 630 1465 et
660 1426 859 1466 subitaria
881 1426 1061 1467 dictione
1090 1427 1321 1478 periculum
1343 1426 1408 1467 sui

0 1469 130 1531 ’rcere
147 1483 341 1523 audebat.
372 1483 557 1534 Exponit
572 1483 696 1533 igitur
713 1483 1000 1534 temptamenti
1018 1483 1150 1534 gratia
1166 1489 1407 1525 controuer-
1424 1489 1445 1524 6

0 1535 95 1593 ‘sm
111 1551 260 1591 parum
283 1539 597 1588 consistentem,
627 1540 742 1590 quod
773 1551 906 1590 genus
929 1540 1076 1580 Graeci
1094 1534 1302 1593 (ἄπορον
1334 1552 1406 1580 uo-

23 1598 102 1646 ssnt,
132 1596 277 1636 Latine
309 1601 446 1637 autem
476 1596 519 1636 id
539 1608 622 1637 non
654 1596 774 1636 nimis
790 1597 1056 1637 incommode
1079 1596 1403 1648 ‘inexplicabile’

23 1649 73 1698 1ζοί
88 1657 243 1704 potest.
295 1654 354 1693 Ea
373 1652 662 1693 controuersia
679 1652 752 1693 fuit
772 1653 1030 1694 huiusmodi:
1058 1656 1134 1694 ‘De
1151 1665 1222 1694 reo
1243 1658 1404 1704 septem
1424 1658 1443 1694 7

1 1703 149 1764 ‚idices
168 1715 430 1760 cognoscant
448 1721 582 1760 eaque
600 1709 806 1750 sententia
824 1710 877 1750 sit
892 1716 994 1758 rata,
1030 1722 1154 1761 quam
1176 1712 1318 1760 plures
1354 1721 1406 1748 ex

0 1763 45 1820 ’ρ
61 1778 234 1807 numero
254 1766 444 1807 dixerint.
497 1768 596 1808 Cum
613 1772 775 1817 septem
791 1766 950 1807 iudices
971 1767 1284 1817 cognouissent,
1320 1767 1402 1806 duo

23 1821 248 1875 ensuerunt
263 1835 378 1864 reum
398 1822 521 1864 exilio
539 1824 809 1872 multandum,
836 1824 916 1864 duo
937 1823 1003 1864 alii
1020 1823 1212 1875 pecunia,
1236 1829 1323 1864 tres
1340 1834 1403 1862 re-

25 1879 94 1932 qui
110 1880 246 1931 capite
262 1880 532 1931 puniendum.
593 1880 749 1920 Petitur
772 1881 824 1919 ad
848 1880 1096 1931 supplicium
1123 1892 1175 1921 ex
1199 1879 1404 1921 sententia
1420 1887 1443 1922 8

0 1931 2 1940 '
24 1934 114 1985 ium
129 1936 312 1977 iudicum
334 1942 376 1977 et
393 1937 667 1978 contradicit’.

75 1994 166 2034 Hac
184 1993 254 2034 1116
272 1993 412 2034 audita
427 2005 506 2034 nec
528 1994 805 2042 considerata,
840 2006 976 2045 neque
994 1994 1095 2042 aliis,
1125 2000 1170 2034 ut
1195 2005 1404 2045 propone-
1421 2002 1443 2038 9

25 2048 148 2109 agutur,
181 2051 425 2102 expectatis,
458 2050 602 2102 incipit
633 2050 770 2092 statim
803 2050 904 2091 mira
927 2051 1136 2091 celeritate
1165 2051 1206 2091 in
1229 2051 1402 2091 eandem

25 2110 100 2167 ame
117 2107 449 2149 controuersiam
464 2107 668 2159 principia
684 2107 826 2148 nescio
848 2119 954 2158 quae
973 2108 1112 2149 dicere
1132 2113 1173 2148 et
1186 2107 1403 2149 inuoluere

26 2168 195 2212 {usuum
211 2164 523 2214 uerborumque
538 2164 750 2206 uolumina
776 2176 1015 2215 uocumque
1043 2165 1186 2205 turbas
1213 2165 1400 2213 fundere,

8 2227 9 2230 ’
26 2212 143 2271 &ris
161 2220 353 2262 omnibus
371 2233 423 2261 ex
440 2222 614 2262 cohorte
631 2221 742 2270 eius,
778 2221 847 2272 qui
863 2221 1006 2261 audire
1026 2233 1118 2262 eum
1138 2221 1248 2262 soliti
1269 2226 1399 2268 erant,

27 2267 177 2338 &more
191 2288 342 2330 magno
362 2278 658 2326 exultantibus,
683 2278 845 2318 Iulian
859 2290 881 2318 ο
902 2284 1038 2319 autem
1056 2280 1162 2318 male
1183 2290 1232 2319 ac
1248 2279 1399 2318 misere

6 2388 74 2407 qi,

61 2455 149 2471 »1-
