1619 2476
85 71 88 74 .
135 27 217 69 190
661 26 787 66 XVII.
804 35 914 64 x1111.
931 35 1001 63 xv.

146 136 278 179 10'1ta
301 140 512 179 amicum
544 139 741 178 habeas
767 135 922 187 posse
946 141 1001 176 ut
1032 137 1219 187 [facile]
1256 136 1376 180 sieri
1402 141 1538 181 hunc

966 192 1228 234 inimicum
1256 200 1422 245 putes.

189 251 432 291 Veterem
470 251 685 291 ferendo
718 249 955 289 iniuriam
992 249 1191 291 inuites
1225 263 1422 293 nouam.

189 307 469 356 Numquam
495 308 820 357 peric(u)lum
852 304 963 345 sine
996 306 1269 357 peric(u)lo
1293 305 1537 349 uincitur.

188 364 395 403 Nimium
421 363 726 402 altercando
754 361 962 402 ueritas
995 360 1258 403 amittitur.

188 421 310 459 Pars
336 419 627 468 beneficio)
661 424 758 467 est,
793 419 927 468 quod
949 418 1176 468 pe'titur,
1208 419 1249 460 si
1278 420 1416 461 belle
1447 433 1539 462 ne-

965 487 1067 525 ges.
1539 492 1545 501 ·

788 580 877 619 XV.

132 664 242 708 Quod
255 664 470 700 Carneades
482 664 733 699 Academicus
749 664 913 698 elleboro
933 662 1170 699 stomachum
1186 664 1363 710 purgauit
1380 664 1536 710 seriptu-

189 732 251 756 rus
271 721 456 757 aduersus
475 721 633 755 Zenonis
653 720 766 757 Stoici
792 719 963 763 decreta3
991 718 1113 765 deque
1142 724 1277 756 natura
1300 719 1536 766 medellaque

188 778 341 812 ellebori
361 777 511 812 candidi
535 781 569 811 et
592 777 702 823 nigri.

97 889 109 920 1
218 880 519 917 Carneades
555 878 859 925 Academicus,
899 877 1130 928 scripturus
1171 878 1375 918 aduersus
1407 877 1535 918 Stoici

129 935 264 974 Zeno
282 936 358 974 nis
385 936 534 981 libros,
569 935 788 984 superiora
809 934 1000 983 emporis
1024 934 1209 974 elleboro
1240 934 1454 984 purgauit,
1483 946 1535 974 ne

132 990 230 1039 quid
257 1003 307 1030 ex
331 992 537 1041 corruptis
562 991 601 1029 in
629 991 843 1030 stomacho
870 990 1084 1030 umoribus
1108 991 1159 1030 ad
1178 990 1385 1030 domicilia
1400 1001 1536 1040 usque

130 1047 252 1086 animi
275 1049 526 1087 redundaret
550 1052 590 1086 et
615 1047 850 1086 instantiam
867 1046 1140 1096 uigoremque
1162 1047 1310 1087 mentis
1332 1047 1535 1086 labeface-

91 1112 112 1145 2
131 1109 211 1142 ret:
243 1109 309 1143 tan
319 1110 355 1144 ta
377 1117 476 1144 cura
502 1110 699 1153 tantoque
724 1108 926 1153 apparatu
949 1104 1011 1142 sui
1032 1104 1096 1142 uir
1118 1103 1283 1153 ingenio
1310 1102 1536 1153 praestanti

92 1168 114 1202 3
131 1160 182 1198 ad
206 1162 442 1202 refellenda.
463 1172 567 1210 quae
586 1161 813 1210 scripserat
828 1161 857 1199 Z
871 1171 928 1199 en
941 1172 964 1199 o
981 1192 990 1207 ,
1016 1171 1265 1209 aggressus3
1297 1160 1423 1209 idque
1442 1171 1535 1199 cum
1592 1189 1597 1191 -

128 1216 167 1254 in
206 1217 430 1257 historia
464 1220 666 1256 Graeca
688 1216 902 1266 legissem,
937 1217 1052 1265 quod
1084 1216 1293 1256 ‘elleboro
1331 1215 1534 1256 eandido'

130 1273 330 1323 scriptum
359 1279 464 1320 erat,
497 1274 594 1322 quid
613 1278 749 1320 esset,
783 1273 984 1321 quaesiui.

92 1359 137 1397 4χ
216 1353 318 1390 Tum
347 1351 551 1399 comperi,
590 1351 694 1389 duas
728 1350 891 1399 species
924 1349 1094 1389 ellebori
1128 1360 1224 1389 esse
1257 1349 1535 1390 discerniculo
1586 1360 1595 1399 ⁷,

131 1407 283 1448 coloris
307 1407 512 1456 insignes,
542 1405 707 1445 candidi
729 1411 769 1444 et
789 1406 915 1455 nigri3
949 1417 1023 1445 eos
1043 1410 1179 1444 autem
1203 1406 1369 1445 colores
1392 1406 1534 1445 nonin

130 1464 288 1505 semine
319 1463 488 1503 ellebori
523 1473 660 1512 neque
688 1462 726 1500 in
760 1462 968 1512 uirgultis,
1003 1462 1077 1501 sed
1108 1461 1149 1500 in
1180 1461 1320 1502 radice
1348 1461 1533 1510 dinosci3

131 1520 307 1561 candido
341 1519 601 1560 stomachum
641 1522 681 1557 et
716 1523 903 1557 uentrem
946 1518 1205 1568 superiorem
1240 1517 1534 1558 uomitionibus

129 1576 309 1628 purgari,
340 1576 457 1625 nigro
481 1577 640 1623 aluum,
675 1574 1001 1624 quae‘inferior'
1019 1579 1210 1622 uocatur,
1243 1574 1354 1623 dilui,
1385 1574 1535 1615 utrius-

131 1645 211 1683 que
239 1644 334 1673 esse
365 1633 472 1671 hanc
502 1633 604 1680 uim,
636 1637 681 1670 ut
712 1642 880 1671 umores
911 1631 1083 1679 noxios,
1119 1631 1158 1670 in
1194 1630 1344 1680 quibus
1380 1642 1532 1671 causae
1594 1655 1597 1658 -

90 1698 110 1732 5
128 1691 370 1730 morborum
397 1694 514 1736 sunt,
535 1689 765 1728 extrahant.
798 1689 903 1727 Esse
922 1691 1059 1726 autem
1083 1686 1329 1736 periculum,
1363 1699 1415 1727 ne
1429 1687 1536 1727 inter

129 1757 278 1786 causas
296 1746 556 1792 morborum,
591 1744 701 1784 omni
721 1755 943 1794 corporum
959 1744 1027 1783 uia
1043 1744 1268 1793 patefacta,
1299 1755 1349 1783 ea
1366 1755 1535 1794 quoque

126 1804 231 1853 ipsa,
263 1803 303 1841 in
326 1802 476 1852 quibus
495 1813 623 1841 causa
648 1801 814 1840 uiuendi
836 1805 919 1848 est,
948 1799 1190 1849 amissoque
1207 1800 1318 1840 omni
1334 1800 1533 1840 naturalis

128 1859 347 1899 alimoniae
370 1859 639 1898 fundamento
657 1858 783 1897 homo
803 1858 1031 1897 exhaustus
1051 1856 1240 1896 intereat.
1578 1856 1588 1871 ⁴

93 1956 115 1991 6
218 1948 302 1987 Sed
330 1948 554 1987 elleborum
585 1947 691 1987 sumi
713 1957 843 1997 posse
872 1946 1076 1985 tutissime
1104 1945 1144 1984 in
1173 1945 1309 1985 insula
1331 1945 1536 1995 Anticyra

129 2003 330 2043 Plinius
384 2004 654 2044 Secundus
695 2003 735 2042 in
769 2003 920 2042 libris
959 2001 1223 2041 naturalis
1273 2000 1595 2040 historiae

131 2060 310 2110 scripsit.
370 2061 598 2110 Propterea
614 2059 771 2099 Liuium
789 2061 986 2107 Drusum,
1019 2057 1088 2107 qui
1112 2057 1301 2098 tribunus
1316 2056 1428 2107 plebi
1445 2055 1532 2104 ruit,
1567 2054 1599 2113 ‘322

133 2126 225 2155 cum
241 2116 445 2164 morbum,
478 2116 548 2166 qui
570 2115 822 2156 ‘comitialis'
841 2115 1001 2162 dicitur,
1035 2118 1256 2163 pateretui,
1288 2113 1533 2164 Anticyram

131 2171 354 2221 nauigasse
388 2177 429 2212 et
459 2172 500 2211 in
536 2183 586 2212 ea
618 2173 753 2212 insula
783 2172 1011 2211 elleborum
1040 2169 1197 2210 bibisse
1222 2169 1296 2219 ait,
1324 2173 1450 2245 atque
1476 2167 1534 2208 ita
1559 2183 1569 2206 .·

130 2228 276 2267 morbo
299 2227 528 2268 liberatum.
1559 2227 1572 2232 '⁷
