1571 2492
168 424 442 482 MAanws
472 424 650 481 HEer
681 424 875 481 mGoBt)
907 425 1097 481 GEfflo
1127 426 1194 482 ΕΤ
1224 425 1431 482 GARom

522 503 820 560 ΒΕΝΕΠΙΟΤΟ
849 504 1007 561 fflslo
1040 505 1084 559 S.

182 648 394 705 ‘Septimus
423 661 557 694 octauo
587 659 744 706 propior
784 659 858 694 iam
889 659 1027 706 sugerit
1057 648 1217 702 annus’‚
1258 669 1306 694 ex
1336 670 1409 706 quo
1444 671 1531 697 uos

76 713 174 759 adii,
197 715 293 751 uiri
316 715 675 761 illustrissimi,
693 719 732 751 ut
750 716 1069 763 amplissimarum
1085 715 1398 752 bibliothecarum
1417 728 1531 753 curae

74 775 227 808 uestrae
259 771 493 809 subditarum
525 773 655 821 copias
687 772 779 809 mihi
811 772 1078 817 recluderetis,
1113 772 1284 809 modeste
1313 778 1531 821 rogaturus.

74 829 172 865 Vos
206 828 491 866 adulescentem
524 831 631 867 uobis
653 830 823 878 ignotum
845 831 1007 878 benigne
1033 830 1258 877 excepistis,
1293 830 1417 867 studi-a
1447 842 1534 867 mea

77 886 216 934 quouis
244 886 359 923 modo
382 886 605 932 adiuuistis‚
636 888 809 924 comitate
840 891 875 924 et
901 886 1097 924 beneficiis
1124 888 1174 923 ita
1203 897 1262 923 me
1292 887 1530 933 deuimzisfis,

77 946 118 980 ut
152 947 189 980 et
217 944 337 981 laetos
360 944 449 981 inde
470 944 600 981 Italiae
628 955 784 992 campos
809 955 1020 992 peragrans
1046 949 1082 980 et
1105 945 1141 980 in
1165 945 1326 992 patriam
1349 956 1531 983 reuersus

75 1011 227 1046 eorum,
274 1012 370 1048 quos
406 1001 548 1039 Leidae
592 1006 628 1038 et
664 1002 830 1038 Lutetiae
875 1001 985 1049 degi,
1032 1002 1218 1039 mensium
1257 1003 1530 1040 suauissimam

76 1057 381 1095 recordationem
416 1059 601 1095 memoria
641 1070 791 1106 semper
834 1059 1093 1095 custodierim.
1153 1059 1273 1096 Huius
1319 1061 1531 1096 memoriae

75 1119 116 1151 ut
145 1114 413 1151 documentum
443 1115 597 1162 aliquod
628 1117 773 1152 uobis
805 1115 943 1152 offerre
965 1117 1114 1161 liceret,
1157 1116 1223 1152 diu
1249 1117 1288 1153 in
1311 1118 1411 1154 uotis
1438 1121 1531 1153 erat.

76 1170 180 1209 Nihil
203 1175 350 1217 autem,
385 1172 487 1219 quod
515 1174 611 1220 grati
637 1173 752 1209 animi
786 1172 1012 1210 testificandi
1045 1184 1163 1210 causa
1187 1175 1331 1210 nomini
1363 1178 1530 1211 uestro

77 1228 269 1273 dicarem,
316 1229 440 1277 magis
485 1233 612 1277 aptum
654 1229 746 1266 mihi
788 1229 988 1267 uidebatur
1032 1241 1097 1274 ea,
1149 1241 1261 1278 quam
1307 1231 1531 1268 iamdudum

74 1285 210 1323 molior
258 1289 294 1322 et
337 1296 548 1334 praepar0‚
596 1287 805 1324 Atticarum
851 1288 938 1324 Auli
981 1287 1088 1324 Gellii
1130 1287 1307 1324 Noctium
1364 1289 1529 1325 editione

75 1343 226 1388 critica,
273 1346 457 1392 apparatu
494 1348 530 1380 et
569 1343 755 1381 ditissimo
795 1348 830 1381 et
867 1345 1073 1381 lectissimo
1114 1345 1309 1381 instructa.
1370 1346 1468 1382 Nam
1500 1347 1532 1382 si

76 1400 168 1437 mihi
206 1400 425 1448 contigerit,
472 1404 512 1437 ut
546 1401 584 1437 in
613 1401 730 1439 Gellio
763 1401 1008 1440 :recensendo
1054 1402 1198 1450 aliquid
1235 1406 1448 1450 praestem,
1493 1402 1532 1439 id

77 1457 216 1494 uobis
246 1457 485 1505 potissimum
517 1458 682 1503 debebo,
718 1460 780 1506 qui
810 1459 965 1496 codices
988 1459 1124 1495 harum
1145 1459 1320 1496 Noctium
1351 1461 1529 1508 optimos,

75 1515 294 1562 imperiales
323 1511 570 1562 p‘r'aesertIm‚
602 1519 690 1553 tunc
721 1516 871 1564 regios,
894 1516 1129 1561 Vossianos‚
1164 1516 1530 1563 Rottendorfianum,

76 1571 342 1609 liberalissime
367 1583 519 1609 mecum
544 1574 875 1618 communicastis,
910 1573 1072 1610 solidam
1106 1573 1197 1610 mihi
1224 1575 1421 1611 materiam
1444 1585 1531 1623 pro-

79 1632 276 1674 curantes,
307 1640 382 1676 qua
412 1630 606 1675 criticum,
637 1634 677 1666 ut
706 1632 756 1667 ita
784 1631 930 1675 dicam,
963 1630 1181 1667 aedificium
1213 1635 1443 1668 extruerem.

190 1686 241 1722 At
257 1684 461 1722 editionem
486 1687 589 1723 illam
606 1688 827 1735 ampliorem
846 1688 993 1735 paranti
1011 1687 1071 1724 Te
1085 1689 1274 1734 ubneri,
1300 1689 1529 1736 bibliopolae

76 1741 358 1788 honestissimi,
396 1743 557 1791 epistula
581 1745 693 1780 allata
725 1748 802 1789 est,
837 1755 931 1792 qua,
966 1744 1126 1781 Gellium
1150 1745 1402 1783 bibliothecae
1437 1756 1529 1782 suae

76 1800 303 1847 scriptorum
331 1800 562 1837 Graecorum
593 1805 629 1838 et
655 1801 912 1838 Romanorum
941 1801 1159 1847 additurus,
1189 1803 1271 1840 eius
1301 1802 1529 1840 recensendi

75 1857 272 1904 negotium
302 1856 395 1894 mihi
421 1858 564 1894 obtulit.
627 1858 749 1904 Quam
771 1859 1009 1906 prouinciam
1033 1858 1243 1896 detractare
1274 1861 1391 1897 nolui.
1450 1860 1529 1896 Iam

76 1913 190 1961 igitur
233 1914 362 1962 prodit
401 1914 542 1951 Gellius
586 1915 636 1951 ad
675 1916 829 1953 codices
860 1917 1210 1964 praestantissimos
1242 1917 1423 1965 religiose
1464 1928 1528 1953 ex-

80 1981 217 2008 cussos
242 1972 471 2008 instauratus
488 1972 807 2010 —instauratum
837 1974 936 2009 enim
959 1973 1087 2010 dicere
1114 1974 1219 2018 licet,
1251 1985 1337 2010 cum
1364 1975 1527 2022 primum

82 2026 132 2063 ad
161 2027 388 2076 optimarum
416 2030 722 2067 membranarum
750 2030 866 2067 fidem
905 2034 1119 2066 constanter
1151 2034 1340 2067 seruatam
1370 2041 1527 2078 expres-

78 2095 144 2120 sus
174 2085 234 2121 sit.
288 2085 542 2130 Quamobrem
563 2097 610 2123 ne
630 2087 727 2124 haec
751 2087 902 2134 quidem
928 2087 1158 2124 editiuncula
1179 2099 1339 2135 prorsus
1368 2087 1526 2136 indigna

77 2141 163 2178 uisa
183 2145 259 2187 est,
281 2142 342 2179 cui
366 2143 764 2190 splendidissimorum
785 2156 838 2180 ue
852 2148 1065 2180 strorum
1095 2146 1289 2182 nominum
1310 2137 1525 2195 πρόσωπον

77 2192 268 2248 τηλαυγὲς
295 2198 506 2248 affigerem.

190 2255 317 2292 Multis
357 2257 441 2294 aliis
480 2257 527 2294 de
564 2259 691 2295 causis
737 2259 980 2296 excusatione
1021 2270 1105 2295 eam
1152 2270 1286 2306 egere,
1332 2270 1393 2295 me
1438 2260 1521 2306 ipso

79 2310 213 2349 melius
243 2313 341 2350 scire
370 2317 496 2361 potest
525 2325 650 2352 nemo.
699 2316 794 2353 Nam
825 2316 1038 2353 emendatio
1070 2316 1293 2363 aliquotiens
1327 2316 1507 2352 derelicta

1243 2370 1295 2409 a*

967 2443 994 2466 εἴ
