1603 2508
26 0 180 79 ζ
667 22 792 62 vnn.
819 32 878 62 xx.
894 33 966 62 xn.
1447 21 1532 65 245

0 133 6 138 ’
108 147 285 188 remque
300 133 520 186 ambiguis,
538 134 759 186 impetrato
780 134 897 186 prius
916 146 940 175 a
957 135 1216 184 consulibus,
1239 141 1286 177 ut
1302 135 1343 176 in
1357 137 1531 187 Gallum,

112 199 195 234 tam
223 192 404 234 inaniter
423 192 718 243 adrogantem,
750 203 939 243 pugnare
965 204 1062 234 sese
1093 193 1403 245 permitterent,
1435 207 1532 246 pro-

59 249 298 302 greditur
312 249 520 301 intrepide
538 249 819 313 modesteque
837 249 1027 298 obuiam3
1061 256 1102 290 et
1126 250 1458 302 congrediuntur
1490 258 1531 291 et

107 307 346 350 consistunt
361 312 404 347 et
420 307 780 348 conserebantur
771 317 852 346 iam
869 318 1032 348 manus
1078 310 1221 358 Atque
1243 307 1298 348 ibi
1318 307 1384 349 uis
1406 320 1530 359 quae-
1548 310 1568 345 7

108 367 205 406 dam
224 365 366 407 diuina
390 365 456 404 fit.
489 375 645 405 coruus
677 369 852 415 repente
884 364 1128 415 inprouisus
1153 365 1324 406 aduolat
1341 371 1382 406 et
1403 377 1533 417 super

107 425 270 474 galeam
284 421 440 463 tribuni
464 420 618 461 insistit
634 426 760 471 atque
777 421 899 461 inde'
890 433 930 461 1n
949 421 1181 462 aduersarii
1207 434 1255 463 os
1283 428 1408 474 atque
1435 434 1532 463 ocu-

107 483 172 521 los
191 491 379 531 pugnare
398 478 561 530 incipit;
591 478 787 532 insilibat,
806 479 1056 519 obturbabat
1079 485 1120 519 et
1134 480 1345 530 unguibus
1364 491 1532 520 manum

107 537 290 579 laniabat
306 541 347 577 et
363 540 637 588 prospectum
655 536 731 576 alis
749 537 917 576 arcebat
934 542 1073 587 atque,
1097 535 1169 577 ubi
1190 536 1291 577 satis
1310 537 1530 585 saeuierat,

108 595 326 636 reuolabat
347 593 387 633 in
409 594 571 644 galeam
595 593 761 634 tribuni.
825 593 893 634 Sic
930 594 1142 642 tribunus,
1175 599 1395 645 spectante
1420 600 1534 635 utro·
1550 600 1572 636 8

109 663 192 704 que
209 650 410 699 exercitu,
430 655 471 690 et
486 662 562 691 sua
576 650 730 691 uirtute
751 650 874 691 nixus
893 656 933 690 et
952 662 1083 702 opera
1101 651 1207 691 alitis
1221 657 1530 703 propugnatus,

109 711 260 750 ducem
289 707 477 750 hostium
510 707 817 748 ferocissimum
857 708 956 748 uicit
987 708 1281 758 interfecitque
1313 714 1439 759 atque
1477 709 1530 750 ob

106 768 215 807 hanc
257 776 428 806 causam
464 776 700 815 cognomen
737 764 880 805 habuit
918 765 1137 808 Coruinus.
1199 767 1246 806 Id
1282 767 1439 807 factum
1469 772 1572 807 est9

108 822 228 865 annis
247 822 562 874 quadringentis
589 822 773 873 quinque
796 828 895 873 post
914 824 1090 863 Romam
1109 823 1334 863 conditam.

195 880 384 922 Statuam
419 879 598 920 Coruino
634 880 702 921 isti
730 879 852 920 diuus
882 883 1101 931 Augustus
1130 880 1170 920 in
1206 882 1298 921 foro
1331 892 1408 922 suo
1450 885 1591 922 sta-10

107 938 308 980 tuendam
330 936 503 978 curauit.
566 938 611 977 In
644 937 733 978 eius
763 943 926 978 statuae
957 936 1092 988 capite
1122 938 1239 978 corui
1262 938 1531 979 simulacrum

108 1000 192 1045 est,
225 995 286 1036 rei
301 1005 576 1046 pugnaeque,
611 1006 735 1045 quam
754 994 952 1042 diximus,
982 994 1297 1036 monimentum.

771 1108 859 1149 XII.

153 1192 207 1229 De
230 1193 371 1238 uerbis,
404 1201 500 1238 quae
519 1193 559 1227 in
581 1195 778 1238 utramque
799 1197 945 1239 partem
963 1191 1243 1240 significatione
1267 1191 1434 1228 aduersa
1451 1197 1486 1227 et

606 1249 804 1296 reciproca
836 1248 1023 1286 dicuntur.

195 1337 254 1377 vt
274 1334 610 1378 ‘sorniidulosus'
636 1335 716 1376 dici
746 1342 889 1387 potest
914 1343 953 1377 et
977 1335 1045 1387 qui
1069 1336 1265 1377 formidat
1297 1342 1337 1377 et
1359 1337 1430 1388 qui
1452 1338 1532 1378 for·
1552 1345 1569 1378 l

18 1430 22 1438 .
107 1393 305 1442 midatur,
331 1399 379 1434 ut
399 1392 685 1434 ‘inuidiosus'
711 1399 751 1433 et
777 1394 846 1444 qui
868 1394 1028 1434 inuidet
1062 1399 1102 1434 et
1129 1394 1194 1435 cui
1223 1393 1454 1443 inuidetur‚
1487 1402 1531 1435 ut

34 1484 42 1492 ,
108 1450 400 1502 ‘suspitiosus’
421 1456 462 1491 et
480 1450 550 1502 qui
572 1450 812 1501 suspicatur
837 1456 878 1492 et
899 1451 970 1502 qui
993 1457 1219 1502 suspectus
1246 1457 1328 1500 est,
1362 1458 1408 1492 ut
1431 1456 1531 1492 ‘am-

22 1514 27 1522 ‘
106 1508 311 1550 bitiosus’
333 1513 375 1548 et
398 1507 468 1559 qui
485 1507 612 1548 ambit
634 1514 674 1547 et
693 1507 762 1558 qui
780 1509 980 1561 ambitur,
1012 1515 1057 1549 ut
1082 1508 1180 1549 item
1205 1509 1466 1560 ‘gratiosus’
1491 1515 1531 1549 et

109 1565 180 1616 qui
196 1565 365 1605 adhibet
384 1564 540 1616 gratias
563 1570 604 1604 et
627 1565 696 1615 qui
713 1565 910 1614 admittit,
941 1571 987 1606 ut
1004 1566 1293 1607 ‘laboriosus’
1319 1571 1359 1606 et
1382 1567 1452 1617 qui
1476 1568 1530 1606 la-

17 1650 20 1657 ·
106 1623 229 1664 borat
245 1627 286 1662 et
297 1621 367 1672 qui
384 1621 518 1663 labori
537 1627 613 1670 est,
632 1628 677 1662 ut
695 1624 897 1673 pleraque
916 1622 994 1662 alia
1010 1623 1304 1664 huiuscemodi
1321 1623 1361 1662 in
1378 1629 1530 1664 utram-

16 1702 46 1724 a
109 1690 191 1731 que
226 1684 389 1731 partem
419 1679 634 1720 dicuntur:
665 1679 721 1719 ita
745 1679 970 1720 ‘infestus'
1002 1691 1174 1730 quoque
1204 1680 1373 1731 ancipiti
1405 1681 1530 1731 signi-

108 1736 304 1778 ficatione
333 1741 411 1777 est.
473 1737 576 1776 Nam
609 1741 649 1776 et
671 1736 705 1776 is
731 1736 954 1777 ‘infestus’
993 1738 1246 1787 appellatur,
1283 1736 1353 1787 qui
1376 1739 1568 1779 malum-2

107 1794 231 1834 infert
261 1793 460 1844 cuipiam,
488 1799 530 1834 et
562 1799 725 1842 contra,
761 1794 826 1834 cui
854 1793 1021 1834 aliunde
1048 1793 1264 1845 impendet
1288 1795 1460 1843 malurn,
1493 1794 1529 1835 is

109 1862 281 1902 quoque
303 1854 315 1873 ³
326 1850 505 1891 infestus
518 1855 531 1873 ’
550 1851 711 1890 dicitur.

190 1907 276 1953 Sed
310 1907 425 1957 quod
457 1907 571 1959 prius
593 1908 738 1959 posui,
776 1909 964 1958 profecto
1000 1907 1202 1959 exemplis
1227 1919 1312 1949 non
1350 1908 1525 1959 indiget:
1545 1915 1567 1950 3

109 1965 170 2006 sic
191 1965 298 2006 adeo
316 1964 434 2005 multi
456 1966 670 2013 locuntur,
697 1972 741 2005 ut
763 1965 992 2005 ‘infestum’
1013 1965 1150 2005 dicant
1171 1964 1381 2005 inimicum
1402 1971 1529 2016 atque

109 2022 338 2063 aduersum
350 2035 360 2070 ;
405 2022 580 2063 alterum
607 2028 744 2062 autern
781 2023 880 2062 illud
911 2021 1182 2072 ignorabilius
1221 2022 1566 2073 obscuriusque4

110 2083 188 2120 est.
251 2078 350 2130 Quis
375 2078 482 2118 enim
506 2090 527 2119 e
545 2079 682 2120 medio
714 2079 832 2119 facile
860 2078 1028 2127 dixerit,
1062 2079 1292 2120 ‘infestum’
1311 2090 1429 2127 esse,
1461 2079 1528 2120 cui

109 2136 214 2176 alter
235 2134 414 2177 infestus
448 2137 537 2176 est?
575 2136 660 2176 Sed
691 2142 730 2176 et
758 2142 925 2176 ueteres
957 2136 1146 2187 plerique
1179 2137 1235 2177 ita
1269 2137 1463 2177 dixerunt
1487 2143 1528 2177 et

31 2244 33 2246 Ι
109 2192 164 2233 Μ.
185 2192 388 2234 Tullius
409 2191 450 2232 in
474 2193 735 2241 oratione,
758 2205 882 2243 quam
899 2204 990 2243 pro
1012 2195 1088 2234 Cn.
1113 2194 1325 2234 Plancio
1346 2194 1525 2242 scribsit,

42 2292 45 2297 ,
109 2250 319 2291 uocabulo
350 2249 432 2290 hoc
464 2250 525 2290 sic
555 2262 660 2290 usus
694 2256 775 2290 est:
806 2249 1076 2300 Dolebam,
1110 2251 1261 2302 inquit,
1293 2250 1564 2299 iudices,5
