1603 2508
673 49 702 95 Ῑ.
721 68 791 97 xx.
810 69 898 99 xxi.
1451 70 1506 112 65

49 155 241 210 “numeri
256 164 531 213 aequabiliter
549 166 590 207 in
615 180 712 209 sese
735 172 931 222 soluitur,
960 175 1083 217 sicuti
1105 178 1152 219 fit
1178 190 1273 220 curn
1295 185 1359 221 ter
1382 190 1503 224 terna

51 214 65 238 ’-
77 217 288 260 ducuntur
303 224 429 272 atque
445 221 538 272 ipse
555 236 754 268 numerus
768 230 1023 280 terplieatur.

18 271 54 323 i?
162 274 296 317 Huius
324 279 487 320 numeri
512 282 665 323 cubum
689 285 1017 338 Pythagoras
1047 291 1130 333 uim
1159 294 1316 336 habere
1342 297 1533 338 lunarisfi

41 376 45 378 ,
77 331 220 373 circuli
243 333 366 384 dixit,
393 338 509 387 quod
534 344 575 379 et
597 341 695 381 luna
711 343 857 384 orbem
881 357 1004 387 suum
1022 350 1171 391 lustret
1193 358 1357 402 septem
1385 359 1426 394 et
1443 356 1502 395 ui-

18 388 45 417 -'
72 389 176 440 giuti
199 390 347 433 diebus
374 398 415 433 et
440 406 639 438 numerus
664 400 819 449 ternio,
847 403 917 453 qui
947 401 1122 457 ‘madeg'
1150 409 1309 450 Graece
1335 410 1500 461 dicitur,

31 455 38 483 ᾳ
72 449 318 489 tantundem
344 450 500 492 efficiat
522 453 562 493 in
581 455 705 496 cubo.
753 458 929 499 eLinea'
955 468 1094 504 autem
1118 477 1142 504 a
1160 467 1315 507 nostris
1337 468 1500 518 dicitur,
1515 473 1535 509 7

73 515 199 554 quam
224 503 486 560 (γραμμὴν
508 510 655 552 Graeci
678 515 906 557 nominant.
952 520 1054 561 Eam
1079 523 1133 562 M.
1162 524 1326 566 Varro
1353 525 1408 565 ita
1432 527 1536 566 de—8

26 580 29 583 -
70 560 182 601 finit:
207 562 367 604 Linea
399 571 496 615 est,
519 566 669 619 inquit,
696 571 969 623 longitudo
998 581 1251 628 quaedam
1283 582 1395 622 sine
1429 584 1499 623 la—

69 617 298 660 titudine
321 626 370 661 et
387 623 682 667 altitudine.
700 623 1008 686 Εὐκλείδης
1027 641 1166 677 autem
1182 638 1530 689 breuius‚prae-9

35 678 38 679 ’
69 675 266 717 termissa
289 677 525 721 altitudine:
564 683 807 739 γραμμή,
841 688 995 740 inquit,
1037 699 1101 734 est
1131 695 1300 748 μῆκος
1330 691 1498 737 ἁπλα-

115 729 125 743 Ι

34 776 37 777 ,
67 742 172 781 τες,
210 735 326 784 quod
348 737 584 787 exprimere
609 753 694 783 uno
718 743 863 786 Latino
889 749 1020 788 uerbo
1046 762 1129 791 non
1148 763 1300 803 queas,
1327 753 1406 794 nisi
1427 766 1496 794 au-

67 788 170 829 deas
193 790 334 832 dicere
361 797 372 813 ‘
383 793 592 836 inlatabile
605 802 632 838 ³.

728 916 834 956 XXI.

4 1012 21 1022 ,.
65 982 177 1028 Quod
201 985 317 1024 Iulius
344 987 520 1037 Hyginus
547 992 842 1034 affirmatissime
870 1001 1085 1047 contendit,
1118 1004 1261 1051 legisse
1290 1016 1330 1040 se
1357 1006 1490 1042 librum

121 1041 163 1077 P.
181 1042 343 1092 Vergilii
361 1045 630 1095 domesticum,
656 1053 751 1098 [ubi]
773 1056 954 1103 scriptum
973 1064 1096 1094 esset:
1123 1065 1159 1095 et
1178 1072 1245 1096 ora
1261 1062 1381 1097 tristia
1400 1067 1490 1098 tem-

119 1102 293 1146 ptantum
319 1113 438 1139 sensu
465 1107 651 1152 torquebit
687 1120 856 1158 amaror,
894 1125 969 1150 non
1003 1116 1105 1162 quod
1141 1119 1280 1165 uulgus
1319 1119 1487 1166 legeret:

121 1166 238 1193 sensu
264 1161 450 1206 torquebit
473 1172 615 1199 amaro.

11 1282 14 1285 .
145 1245 309 1287 Versus
325 1246 432 1288 istos
461 1261 520 1290 ex
549 1254 828 1303 georgicis
848 1258 1083 1310 Vergilii
1114 1262 1305 1314 plerique
1332 1275 1483 1305 omnes
1502 1276 1519 1309 1

8 1309 25 1356 :js
60 1297 122 1340 sic
151 1301 314 1352 legunt:

76 1391 78 1393 >
113 1370 182 1409 At
213 1381 379 1422 sapor
409 1373 663 1418 indicium
699 1381 859 1422 saciet
892 1386 1214 1428 manifestus
1249 1395 1301 1429 et
1335 1401 1425 1430 ora

20 1423 38 1434 “’
114 1425 314 1468 Tristia
346 1434 699 1484 temptantum
734 1449 896 1480 sensu
926 1445 1208 1494 torquebit
1241 1458 1439 1488 amaro.

14 1510 36 1559 3
57 1491 294 1544 Hyginus
339 1503 500 1549 autem,
543 1513 627 1542 non
659 1504 797 1545 hercle
830 1507 1022 1557 ignobilis
1057 1513 1378 1563 grammaticus,
1432 1516 1519 1573 in2-

0 1555 478 1605 134commentariis‚
512 1570 646 1608 quae
672 1561 720 1601 in
739 1563 1035 1614 Vergilium
1069 1569 1221 1618 fecit,
1260 1571 1483 1613 confirmat
1526 1577 1530 1582 ‘

0 1609 104 1656 μυεῖ,
125 1616 391 1660 perseuerat,
411 1625 494 1654 non
514 1616 594 1656 hoc
612 1629 636 1656 a
652 1619 895 1670 Vergilio
923 1624 1135 1675 relictum,
1157 1628 1234 1667 sed
1255 1630 1370 1678 quod
1386 1630 1478 1680 ipse

16 1660 259 1712 §inuenerit
299 1667 339 1708 in
379 1670 506 1720 libro,
550 1674 620 1724 qui
659 1677 781 1716 fuerit
824 1690 876 1718 ex
918 1681 1044 1722 domo
1081 1687 1206 1733 atque
1240 1696 1292 1724 ex
1326 1686 1479 1726 familia

16 1715 299 1832 {Vel-gilii:

1237 1809 1296 1848 Et
1328 1819 1418 1848 ora

14 1831 66 1914 ξι,
109 1845 304 1888 Tristia
334 1853 687 1902 temptantum
719 1868 883 1898 sensu
916 1861 1194 1910 torquebit
1222 1874 1442 1906 amaror.

17 1914 196 1976 fif-Neque
220 1927 263 1968 id
300 1930 380 1971 soli
409 1932 636 1983 Hygino,
670 1937 747 1976 sed
780 1938 915 1978 doctis
944 1939 1195 1989 quibusdam
1223 1943 1345 1984 etiam
1372 1946 1509 1987 uiris3

26 1976 364 2036 -bomplacitum,
400 1990 596 2039 quoniam
635 1992 803 2034 uidetur
831 1996 1014 2037 absurde
1042 1998 1122 2038 dici
1155 2001 1310 2051 ‘sapor
1342 2014 1473 2044 sensu

39 2047 192 2081 *mnaro
217 2047 426 2094 torquet'.
472 2048 600 2087 ‘Cum
624 2048 755 2100 ipse’,
786 2051 998 2103 inquiunt,
1033 2058 1191 2106 ‘sapor
1217 2068 1370 2100 sensus
1404 2061 1469 2110 sit,

18 2102 138 2135 *n'on
162 2097 286 2140 alium
310 2101 349 2141 in
376 2109 511 2144 semet
534 2104 628 2155 ipso
655 2118 828 2148 sensum
844 2110 995 2150 habeat
1014 2123 1063 2151 ac
1079 2113 1258 2162 proinde
1276 2116 1329 2156 sit
1348 2119 1470 2167 quasi

27 2149 212 2201 ;,dicatur
237 2159 250 2179 ‘
264 2168 417 2200 sensus
437 2172 565 2201 sensu
584 2174 725 2205 amaro
743 2170 913 2217 torquet
928 2171 972 2207 ''.
1029 2168 1114 2209 Sed
1133 2171 1242 2211 enim
1261 2184 1355 2214 cum
1373 2175 1405 2214 F
1419 2185 1503 2215 a-ssk

20 2208 238 2267 {florino
269 2214 470 2267 Hygini
504 2222 847 2263 commentarium
877 2225 1074 2274 legissem
1107 2232 1232 2278 atque
1259 2230 1297 2270 ei
1328 2231 1467 2271 statim

22 2262 258 2361 rdisglicita
286 2278 402 2314 esset
431 2274 653 2316 insolentia
680 2284 721 2318 et
753 2279 983 2322 insuauitas
1017 2283 1125 2324 illius
1156 2297 1316 2382 {cusu
1357 2294 1468 2329 tor-

137 2335 260 2366 nuvs
