1635 2492
633 33 720 74 XII.
743 44 818 73 xit.
829 43 922 73 xm.
1431 31 1486 74 65

71 149 132 191 cis
154 148 424 196 obiiceretur‚
452 146 543 187 risit
574 146 675 187 satis
705 151 831 196 atque
862 145 970 185 inter
999 144 1239 185 ridendum:
1275 139 1487 186 εἀκοινω-

70 201 264 259 νόητοι’,
293 204 440 255 inquit,
471 203 680 245 ‘homines
701 202 817 250 estis,
846 213 940 242 cum
961 201 1176 252 ignoratis,
1200 202 1418 252 prudentis
1446 207 1487 242 et

71 262 182 304 cauti
203 260 510 314 patrisfamilias
528 271 646 308 esse,
680 260 796 310 quod
819 269 959 299 emere
981 259 1099 307 uelit,
1131 264 1368 309 empturum
1388 270 1485 299 sese

71 331 227 371 negare
250 323 424 370 propter
451 316 751 369 competitores
781 315 1046 366 emptionis'.

723 409 830 451 xm.

69 482 170 520 Intra
183 482 378 520 Kalendas
393 493 478 520 cum
500 481 654 526 dicitur,
675 481 766 529 quid
789 480 998 529 significet,
1033 485 1154 516 ulrum
1173 484 1258 516 ante
1275 478 1483 523 Kalendas,

125 551 174 577 an
194 538 401 585 Kalendis,
435 550 484 576 an
513 542 736 585 utrumque3
766 543 877 585 atque
908 538 1024 582 inibi,
1049 537 1140 585 quid
1173 538 1220 573 sit
1248 537 1286 572 in
1315 538 1483 573 oratione

125 597 177 633 M.
195 596 292 633 Tulli
310 596 408 633 intra
424 606 621 640 oceanum,
654 599 690 631 et
706 595 801 631 intra
818 600 983 631 montem
1001 594 1180 637 Taurum,
1210 598 1245 630 et
1260 594 1297 630 in
1321 593 1484 641 quadam

125 654 288 702 epistula
314 654 411 690 intra
429 652 600 689 modum.

155 719 257 759 Cum
273 719 434 760 Romae
458 729 481 757 a
499 717 742 758 consulibus
760 717 886 758 iudex
904 722 1022 756 extra
1041 716 1230 757 ordinem
1250 717 1372 756 datus
1390 727 1485 766 pro·
1507 724 1522 756 ι

70 775 261 817 nuntiare
283 774 408 815 <intra
428 775 657 815 Kalendas’
681 775 822 814 iussus
839 785 991 822 essem,
1019 774 1105 815 Sul
1117 774 1306 824 picium
1327 776 1365 814 A
1377 786 1402 824 p
1416 775 1486 814 ol-

70 833 282 873 linarem
295 864 304 880 ‚
328 832 497 872 doctum
515 831 737 879 hominem,
760 836 1029 881 percontatus
1048 842 1153 879 sum,
1172 842 1223 871 an
1241 831 1303 870 his
1321 830 1483 870 uerbis:

70 889 196 930 ‘intra
209 889 441 929 Kalendas'
464 888 582 939 ipsae
603 899 773 938 quoque
792 888 1005 928 Kalendae
1029 893 1292 936 tenerentur,
1315 888 1485 938 dixique

70 946 120 996 ei,
141 945 341 986 uidelicet
358 946 500 986 datum
519 945 818 995 Kalendasque
843 945 939 984 mihi
956 945 1184 995 prodictas‚
1206 951 1250 984 ut
1265 945 1373 985 intra
1390 956 1484 985 eum

70 1003 181 1043 diem
202 1002 532 1054 pronuntiarem.
594 1003 738 1049 ‘Cur’‚
769 1001 919 1052 inquit,
952 1003 1056 1042 thoc
1089 1013 1154 1042 me
1181 1002 1322 1052 potius
1344 1014 1484 1052 rogas,
1503 1003 1524 1036 '2

72 1071 197 1110 quam
228 1070 282 1099 ex
310 1059 402 1099 istis
433 1059 614 1109 aliquem
638 1058 782 1108 peritis
815 1058 1103 1109 studiosisque
1125 1059 1226 1099 iuris
1243 1091 1252 1107 ‚
1283 1071 1391 1109 quos
1416 1060 1485 1098 ad-

69 1117 214 1156 hibere
253 1116 295 1156 in
328 1115 548 1156 consilium
583 1115 802 1155 iudicaturi
838 1116 1037 1156 soletis?’
1092 1116 1196 1155 Tum
1227 1115 1283 1155 illi
1315 1127 1393 1166 ego
1430 1116 1486 1155 ita

70 1171 293 1223 respondi:
319 1171 382 1212 ‘Si
407 1177 477 1212 aut
494 1172 547 1211 de
575 1174 750 1219 uetere',
773 1172 954 1223 inquam,
990 1172 1095 1213 ‘iure
1124 1178 1195 1213 aut
1216 1178 1387 1223 recepto
1418 1172 1524 1212 aut3

71 1233 350 1270 controuerso
384 1234 426 1268 et
448 1228 642 1278 ambiguo
668 1234 739 1268 aut
767 1240 880 1269 nouo
911 1235 952 1269 et
975 1228 1202 1270 constituto
1237 1229 1485 1270 discendum

71 1290 198 1334 esset,
226 1285 356 1326 issem
378 1286 502 1336 plane
523 1284 779 1326 sciscitatum
797 1286 850 1325 ad
871 1285 990 1334 istos,
1015 1298 1122 1335 quos
1140 1285 1268 1334 dicis;
1298 1286 1375 1327 sed
1393 1297 1486 1326 cum
1502 1288 1524 1321 4

71 1342 298 1383 uerborum
320 1342 561 1384 Latinorum
584 1342 812 1390 sententia,
846 1354 970 1391 usus,
1002 1343 1106 1383 ratio
1136 1343 1397 1393 exploranda
1419 1343 1483 1389 sit,

70 1410 251 1440 scaeuus
282 1399 474 1450 profecto
500 1404 542 1440 et
572 1410 724 1439 caecus
750 1399 873 1439 animi
895 1401 1047 1448 sorem,
1075 1400 1130 1448 si,
1166 1411 1258 1440 cum
1286 1400 1485 1440 haberem

71 1456 128 1497 tui
144 1455 321 1507 copiam,
340 1455 470 1496 issem
490 1456 622 1506 magis
640 1457 693 1496 ad
710 1456 833 1496 alium
856 1468 979 1507 quam
1003 1458 1056 1496 ad
1079 1460 1149 1497 te’.
1182 1457 1311 1497 ‘Audi
1330 1457 1484 1507 igitur,
1505 1458 1525 1492 5

69 1512 214 1563 inquit,
232 1513 304 1552 ‘de
319 1512 481 1554 ratione
496 1513 614 1554 uerbi
634 1513 733 1563 quid
751 1513 995 1561 existimem,
1022 1514 1098 1554 sed
1115 1525 1165 1554 eo
1188 1520 1326 1554 tamen
1343 1520 1482 1565 pacto⁷

69 1574 114 1610 ut
131 1569 174 1609 id
194 1568 336 1617 facias,
368 1581 454 1611 non
472 1570 587 1620 quod
613 1581 693 1620 ego
721 1571 774 1610 de
797 1571 1053 1621 proprietate
1083 1571 1203 1611 uocis
1227 1571 1482 1614 disseruero,

71 1627 148 1666 sed
180 1625 296 1677 quod
326 1625 367 1666 in
396 1637 447 1667 ea
473 1638 520 1666 re
552 1626 735 1667 omnium
757 1627 991 1677 pluriumue
1025 1638 1237 1667 consensu
1266 1627 1484 1668 obseruari

3 1694 23 1743 ι·
70 1682 343 1733 cognoueris;
372 1695 458 1724 non
489 1683 598 1723 enim
619 1684 844 1723 uerborum
866 1690 1024 1724 tantum
1056 1683 1336 1723 communium
1358 1694 1483 1724 uerae

38 1763 40 1765 >
70 1746 196 1791 atque
224 1740 422 1792 propriae
454 1740 782 1792 significationes
812 1741 1001 1791 longiore
1034 1752 1113 1781 usu
1141 1746 1369 1788 mutantur,
1408 1741 1484 1780 sed

72 1798 209 1848 legum
226 1808 398 1848 quoque
419 1797 606 1850 ipsarum
626 1798 743 1838 iussa
765 1809 976 1838 consensu
997 1796 1123 1838 tacito
1144 1797 1455 1838 obliterantur'.

155 1855 259 1894 Tum
280 1854 431 1895 deinde
454 1855 664 1902 disseruit,
688 1865 754 1894 me
779 1860 819 1894 et
848 1854 1064 1904 plerisque
1098 1854 1186 1894 aliis
1204 1854 1483 1901 audientibus,
1502 1857 1523 1892 6

70 1913 110 1952 in
132 1911 244 1952 hunc
264 1912 395 1952 ferme
411 1913 604 1952 modum:
629 1912 747 1952 ‘Cum
765 1910 885 1959 dies',
908 1911 1053 1962 inquit,
1081 1911 1154 1951 eita
1169 1912 1390 1962 praefinita
1407 1919 1483 1957 est,

70 1973 118 2009 ut
143 1967 273 2009 iudex
303 1967 436 2008 ‘intra
456 1969 695 2009 Kalendas'
726 1967 988 2019 pronuntiet,
1020 1969 1242 2018 occupauit
1271 1969 1350 2008 iam
1381 1968 1483 2007 haec

73 2035 221 2066 omnes
253 2023 395 2075 opinio
411 2057 420 2074 ,
454 2037 539 2066 non
563 2036 661 2066 esse
682 2025 878 2078 dubium,
902 2025 1000 2076 quin
1032 2032 1128 2066 ante
1151 2027 1363 2066 Kalendas
1396 2025 1484 2066 iure

72 2080 383 2132 pronuntietur,
417 2088 458 2122 et
479 2082 521 2122 id
551 2087 706 2122 tantum
740 2082 892 2133 ambigi
918 2083 1061 2132 uideo,
1089 2084 1204 2133 quod
1234 2089 1279 2124 tu
1304 2083 1483 2133 quaeris,

20 2188 23 2190 ‚
73 2148 127 2178 an
141 2137 342 2178 Kalendis
361 2150 532 2189 quoque
549 2139 637 2179 iure
658 2139 964 2190 pronuntietui.
989 2141 1000 2178 l
1006 2151 1129 2191 psum
1155 2146 1294 2180 autem
1312 2140 1485 2180 uerbum
1503 2145 1523 2180 'l

13 2245 24 2273 ἓ

14 2296 42 2322 ςΙ

16 2323 45 2358 f

73 2193 135 2234 sic
150 2195 300 2244 procul
317 2194 444 2236 dubio
463 2201 604 2236 natum
621 2201 686 2236 est
708 2201 833 2246 atque
848 2196 904 2236 ita
920 2207 1017 2236 sese
1037 2197 1176 2249 habet,
1198 2202 1255 2245 ut,
1279 2208 1371 2236 cum
1389 2196 1483 2236 dici-

26 2287 31 2292 .
74 2254 142 2290 tur
155 2249 281 2291 ‘intra
293 2251 536 2301 Kalendas’,
558 2264 641 2292 non
659 2252 762 2292 alius
781 2252 912 2303 accipi
933 2252 1021 2293 dies
1039 2254 1202 2301 debeat,
1226 2265 1350 2303 quam
1367 2254 1484 2294 solae

133 2307 377 2347 Gezmvs.11.
1235 2310 1261 2349 5
