1635 2492
663 27 787 67 Xllll.
813 38 840 66 1.
1378 28 1456 70 107

43 151 148 193 que,
179 139 276 180 hinc
305 139 504 180 uidelicet
532 138 611 180 sibi
640 145 930 190 argumentum
959 140 1012 180 ad
1044 141 1310 182 suadendum
1339 153 1459 193 para-

0 204 13 226 s
41 197 180 245 uisse,
211 201 259 238 ut
278 197 547 238 crederemus
561 230 570 246 ,
602 196 741 237 omnia
755 207 894 237 rerum
911 198 1186 238 humanarum
1209 203 1251 238 et
1266 210 1401 249 parua
1420 205 1460 239 et

6 259 15 276 ³
41 253 244 301 maxima,
271 258 484 304 tamquam
517 254 647 294 stellis
678 259 804 304 atque
836 254 1048 295 sideribus
1082 255 1266 303 euincta,
1301 256 1398 296 duci
1420 262 1461 296 et

0 355 18 369 ι,
40 310 144 361 regi.
205 311 315 351 Esse
344 315 482 351 autem
511 311 631 352 nimis
664 322 788 361 quam
818 311 1004 361 ineptum
1033 313 1371 366 absurdumque,
1402 318 1459 360 ut,
1478 319 1502 355 4

4 370 12 393 ἕ
42 366 242 418 quoniam
258 373 402 408 aestus
421 368 568 408 oceani
593 380 687 409 cum
705 369 826 408 lunae
853 369 1061 410 curriculo
1087 369 1300 419 congruit,
1334 381 1461 420 nego-

0 430 10 442 '·
40 425 141 466 tium
160 436 331 476 quoque
357 424 556 477 alicuius,
589 426 703 476 quod
723 425 760 465 ei
788 427 895 466 sorte
918 427 970 466 de
992 437 1127 476 aquae
1151 427 1279 466 ductu
1297 438 1390 467 cum
1413 427 1461 466 ri-

0 483 3 525 ?
39 481 204 523 ualibus
223 486 294 522 aut
310 482 363 522 de
381 483 591 523 communi
607 481 766 534 pariete
784 494 878 523 cum
896 482 1034 523 uicino
1053 484 1165 534 apud
1188 483 1367 523 iudicem
1385 489 1460 524 est.

40 543 88 581 ut
103 538 408 592 existimemus,
436 539 479 579 id
504 540 719 590 negotium
741 540 865 589 quasi
882 541 1044 580 habena
1069 541 1251 591 quadam
1268 542 1320 580 de
1345 542 1461 580 caelo

39 596 230 636 uinctum
255 596 494 646 gubernari.
556 598 677 647 Quod
701 596 779 637 etsi
803 598 845 637 ui
864 603 904 637 et
930 597 1091 638 ratione
1111 609 1194 648 qua
1212 597 1352 638 diuina
1374 597 1463 637 fieri
1479 601 1499 634 ὁ

40 657 196 705 potest,
230 664 498 704 nequaquam
524 652 567 693 id
598 659 736 694 tamen
761 655 962 695 censebat
986 655 1026 695 in
1046 660 1130 694 tam
1152 654 1271 695 breui
1290 655 1461 705 exiguo-

42 721 124 761 que
162 709 275 751 uitae
315 710 453 761 spatio
492 711 716 761 quantouis
762 711 941 752 hominis
972 712 1139 762 ingenio
1175 710 1462 763 conprehendi

40 778 172 818 posse
195 772 237 807 et
268 767 440 818 percipi,
473 769 550 808 sed
586 768 814 809 coniectari
843 780 979 820 pauca
1005 770 1224 819 quaedam,
1253 774 1298 809 ut
1330 769 1462 810 uerbo

39 824 175 876 ipsius
209 829 322 872 utar,
352 822 796 877 (παχυμερέστερονζ
829 828 943 866 nullo
972 827 1172 866 scientiae
1205 827 1334 866 fundo
1367 837 1464 866 con-

42 886 182 932 cepto,
214 881 292 921 sed
311 881 406 922 susa
436 887 603 932 etuaga
625 888 666 922 et
682 882 922 934 arbitraria,
953 884 1086 933 qualis
1114 883 1344 933 longinqua
1367 894 1463 923 ocu-

40 939 176 978 lorum
198 937 310 978 acies
339 944 404 979 est
426 951 502 989 per
522 939 739 996 ipterualla
761 940 897 980 media
920 941 1205 991 caligantium;
1229 940 1318 980 tolli
1340 939 1462 983 enim.
1481 945 1502 981 6

42 995 157 1045 quod
183 995 362 1035 maxime
392 995 500 1036 inter
523 997 628 1036 deos
652 1002 777 1047 atque
809 997 1000 1038 homines
1022 998 1183 1047 differt,
1211 997 1246 1037 si
1271 996 1464 1037 homines

42 1063 213 1102 quoque
229 1063 298 1092 res
316 1053 452 1093 omnis
473 1058 573 1104 post
594 1055 754 1094 suturas
776 1061 1119 1104 praenoscerent.
1153 1056 1290 1104 Ipsam
1313 1053 1465 1093 deinde
1485 1058 1504 1092 7

10 1126 19 1132 ν
41 1108 227 1149 siderum
250 1110 548 1160 stellarumque
582 1110 945 1158 obseruationem,
986 1123 1110 1161 quam
1137 1122 1235 1150 esse
1262 1110 1464 1160 originem

3 1182 7 1190 ·
42 1165 244 1206 scientiae
273 1177 378 1206 suae
407 1166 720 1217 praedicarent,
761 1168 1073 1218 hautquaquam
1105 1167 1279 1218 putabat
1309 1167 1463 1217 liquide

41 1221 290 1263 consistere.
352 1224 478 1262 ‘Nam
508 1224 544 1263 si
571 1224 781 1274 principes
806 1225 1024 1271 Chaldaei,
1056 1224 1126 1275 qui
1151 1224 1190 1263 in
1223 1223 1463 1275 patentibus
1482 1229 1504 1265 8

42 1279 200 1330 eampis
226 1279 440 1327 colebant,
472 1282 686 1320 stellarum
713 1286 850 1321 motus
874 1287 914 1320 ct
936 1282 1026 1321 uias
1053 1287 1093 1320 et
1115 1280 1403 1321 discessiones
1426 1285 1466 1319 et
1521 1302 1527 1316 .

42 1340 190 1377 coetus
232 1335 466 1383 intuentes,
502 1336 602 1386 quid
634 1349 686 1377 ex
717 1337 780 1377 his
813 1338 1072 1383 efficeretur,
1110 1338 1464 1378 obseruauerunt.

41 1392 277 1443 procedat’‚
308 1392 459 1443 inquit,
500 1394 628 1434 ‘haec
656 1406 758 1434 sane
783 1393 1023 1444 disciplina,
1056 1400 1121 1434 set
1151 1394 1230 1434 sub
1265 1404 1314 1433 ea
1337 1393 1463 1433 modo

4 1491 6 1493 ,
40 1448 310 1490 inclinatione
331 1450 455 1497 caeli,
488 1451 566 1490 sub
595 1462 677 1501 qua
698 1457 796 1490 tunc
821 1451 1016 1490 Chaldaei
1034 1452 1225 1497 suerunt3
1253 1461 1338 1490 non
1356 1449 1465 1490 enim

11 1552 13 1554 ,
41 1508 214 1557 potest’,
239 1505 392 1556 inquit,
425 1507 546 1547 ‘ratio
567 1508 869 1548 Chaldaeorum
894 1507 1206 1548 obseruationis
1223 1518 1406 1549 manere,
1432 1505 1466 1544 si

41 1561 137 1614 quis
161 1573 212 1602 ea
233 1562 292 1603 uti
307 1562 409 1603 uelit
425 1564 503 1603 sub
521 1563 700 1603 diuersis
720 1564 823 1604 caeli
845 1565 1100 1614 regionibus.
1150 1566 1252 1604 Nam
1277 1565 1466 1613 quanta’,

41 1618 197 1672 inquit,
229 1622 241 1642 ‘
254 1619 433 1670 partium
457 1620 792 1670 circulorumque
819 1622 920 1660 caeli
939 1633 990 1661 ex
1016 1619 1289 1670 deuergentia
1306 1624 1348 1658 et
1370 1630 1467 1659 con·

13 1722 15 1726 Α
43 1675 296 1717 nexionibus
314 1677 459 1716 mundi
478 1676 658 1716 uarietas
680 1677 754 1724 sit,
786 1677 878 1726 quis
911 1689 994 1717 non
1020 1677 1162 1716 uidet?
1194 1676 1380 1715 Eaedem
1397 1674 1467 1724 igi·
1484 1682 1505 1717 9

8 1732 18 1760 <⁷-
41 1737 109 1774 tur
131 1735 298 1781 stellae,
332 1745 408 1784 per
431 1745 537 1783 quas
559 1733 698 1773 onmia
718 1733 858 1772 diuina
883 1735 1149 1782 humanaque
1175 1732 1266 1771 fieri
1298 1737 1468 1771 conten-

13 1787 19 1828 .’
42 1790 146 1830 dunt
160 1822 169 1837 ,
198 1789 322 1830 sicuti
338 1801 422 1830 non
440 1801 747 1840 usquequaque
767 1790 937 1840 pruinas
956 1794 1027 1829 aut
1048 1790 1213 1829 calores
1237 1788 1359 1835 cient,
1391 1787 1468 1827 sed

10 1843 18 1887 f
42 1851 204 1887 mutant
225 1851 267 1886 et
296 1846 460 1887 uariant
490 1851 850 1897 tempestatesque
885 1847 1036 1886 eodem
1067 1845 1107 1884 in
1139 1850 1334 1895 tempore
1372 1842 1468 1884 alibi

8 1918 11 1922 ·
43 1903 244 1954 placidas,
273 1903 371 1943 alibi
382 1902 590 1944 uiolentas
617 1908 809 1949 mouent,
843 1914 1016 1942 curnon
1036 1907 1190 1942 euenta
1214 1912 1386 1951 quoque
1406 1911 1467 1940 re·

43 1971 134 2000 rum
155 1971 204 2000 ac
219 1960 485 2010 negotiorum
499 1960 578 2000 alia
593 1960 779 2000 efficiunt
793 1959 832 1999 in
852 1959 1083 2006 Chaldaeis,
1103 1958 1181 1997 alia
1206 1957 1247 1997 in
1268 1957 1465 2003 Gaetulis,

0 2020 18 2063 li
43 2016 123 2057 alia
142 2022 244 2068 aput
263 2016 517 2069 Danubium,
541 2018 622 2058 alia
639 2022 738 2067 aput
755 2016 915 2057 Nilum?
944 2016 1023 2055 Per
1040 2020 1217 2063 (autem)
1235 2014 1377 2061 enim’,
1411 2014 1525 2053 ἰπὶ-10

10 2111 12 2118 .
45 2073 154 2123 quit,
187 2073 550 2124 ‘inconsequens,
581 2074 718 2125 ipsum
740 2073 905 2123 quidem
933 2084 1090 2122 corpus
1116 2078 1156 2111 et
1179 2071 1362 2110 habitum
1381 2076 1464 2110 tam

25 2130 243 2182 ‚profundi
259 2131 367 2171 aeris
398 2131 477 2171 sub
498 2131 578 2171 alio
603 2135 728 2180 atque
753 2130 831 2170 alio
861 2129 963 2169 caeli
990 2128 1232 2169 curuamine
1260 2139 1344 2168 non
1367 2139 1447 2167 eun

48 2186 143 2226 dem
159 2198 340 2235 manere,
367 2187 410 2228 in
432 2188 647 2228 hominum
664 2192 802 2227 autem
826 2186 1002 2235 negotiis
1022 2187 1165 2226 stellas
1185 2185 1287 2225 istas
1305 2182 1468 2235 opinari

48 2242 158 2283 idem
191 2255 360 2294 semper
389 2245 636 2290 ostendere,
671 2243 862 2292 sci[licct]
887 2254 958 2282 eas
992 2243 1028 2282 si
1055 2253 1318 2292 quacumque
1356 2246 1468 2280 terra
