1635 2492
606 30 715 70 XVI.
732 40 854 69 xv111.
875 40 1013 69 xvim.
1434 27 1516 71 167

94 144 299 187 diocrium
321 144 513 186 iunctura
543 149 585 183 et
607 144 758 184 modus
788 154 1027 194 congruens
1053 154 1147 182 cum
1176 141 1394 193 principiis
1418 153 1518 193 geo-

94 202 268 242 metriae
293 201 456 242 aurium
488 212 687 241 mensura
716 200 991 240 examinatur.
1055 199 1162 239 Sed
1191 200 1345 247 haec,
1384 200 1557 250 inquitfi

93 260 357 307 M.Varro,
390 257 709 299 automnino
732 270 832 298 non
857 257 1115 297 discimus
1146 261 1233 296 aut
1257 256 1406 306 prius
1431 257 1517 296 de-

93 315 363 369 sistimus,
395 315 960 367 quamintellegamus,
995 324 1087 353 cur
1108 313 1371 352 discenda
1396 314 1517 354 sint.

93 374 361 424 Voluptas
392 378 583 420 autem,
614 371 759 422 inquit,
789 372 872 411 uel
903 370 1118 410 utilitas
1148 370 1332 409 talium
1354 370 1519 411 disci-

92 430 360 480 plinarum
405 429 454 469 in
506 428 935 480 postprincipiis
984 427 1193 474 existit,
1251 437 1357 466 cum
1401 439 1520 478 per-

92 488 270 527 fectae
316 486 709 536 absolutaeque
754 491 903 534 sunt;
955 485 1003 524 in
1046 483 1335 535 principiis
1390 496 1518 524 uero

91 543 225 594 ipsis
256 543 474 594 ineptae
504 548 555 583 et
578 542 837 583 insuaues
870 542 1130 582 uidentur.

723 656 887 697 XVIIII.

177 739 337 788 Sumpta
363 739 524 776 historia
550 750 597 775 ex
622 739 805 775 Herodoti
832 740 925 775 libro
948 749 1063 787 super
1088 738 1242 776 fidicine
1272 739 1430 776 Arione.

208 827 343 869 Celeri
358 828 586 867 admodum
604 833 645 867 et
663 827 828 869 cohibili
846 827 1035 868 oratione
1051 839 1294 878 uocumque
1310 827 1380 868 filo
1398 827 1520 867 tereti
1540 838 1559 871 1

91 890 135 926 et
156 884 336 926 candido
361 885 542 925 fabulam
571 884 740 934 scripsit
766 885 1072 924 Herodotus
1105 896 1234 935 super
1260 884 1427 924 fidicine
1447 884 1516 924 illo

90 943 266 984 Arione.
329 943 514 990 ‘Vetus’,
547 942 704 994 inquit,
737 946 796 982 eet
821 941 971 982 nobilis
992 942 1126 982 Arion
1151 947 1343 982 cantator
1359 941 1512 981 fidibus
1533 945 1555 978 2

91 999 179 1040 fuit.
241 1001 281 1040 Is
311 1001 407 1040 loco
438 1004 479 1039 et
510 999 667 1050 oppido
698 1000 1041 1050 Methymnaeus,
1083 1005 1196 1039 terra
1224 1004 1350 1049 atque
1381 998 1559 1038 insulas

92 1056 206 1097 omni
235 1056 414 1097 Lesbius
446 1056 533 1096 suit.
594 1058 700 1096 Eum
731 1057 931 1096 Arionem
967 1067 1042 1095 rex
1077 1055 1263 1096 Corinthi
1289 1055 1559 1096 Periander4

93 1113 271 1154 amicum
292 1119 561 1163 amatumque
578 1113 722 1153 habuit
744 1114 844 1153 artis
868 1113 1013 1163 gratia,
1077 1114 1116 1152 Is
1133 1112 1231 1152 inde
1253 1123 1277 1151 a
1301 1123 1402 1162 rege
1420 1123 1518 1163 pro·
1537 1118 1559 1151 5

92 1170 309 1218 ficiscitur,
334 1175 470 1210 terras
492 1170 671 1210 inclutas
698 1170 878 1210 Siciliam
897 1176 1022 1220 atque
1039 1169 1196 1209 Italiam
1216 1169 1370 1210 uisere.
1433 1168 1516 1208 Vbi
1535 1172 1558 1208 6

92 1239 144 1268 eo
166 1226 284 1268 uenit
299 1238 512 1278 auresque
533 1228 718 1267 omnium
733 1232 981 1277 mentesque
999 1226 1038 1266 in
1060 1226 1280 1276 utriusque
1297 1231 1435 1267 terrae
1451 1238 1518 1266 ur-

93 1283 214 1324 bibus
236 1284 453 1331 demulsit,
475 1284 516 1323 in
535 1284 779 1335 quaestibus
797 1284 891 1324 istic
909 1290 950 1323 et
975 1284 1263 1334 uoluptatibus
1285 1283 1518 1323 amoribus-

92 1352 176 1392 que
194 1341 411 1381 hominum
433 1341 521 1381 suit.
564 1341 680 1381 Istim
703 1346 874 1392 postea,
903 1340 1050 1390 grandi
1078 1341 1258 1390 pecunia
1274 1346 1316 1380 et
1337 1351 1383 1380 re
1404 1341 1519 1380 bona
1538 1350 1558 1386 7

91 1399 222 1438 multa
243 1397 468 1449 copiosus,
503 1398 744 1439 Corinthum
770 1398 947 1438 instituit
974 1398 1133 1445 redire,
1163 1408 1314 1437 nauem
1334 1396 1460 1447 igitur
1479 1403 1519 1437 et
1536 1409 1559 1445 8

91 1454 278 1502 namtas,
310 1459 356 1494 ut
379 1454 568 1495 notiores
590 1455 897 1505 amicioresque
929 1455 1028 1502 sibi,
1064 1454 1302 1494 Corinthios
1326 1453 1517 1504 delegit'.

92 1511 179 1552 Sed
195 1522 246 1551 eo
259 1510 494 1551 Corinthios
510 1512 679 1552 homine
697 1517 872 1562 accepto
892 1511 1074 1561 nauique
1091 1511 1130 1550 in
1150 1513 1276 1551 altum
1298 1516 1518 1561 prouecta,
1539 1520 1561 1555 9

92 1567 278 1618 praedae
293 1567 584 1618 pecuniaeque
603 1568 795 1618 cupidos,
827 1568 994 1618 cepisse
1013 1568 1233 1608 consilium
1253 1568 1305 1607 de
1322 1568 1516 1607 necando

91 1623 266 1664 Arione.
329 1624 433 1663 Tum
456 1623 571 1664 illum
591 1624 660 1672 ibi,
691 1624 875 1674 pernicie
896 1625 1119 1671 intellecta,
1156 1623 1380 1674 pecuniam
1406 1629 1515 1663 cete·
1536 1635 1580 1669 10

92 1691 227 1731 raque
244 1692 341 1728 sua,
369 1685 416 1720 ut
431 1680 647 1729 haberent,
680 1682 872 1728 dedisse,
905 1681 1032 1721 uitam
1060 1681 1186 1721 modo
1207 1680 1285 1720 sibi
1309 1686 1355 1720 ut
1370 1691 1518 1731 parce-

91 1742 206 1786 rent,
240 1737 446 1778 orauisse.
507 1738 676 1778 Nauitas
699 1749 871 1789 precum
895 1738 984 1778 eius
1007 1738 1154 1777 harum
1187 1737 1517 1777 commiseritum
1533 1748 1574 1782 11

93 1805 192 1835 esse
214 1793 455 1842 illactenus,
486 1800 532 1835 ut
563 1795 601 1834 ei
624 1806 770 1835 necem
800 1795 964 1835 adferre
998 1806 1073 1844 per
1093 1794 1177 1834 uim
1210 1794 1297 1835 suis
1322 1794 1516 1834 manibus

93 1856 394 1902 temperarent,
424 1852 503 1892 sed
522 1851 822 1902 imperauisse,
851 1857 896 1892 ut
912 1852 993 1891 iam
1010 1851 1148 1891 statim
1167 1863 1311 1892 coram
1330 1851 1517 1891 desiliret

92 1918 300 1959 praeceps
325 1908 367 1948 in
385 1919 512 1949 mare.
576 1911 762 1957 <Homo’,
794 1908 944 1959 inquit,
978 1908 1061 1948 ‘ibi
1087 1908 1269 1960 territus,
1300 1920 1377 1959 spe
1401 1908 1515 1948 omni
1530 1913 1574 1948 12

92 1963 205 2006 uitae
226 1965 403 2016 perdita,
435 1966 478 2006 id
496 1978 625 2007 unum
642 1971 794 2017 postea
812 1966 958 2012 orauit,
977 1970 1035 2013 ut,
1067 1965 1314 2016 priusquam
1336 1970 1516 2006 mortem

93 2021 327 2072 obpeteret,
353 2022 528 2063 induere
550 2023 839 2074 permitterent
854 2033 932 2062 sua
949 2021 1028 2062 sibi
1046 2023 1186 2062 omnia
1207 2023 1452 2062 indumenta
1474 2027 1516 2062 et

93 2078 201 2118 fides
232 2089 384 2130 capere
420 2085 463 2120 et
497 2091 647 2120 canere
673 2091 839 2120 carmen
864 2091 988 2120 casus
1014 2078 1123 2120 illius
1148 2079 1213 2120 sui
1239 2078 1514 2120 consolabile.

93 2134 226 2176 Feros
248 2140 291 2175 et
313 2136 502 2177 inmanes
527 2136 691 2178 nauitas
723 2136 959 2189 prolubium
989 2141 1130 2176 tamen
1160 2135 1355 2177 audiendi
1378 2135 1513 2183 subit;
1530 2141 1574 2178 13

95 2192 211 2242 quod
228 2198 443 2241 orauerat,
474 2193 683 2245 impetrat.
744 2196 886 2244 Atque
904 2193 959 2233 ibi
991 2205 1090 2234 mox
1116 2194 1168 2233 de
1190 2203 1308 2232 more
1337 2192 1576 2240 cinctus,14

94 2247 283 2298 amictus,
316 2255 489 2291 ornatus
508 2256 711 2301 stansque
736 2251 777 2290 in
804 2261 990 2291 summae
1013 2249 1167 2301 puppis
1191 2251 1297 2296 soro,
1332 2261 1512 2296 carmen,
