1619 2476
120 80 148 120 4
672 84 959 120 PRAEFATIO.

123 192 331 232 scaeuitas
351 197 390 231 et
406 192 633 231 inuidentia
649 192 868 242 irritatior,
900 194 1122 233 mutuabor
1146 204 1198 232 ex
1213 194 1250 232 A
1262 193 1332 233 ris
1343 197 1393 233 to
1405 206 1430 244 p
1441 194 1468 233 h
1479 205 1525 232 a-

121 260 212 287 nae
244 249 371 288 choro
401 254 628 298 anapaesta
646 261 780 299 pauca
800 254 840 288 et
864 261 986 299 quam
1003 249 1070 289 ille
1088 249 1212 289 homo
1232 248 1525 289 festiuissimus

121 305 283 344 fabulae
303 316 403 344 suae
421 306 676 354 spectandae
694 307 825 355 legem
845 306 970 353 dedit,
983 306 1158 345 eandem
1176 316 1254 355 ego
1275 311 1525 346 commenta-

119 360 190 399 riis
208 361 270 400 his
288 361 475 410 legendis
496 362 618 409 dabo,
637 367 681 401 ut
698 374 747 401 ea
764 374 815 401 ne
834 361 1006 411 attingat
1029 373 1136 402 neue
1154 361 1277 401 adeat
1292 362 1527 412 profestum

62 426 105 460 21
125 421 165 455 et
181 418 401 467 profanum
418 419 589 467 uulgus,
624 430 647 457 a
664 419 761 458 ludo
781 418 939 458 musico
960 418 1185 458 diuersum.
1232 419 1396 458 Versus
1420 417 1524 467 legis

123 473 243 513 datae
261 473 301 513 hi
318 479 432 513 sunt:

177 545 463 602 Εὐφημεῖν
505 546 600 604 χρὴ
639 546 998 600 κάξίστασθαι
1047 556 1161 600 τοῖς
1205 545 1525 604 ἡμετέροισι

824 614 1078 672 χοροῖσιν

166 659 344 711 Ὀστις
391 658 619 717 ἄπειρος
661 664 917 705 τοιῶνδε
937 661 1114 716 λόγων
1159 657 1186 716 ἢ
1230 658 1414 716 γνώμῃ
1461 658 1527 714 μὴ

823 717 1130 785 καθαρεύει

166 768 231 816 Ἢ
262 778 534 828 γενναίων
573 772 731 829 ὄργια
770 778 1014 818 Μουσῶν
1051 771 1168 829 μήτ’
1213 770 1363 816 εἶδεν
1405 767 1523 827 μήτ’

825 831 1139 902 ἐχόρευσεν,
1172 837 1186 882 [
1204 861 1330 872 .....
1348 836 1362 880 ]

181 885 411 937 Τούτοις
449 884 616 942 aziaco,
670 881 869 938 καῦθις
907 886 1158 941 ἀπαυδῶ,
1213 878 1416 935 καῦθις
1465 880 1525 926 τὸ

162 963 166 967 ·
824 947 1010 999 τρίτον
1043 942 1159 1012 μάλ’
1194 939 1422 985 απαυδῶ

173 996 517 1050 ΜΕξιστασθαι
551 1000 865 1055 [μύσ]ταισι
896 1007 1101 1055 χοροις,
1133 997 1288 1067 ὑμεῖς
1317 993 1362 1040 δ’
1401 993 1529 1039 ἀνευ-

815 1060 1040 1125 γείρετε
1070 1053 1283 1111 μολπήν

177 1111 280 1154 Καὶ
313 1114 652 1166 παννυχίδας
682 1111 772 1164 τὰς
804 1111 1096 1182 ἡμετέρας,
1145 1114 1207 1154 αἳ
1234 1112 1359 1168 τῇδε
1390 1108 1529 1163 πρέ-

827 1181 1029 1212 πουσιν
1060 1168 1230 1226 ἑορτῇ.

63 1275 109 1309 22
196 1265 418 1305 Volumina
436 1266 824 1305 commentariorum
843 1267 895 1305 ad
913 1267 1021 1305 hunc
1041 1265 1149 1304 diem
1165 1264 1309 1314 uiginti
1325 1265 1404 1305 iam
1422 1266 1530 1308 facta

64 1332 109 1367 23
128 1326 235 1362 sunt.
298 1322 501 1370 Quantum
518 1326 661 1374 ‚autem
688 1322 796 1361 uitae
821 1322 916 1361 mihi
941 1322 1138 1371 deinceps
1165 1322 1287 1360 deum
1313 1323 1528 1364 uoluntate

127 1378 204 1417 erit
236 1383 519 1427 quantumque
544 1389 567 1416 a
590 1378 746 1417 tuenda
776 1390 819 1417 re
840 1378 1025 1417 familiari
1042 1377 1396 1428 procurandoque
1415 1381 1528 1420 cultu

123 1434 347 1474 liberorum
363 1446 550 1474 meorum
570 1434 733 1473 dabitur
751 1434 897 1482 otium,
926 1446 975 1473 ea
993 1433 1129 1474 omnia
1147 1432 1360 1474 subsiciua
1376 1438 1417 1474 et
1433 1436 1527 1476 sub-

124 1490 371 1530 secundaria
387 1496 576 1541 tempora
592 1492 644 1530 ad
657 1490 910 1541 colligendas
929 1489 1217 1530 huiuscemodi
1236 1490 1527 1532 memoriarum
1586 1511 1590 1513 ⁴

66 1552 113 1588 24
130 1546 497 1586 delectatiunculas
531 1548 754 1587 conferam.
816 1547 1109 1598 Progredietur
1132 1558 1231 1596 ergo
1265 1558 1463 1588 numerus
1485 1548 1527 1588 li-

122 1604 313 1651 brorum,
343 1603 419 1643 diis
437 1604 543 1643 bene
559 1604 809 1652 iuuantibus,
832 1615 924 1644 cum
942 1603 1073 1654 ipsius
1091 1604 1214 1651 uitae,
1239 1603 1425 1652 quantuli
1443 1605 1528 1654 qui-

126 1672 207 1709 que
225 1659 386 1707 suerint,
404 1660 724 1710 progressibus
744 1672 880 1710 neque
897 1660 1087 1710 longiora
1103 1659 1198 1699 mihi
1215 1659 1303 1699 dari
1319 1661 1454 1710 spatia
1469 1661 1527 1700 ui—

123 1715 249 1754 uendi
266 1717 385 1764 uolo,
422 1728 544 1766 quam
569 1718 665 1757 dum
693 1729 763 1756 elo
790 1718 841 1756 ad
866 1718 972 1757 hanc
991 1728 1159 1767 quoque
1176 1717 1411 1756 facultatem
1427 1717 1526 1757 scri-

124 1772 249 1810 bendi
267 1773 657 1823 commentandique
673 1774 864 1813 idoneus.

66 1833 112 1868 25
207 1829 348 1878 Capita
363 1841 519 1877 ieium
541 1842 647 1880 quae
666 1830 815 1879 cuique
838 1829 1309 1878 commentarioinsunt,
1329 1829 1524 1880 exposui-

123 1895 215 1924 mus
232 1884 298 1923 hic
315 1885 528 1934 uniuelsa,
554 1891 599 1926 ut
615 1886 694 1926 iam
713 1886 849 1926 statim
867 1887 1119 1934 declaietui
1145 1885 1243 1936 quid
1262 1897 1344 1936 quo
1362 1885 1402 1926 111
1419 1886 1524 1927 libro

124 1940 267 1988 quaeri
284 1940 541 1993 inuenirique
559 1943 707 1994 possit.
