1619 2476
136 65 193 106 22
564 67 712 103 INDEX
751 67 1112 104 CAPITVLORVM.

140 181 227 218 dani
247 180 286 217 C.
305 180 462 217 Gracchi
485 181 725 225 existimarit3
758 180 932 227 quodque
965 191 1051 216 esse
1082 191 1166 217 eam
1199 181 1280 216 sine
1304 181 1379 217 ullo
1405 193 1540 218 sensus

141 239 389 274 emolumento
410 237 591 272 docuerit.

251 294 362 329 XIIII.
395 293 529 330 Sobria
562 298 596 328 et
619 294 872 339 pulcherrima
894 293 1042 329 Romuli
1076 294 1178 340 regis
1206 294 1407 341 responsio
1440 294 1542 329 circa

140 362 215 386 ulnl
234 362 356 386 usum.

251 407 334 442 XV.
363 407 415 442 De
442 406 646 443 ludibundo
673 411 707 441 et
734 407 944 442 errabundo
980 411 1090 453 atque
1119 406 1158 442 id
1190 418 1311 454 genus
1340 407 1541 442 uerborum
1606 398 1619 433 ji

138 463 469 509 productionibus;
503 468 537 499 et
555 463 655 509 quod
678 463 859 498 Laberius
886 464 939 499 sie
961 462 1259 500 amorabundam
1287 462 1399 507 dixit,
1425 466 1464 498 ut
1488 461 1542 497 di-

140 520 234 554 citur
249 519 456 555 ludibunda
476 524 510 555 et
536 518 768 563 errabunda;
802 524 912 566 atque
938 521 1045 564 inibi,
1072 520 1173 566 quod
1199 519 1361 556 Sisenna
1383 529 1452 565 per
1475 518 1542 555 hu-

140 575 347 612 iuscemodi
368 577 521 612 uerbum
541 587 639 612 noua
655 576 777 622 figura
794 588 885 612 usus
904 581 971 613 est.

250 631 349 667 XVI.
388 631 497 676 Quod
521 632 748 668 Graecorum
773 634 971 669 uerborum
997 634 1232 680 quorundam
1250 633 1470 669 difficillima
1487 636 1544 667 est

139 688 176 723 in
208 688 376 725 Latinam
407 689 575 735 linguam
606 689 779 731 mulatio,
816 691 918 724 uelut
948 689 1048 735 quod
1079 689 1221 726 Graece
1255 690 1388 726 dicitur
1419 687 1541 724 πολυ-

137 737 413 793 πραγμοσύνη.

250 801 366 836 XVII.
398 801 496 845 Quid
514 801 701 848 significet
718 802 754 836 in
771 803 960 838 ueteribus
977 807 1193 849 praetorum
1211 803 1365 839 edictis:
1392 802 1454 848 qui
1475 799 1541 836 ssu-

138 858 237 892 mina
260 858 417 897 retanda
435 859 584 904 publice
601 858 797 904 redempta
814 858 966 894 habent.

250 923 381 957 XVIII.
414 923 495 966 Qua
511 935 636 970 poena
652 924 771 959 Draco
787 923 1030 960 Atheniensis·
1050 926 1086 960 in
1103 925 1249 972 legibus
1263 954 1271 969 ‚
1292 935 1385 971 quas
1401 923 1541 970 populo

136 979 361 1014 Atheniensi
379 980 548 1025 scripsit,
577 981 677 1015 sures
698 980 898 1025 adfecerit3
933 985 968 1016 et
993 993 1066 1027 qua
1089 986 1223 1028 postea
1242 982 1376 1024 Solon3
1409 983 1445 1015 et
1470 990 1544 1026 qua

137 1036 223 1070 item
245 1035 449 1071 decemuiri
474 1037 611 1080 nostri,
644 1037 704 1082 qui
737 1036 937 1072 duodecim
969 1038 1115 1073 tabulas
1147 1037 1399 1084 scripserunt3
1432 1040 1542 1082 atque

139 1092 227 1128 inibi
256 1092 505 1139 adscriptum,
541 1093 641 1139 qnod
673 1096 762 1139 aput
790 1093 1003 1141 Aegyptios
1036 1095 1132 1129 furta
1157 1094 1258 1130 licita
1290 1098 1326 1129 et
1354 1092 1543 1140 permissa

140 1153 243 1193 sunt,
273 1153 362 1194 aput
378 1150 700 1185 Lacedaemonios
727 1152 850 1184 autem
876 1161 959 1185 cum
986 1150 1109 1186 studio
1127 1161 1275 1197 quoque
1300 1150 1489 1186 adfectata
1507 1151 1543 1182 et

137 1216 205 1251 pro
225 1207 403 1241 exercitio
425 1207 501 1241 utili
520 1207 730 1249 celebrata;
766 1216 808 1241 ac
826 1210 1026 1251 praeterea
1041 1207 1090 1241 M.
1112 1206 1262 1242 Catonis
1290 1206 1338 1242 de
1362 1205 1550 1252 poemen--

140 1261 197 1296 dis
217 1262 321 1297 furtis
341 1261 457 1309 digna
474 1262 655 1297 memoria
675 1263 872 1297 sententia.

451 1351 639 1389 CAPITV
647 1352 710 1389 LA
751 1351 889 1391 LIBRI
928 1352 1231 1392 DVODECIMI.

251 1430 278 1464 I.
310 1430 530 1465 Dissertatio
548 1431 724 1465 Fauorini
741 1431 976 1477 philosophi,
997 1442 1070 1477 qua
1088 1431 1208 1466 suasit
1224 1430 1338 1466 nobili
1364 1430 1539 1475 feminae,

138 1486 189 1522 uti
208 1487 365 1529 liberos,
401 1497 494 1532 quos
511 1487 744 1533 peperisset,
782 1498 857 1522 non
874 1487 1057 1523 nutricum
1075 1488 1253 1530 aliarum,
1286 1486 1356 1522 sed
1382 1487 1452 1523 sibi
1471 1497 1541 1523 suo

137 1543 235 1578 lacte
260 1543 391 1578 aleret.

250 1608 294 1644 ΙΙ.
327 1607 436 1652 Quod
452 1608 632 1644 Annaeus
653 1610 820 1653 Seneca,
853 1609 1024 1646 iudicans
1057 1609 1103 1644 de
1131 1610 1175 1654 Q.
1199 1610 1318 1645 Ennio
1347 1608 1468 1656 deque
1488 1609 1536 1646 M.

138 1665 256 1701 Tullio
269 1693 277 1708 ‚
295 1665 370 1700 leui
390 1665 571 1711 futtilique
590 1665 727 1701 iudicio
746 1667 826 1701 suit.

249 1733 309 1767 ΙΙΙ.
338 1733 492 1768 Lictoris·
509 1734 733 1768 uocabulum
750 1744 822 1779 qua
841 1734 984 1768 ratione
1002 1738 1223 1780 conceptum
1247 1736 1442 1778 ortumque
1465 1734 1536 1776 sit3

139 1793 175 1823 et
191 1800 304 1835 super
322 1799 366 1823 eo
386 1789 561 1824 diuersae
579 1790 786 1825 sententiae
803 1790 915 1836 Valgi
932 1790 1016 1826 Rufi
1033 1794 1068 1825 et
1084 1789 1193 1825 Tullii
1208 1788 1368 1824 Tironis.

249 1855 324 1890 IIII.
352 1855 498 1891 Versus
532 1857 675 1901 accepti
706 1867 753 1892 ex
775 1856 820 1900 Q.
845 1857 939 1892 Enni
970 1858 1127 1904 septimo
1161 1856 1370 1898 annalium,
1404 1856 1536 1901 quibus

139 1909 352 1957 depingitur
373 1911 570 1958 finiturque
589 1913 780 1958 ingenium
805 1915 1036 1960 comitasque
1062 1912 1225 1948 hominis
1256 1911 1428 1958 nnnoris'
1445 1922 1537 1958 erga
1604 1915 1606 1917 ’

139 1968 300 2002 amicum
320 1969 568 2013 superiorem.

249 2032 297 2066 V.
328 2032 459 2068 Sermo
477 2033 589 2070 Tauri
612 2034 828 2081 philosophi
855 2035 901 2070 de
929 2034 1039 2070 modo
1059 2021 1333 2081 atque'ratione
1350 2033 1534 2070 tolerandi

139 2085 279 2123 doloris
299 2089 505 2124 seeundum
523 2090 735 2126 Stoicorum
753 2091 919 2126 decreta.

250 2143 314 2177 VI.
342 2143 395 2179 De
413 2145 637 2191 aenigmate.

249 2199 328 2233 VII.
358 2199 475 2243 Quam
494 2203 539 2236 ob
565 2212 719 2237 causam
738 2202 802 2237 Cn.
821 2203 1014 2238 Dolabella
1036 2203 1238 2248 proconsul
1270 2213 1375 2240 ream
1405 2204 1532 2240 mulie-

136 2265 216 2290 rem
233 2255 404 2291 ueneficii
427 2256 739 2303 confitentemque
757 2258 805 2293 ad
822 2259 1066 2304 Ariopagitas
1084 2258 1270 2294 reiecerit.

1584 2118 1619 2168 '²1‘

1606 2169 1619 2302 1

1576 2303 1619 2476 i
