1587 2476
66 72 127 105 1111

67 167 219 214 saepius
251 164 426 201 incohata
452 168 592 200 tantum
621 168 656 198 et
683 164 958 210 semiperfecta.
1019 163 1129 208 Quod
1157 165 1288 201 uitium
1313 170 1353 203 ut
1375 167 1499 204 minus

65 222 297 260 intolerabile
310 223 447 258 factum
461 222 518 265 sit,
538 221 833 256 cumHenrici
854 220 1017 256 Iacobi
1039 225 1074 256 et
1091 221 1292 258 Gustaui
1308 223 1499 261 Wolffii

66 291 183 327 opera
212 278 387 314 effectum
417 282 491 321 est,
534 278 594 324 qui
636 278 673 312 in
702 278 795 312 locis
824 276 1048 323 praesertim
1078 277 1230 314 Graecis
1268 279 1499 327 refingendis

64 337 171 373 lectis
194 336 299 372 libris
320 335 506 381 rectisque
528 334 696 370 consiliis
717 344 831 380 saepe
857 345 917 369 me
939 332 1184 379 adiuuerunt,
1211 338 1288 371 tum
1307 336 1500 372 Alfredi

64 392 408 429 Fleckeisenii
446 401 536 427 cura
566 391 844 434 sollertissima,
883 400 956 436 qua
986 390 1123 426 ueteris
1153 401 1318 437 poeseos
1348 393 1498 429 Latinae

65 449 246 496 reliquias
275 459 297 484 a
327 448 443 485 Gellio
474 451 644 484 seruatas
674 448 848 483 continuo
872 447 1077 482 litterarum
1099 449 1323 485 commercio
1352 460 1500 487 mecum

66 505 283 553 pensitauit.
329 504 442 541 Cuius
467 505 630 540 rationes
657 514 724 551 per
747 503 819 540 hoc
848 504 1025 539 uolumen
1054 503 1112 540 his
1141 505 1381 550 potissimum
1405 507 1498 543 locis

65 566 216 598 secutus
249 570 352 598 sum:
392 561 417 597 Ι.
451 562 483 598 7.
518 565 583 604 11;
622 560 650 595 Ι.
683 564 741 598 15.
773 564 840 605 16;
878 561 920 596 ΙΙ.
952 562 998 598 23
1029 561 1195 607 passim;
1234 561 1312 598 IIII.
1343 564 1401 601 17.
1433 567 1498 607 153

63 619 112 654 V.
129 622 162 657 6.
184 622 249 662 12;
270 618 318 652 V.
335 621 392 655 15.
406 620 450 661 93
471 617 535 652 VI.
553 619 587 655 7.
603 620 646 661 3;
664 617 728 652 VI.
747 619 778 655 9.
797 620 831 655 4.
863 615 1103 653 Coniecturas
1125 628 1216 654 uero
1235 618 1315 654 eius
1331 619 1449 656 iustas
1466 623 1501 655 et

63 675 283 723 ingeniosas
312 675 463 720 saepius
488 674 525 709 in
542 675 742 710 uerborum
767 673 938 710 ordinem
954 675 1206 721 recepissem,
1231 675 1304 711 nisi
1321 674 1360 711 id
1377 676 1412 711 in
1428 676 1499 712 hac

64 733 228 768 editione
251 730 471 767 adornanda
495 731 690 767 consilium
713 730 802 767 mihi
821 732 945 767 stricte
978 730 1205 767 seruandum
1233 732 1358 768 uisum
1386 737 1498 777 esset,

64 793 104 826 ut
144 790 323 825 librorum
362 788 702 835 manuscriptorum
740 788 965 835 imaginem,
1009 788 1233 835 ubicumque
1264 789 1497 836 aliquatenus

65 846 197 882 saltem
227 845 375 889 liceret,
417 845 679 891 exprimerem.
741 845 962 882 Accuratius
996 846 1089 881 scita
1118 844 1213 881 haec
1252 845 1322 881 uiri
1363 845 1499 882 doctis-

65 902 149 938 simi
180 901 345 948 mihique
377 902 596 938 amicissimi
635 902 785 938 inuenta
823 901 896 937 hoc
926 902 1008 948 ipso
1046 903 1129 938 loco
1161 912 1395 947 enarrarem,
1426 903 1499 938 nisi

64 959 146 1005 ipse
186 969 234 994 ex
275 957 427 994 schedis
459 958 508 994 ad
545 969 605 994 me
635 957 730 994 datis
772 959 969 1004 epistulam
1007 959 1172 1005 aliquam
1205 959 1370 995 criticam
1400 969 1499 996 com-

62 1015 254 1062 positurus
287 1018 407 1059 esset,
440 1025 535 1062 quae
559 1014 840 1052 Schneidewini
870 1016 987 1051 nostri
1012 1015 1207 1062 philologo
1244 1016 1332 1052 olim
1359 1015 1500 1052 inserta

66 1075 102 1107 et
140 1072 356 1108 commercii
394 1072 511 1108 nostri
542 1072 798 1118 gratissimum
838 1071 927 1108 mihi
976 1072 1044 1107 erit
1080 1072 1348 1109 monimentum
1386 1072 1500 1108 etad

65 1127 269 1164 editionem
298 1128 478 1164 maiorem
510 1128 768 1165 exornandam
795 1129 992 1175 copiosum
1014 1127 1318 1164 emendationum
1348 1129 1498 1176 elegan-

65 1184 295 1220 tissimarum
328 1186 668 1221 armamentarium.

176 1241 230 1276 De
250 1252 299 1277 co
314 1240 524 1285 dicibus,
553 1242 686 1287 quibus
712 1241 761 1277 ad
781 1241 938 1277 Gellium
955 1240 1231 1277 recensendum
1248 1242 1299 1277 uti
1332 1246 1500 1278 uestra

63 1297 301 1344 potissimum
332 1298 551 1333 liberalitate
581 1296 672 1333 mihi
702 1298 822 1340 licuit,
858 1297 896 1333 in
927 1297 1239 1333 commentatione
1271 1296 1498 1344 disputatum

64 1357 140 1397 est,
174 1354 219 1389 ab
245 1354 472 1400 Augusto
496 1354 764 1397 Mefflekio,
797 1364 908 1400 quem
931 1353 1086 1389 honoris
1114 1363 1230 1390 causa
1257 1353 1430 1397 nomino,
1463 1355 1499 1390 in

64 1420 248 1446 consessu
269 1409 486 1445 academiae
510 1411 637 1458 regiae
656 1410 895 1447 scientiarum
912 1410 1167 1446 Berolinensis
1190 1409 1227 1446 d.
1251 1408 1315 1445 1111
1333 1420 1383 1445 m.
1399 1409 1497 1448 Nou.

63 1476 100 1502 a.
115 1464 408 1502 MDCCCXLVII
423 1467 576 1503 recitata
593 1471 628 1502 et
642 1468 733 1503 actis
749 1467 860 1504 huius
879 1465 1099 1504 academiae
1119 1467 1321 1502 menstruis
1344 1466 1495 1503 inserta.

177 1523 306 1558 Libri
339 1526 517 1569 septem
545 1525 740 1570 priores
771 1522 984 1571 refingendi
1014 1527 1119 1559 erant
1151 1522 1199 1559 ad
1230 1523 1386 1558 sormam
1417 1523 1497 1560 eIus

63 1580 309 1625 exemplaris,
329 1579 428 1625 quod
450 1581 657 1616 communis
675 1582 757 1616 sons
775 1584 855 1616 erat
871 1579 1169 1624 eod.Vat.3452‚
1189 1579 1275 1626 imp.
1288 1580 1392 1623 5765,
1410 1577 1498 1615 Rot-

66 1634 289 1671 tendorfiani
313 1636 417 1680 (cod.
436 1637 525 1672 bibl.
547 1637 655 1673 acad.
678 1637 798 1684 Lugd.
826 1637 907 1673 Bat.
929 1637 1041 1673 Gron.
1056 1638 1118 1681 21)
1132 1647 1141 1681 ;
1175 1636 1332 1683 singulis
1357 1639 1498 1672 tantum

64 1695 235 1737 quattuor
264 1693 431 1738 priorum
461 1694 638 1730 librorum
670 1695 762 1730 locis
793 1695 937 1739 (lemm.
962 1694 1024 1729 lib.
1055 1693 1082 1728 Ι.
1114 1697 1158 1731 15
1177 1703 1233 1739 sq.
1243 1703 1253 1737 ;
1281 1691 1398 1728 XVII.
1429 1695 1495 1738 21;

62 1747 195 1783 XVIII.
214 1753 233 1786 1
251 1759 328 1795 sq.;
357 1749 417 1786 lib.
434 1749 461 1784 I.
487 1753 522 1786 2.
548 1751 678 1788 15—1.
694 1753 729 1788 3.
746 1753 788 1795 7;
811 1751 839 1785 Ι.
854 1753 889 1787 3.
907 1750 1038 1789 16—1.
1054 1753 1090 1787 5.
1105 1752 1148 1793 2;
1177 1749 1202 1784 Ι.
1220 1752 1252 1788 6.
1270 1749 1378 1787 1-1.
1396 1750 1431 1786 7.
1450 1753 1495 1794 2;

0 1830 6 1832 -
62 1803 90 1838 I.
119 1806 154 1841 9.
180 1805 327 1842 12—1.
354 1810 413 1843 10.
437 1810 479 1851 1;
512 1807 539 1841 I.
564 1810 622 1844 22.
650 1809 670 1844 7
697 1806 999 1851 extr.—13;11.
1023 1808 1057 1843 7.
1078 1805 1316 1850 8—13311.
1343 1808 1379 1843 8.
1406 1808 1496 1843 6-

61 1859 106 1894 ΙΙ.
126 1862 161 1897 9.
184 1863 226 1904 5;
254 1861 297 1896 ΙΙ.
320 1865 378 1898 22.
396 1865 565 1907 22-25;
595 1862 640 1898 II.
665 1866 723 1901 23.
746 1867 793 1902 20
811 1874 889 1910 sq.;
918 1864 962 1898 ΙΙ.
984 1865 1043 1900 24.
1068 1864 1192 1906 4—73
1217 1862 1261 1898 ΙΙ.
1277 1865 1337 1900 25.
1353 1864 1377 1900 8
1401 1867 1494 1898 extr.

61 1915 169 1950 ——IL
199 1919 257 1954 26.
289 1921 332 1962 2;
363 1918 405 1953 ΙΙ.
436 1919 493 1955 26.
521 1921 689 1964 13—19;
720 1920 763 1956 II.
794 1922 853 1958 27.
884 1922 925 1963 2;
957 1918 1046 1955 ibid.
1079 1923 1099 1955 5
1130 1919 1326 1954 extr.—H.
1357 1921 1418 1963 28.
1448 1923 1491 1963 l;

61 1970 106 2005 ΙΙ.
135 1974 194 2009 29.
215 1975 362 2018 8-11;
395 1974 438 2009 ΙΙ.
463 1977 522 2012 29.
552 1978 720 2021 15——17;
757 1976 816 2012 III.
847 1979 905 2014 13.
936 1979 1060 2020 2-5;
1098 1975 1158 2010 ΙΙΙ.
1187 1978 1246 2013 16.
1264 1978 1313 2019 4;
1353 1975 1429 2010 ΙΙΙΙ.
1460 1980 1494 2013 1.

64 2028 207 2071 7—13)
221 2029 271 2064 ad
287 2030 583 2077 antiquissimum
601 2036 635 2068 et
651 2034 813 2069 maxime
833 2031 1084 2069 reuerendum
1100 2031 1242 2068 codicis
1260 2031 1495 2078 palimpsesti

61 2083 217 2119 Palatini
256 2086 293 2120 in
330 2087 554 2124 bibliotheca
582 2089 766 2125 Vaticana
805 2090 1017 2136 exemplum
1056 2089 1282 2125 conformari
1310 2090 1493 2135 poterant,
1536 2131 1539 2133 μ

63 2139 169 2175 cuius
211 2151 330 2188 neque
368 2147 526 2180 aetatem
562 2155 682 2192 neque
721 2147 976 2183 auctoritatem
1017 2149 1115 2182 recte
1157 2146 1244 2181 olim
1283 2145 1494 2181 aestimaui.

65 2193 201 2232 Codice
223 2209 335 2242 uero,
368 2200 400 2235 si
425 2199 482 2236 dis
507 2201 646 2247 placet,
671 2203 940 2239 Herculanensi
962 2201 1011 2237 ad
1036 2202 1192 2238 Gellium
1215 2200 1494 2237 emendandum

65 2250 115 2286 uti
153 2263 212 2288 me
241 2254 408 2299 potuisse
448 2257 485 2291 in
515 2258 585 2293 illis
611 2260 827 2305 regionibus
854 2262 1080 2302 morantem,
1122 2269 1206 2294 sero
1236 2258 1333 2304 proh
1363 2255 1491 2293 dolor!

63 2310 485 2354 comperi-mentionem
527 2315 624 2350 enim
665 2319 699 2350 et
737 2316 817 2351 eius
856 2319 890 2351 ct
925 2316 1074 2352 alterius
1113 2314 1275 2359 codicis,
1314 2313 1493 2351 Iustinum
