1619 2476
133 40 217 82 244
754 38 843 79 XX.
871 49 899 78 1.

133 153 294 193 mandis
321 153 476 193 iniuriis
495 153 750 203 probabilius
775 163 871 191 esse
897 151 1168 202 exis[timas]?
1197 153 1300 193 Nolo
1319 153 1399 192 hoc
1415 152 1531 203 igno-

133 221 221 257 res,
253 211 358 248 hanc
383 220 549 258 quoque
575 209 710 259 ipsam
732 208 928 249 talionem
952 209 1005 247 ad
1026 207 1356 250 aestimationem
1381 208 1529 249 iudIcis

77 266 263 314 38redigi
285 266 524 305 necessario
552 266 728 306 solitam.
789 266 889 304 Nam
916 264 951 304 si
980 276 1098 313 reus,
1133 264 1204 315 qui
1225 264 1434 315 depecisci
1458 276 1530 305 no-

133 323 274 368 luerat,
306 321 429 360 iudici
444 321 642 361 talionem
658 321 875 371 imperanti
892 333 976 362 non
1003 321 1196 371 parebat,
1222 320 1438 361 aestimata
1460 321 1530 360 lite

133 378 258 416 iudex
288 377 495 417 hominem
525 378 726 428 pecuniae
756 378 1024 428 dampnabat,
1061 382 1186 428 atque
1214 377 1289 426 ita,
1322 376 1358 417 si
1386 389 1457 417 reo
1491 382 1532 416 et

134 434 269 484 pactio
292 434 429 483 grauis
449 439 490 473 et
514 435 662 474 acerba
682 435 778 474 talio
809 434 902 473 uisa
923 435 1078 481 fuerat,
1108 433 1311 474 seueritas
1345 433 1447 483 legis
1477 434 1530 472 ad

75 497 121 532 39
137 490 339 540 pecuniae
357 491 524 530 multam
544 491 718 531 redibat.
778 492 943 538 Restat,
974 495 1020 530 ut
1040 490 1095 538 ei,
1126 491 1240 540 quod
1263 490 1314 529 de
1344 490 1530 530 sectione

133 546 436 597 partitioneque
461 548 650 597 corporis
674 547 1001 587 inmanissimum
1019 558 1115 587 esse
1134 546 1207 586 tibi
1221 546 1358 586 uisum
1375 551 1451 594 est,
1469 557 1531 585 re-

134 604 378 653 spondeam.
431 604 628 643 Omnibus
648 604 811 654 quidem
827 604 1024 642 uirtutum
1044 603 1266 653 generibus
1284 601 1530 642 exercendis

135 659 406 709 colendisque
431 661 611 711 populus
624 662 837 700 Romanus
862 671 884 699 e
901 671 1031 709 parua
1049 659 1207 709 origine
1223 660 1276 698 ad
1291 663 1431 699 tantae
1449 670 1532 697 am-

133 715 344 766 plitudinis
365 716 494 755 instar
511 716 694 764 emicuit,
727 717 802 756 sed
831 716 1012 757 omnium
1035 716 1212 756 maxime
1233 721 1358 766 atque
1374 714 1533 765 praeci-

133 783 214 822 pue
232 772 356 811 fidem
379 773 504 812 coluit
521 779 791 823 sanctamque
810 773 952 812 habuit
983 780 1063 811 tam
1081 772 1283 822 priuatim,
1315 783 1438 822 quam
1461 783 1532 821 pu-

76 828 250 868 40blice.
313 829 381 868 Sic
406 832 614 879 consules,
647 829 900 869 clarissimos
917 829 1045 877 uiros,
1076 829 1267 869 hostibus
1287 828 1532 868 confirman-

135 885 211 924 dae
228 885 323 923 fidei
340 886 529 935 publicae
549 898 674 926 causa
692 886 816 933 dedit,
834 886 894 926 sic
911 886 1100 925 clientem
1117 885 1157 924 in
1174 886 1298 925 fidem
1315 889 1532 934 acceptum

135 940 335 980 cariorem
361 942 502 981 haberi
527 954 649 993 quam
671 943 932 993 propinquos
958 942 1242 992 tuendumque
1266 952 1362 981 esse
1387 945 1535 981 contra

135 1003 336 1047 cognatos
374 999 554 1046 censuit,
586 1011 722 1049 neque
756 999 874 1049 peius
912 1000 1039 1038 ullum
1067 998 1226 1038 facinus
1257 996 1531 1038 existimatum

135 1060 216 1101 est,
249 1066 372 1104 quam
413 1055 447 1094 si
486 1056 550 1094 cui
586 1057 853 1106 probaretur,
903 1056 1094 1094 clientem
1136 1054 1287 1094 diuisui
1320 1053 1532 1093 habuisse.

78 1114 119 1147 41
135 1111 250 1149 Hanc
273 1117 410 1150 autern
429 1112 552 1151 fidem
572 1112 749 1152 maiores
767 1111 898 1152 nostr-i
915 1123 999 1152 non
1016 1112 1142 1151 modo
1166 1111 1207 1150 in
1224 1110 1458 1151 officiorum
1475 1108 1529 1148 ui-

137 1166 276 1215 cibus,
307 1169 384 1207 sed
416 1167 455 1206 in
489 1169 750 1218 negotiorum
785 1180 953 1218 quoque
990 1167 1272 1207 contractibus
1304 1170 1536 1206 sanxerunt
1593 1175 1602 1182 ⁴

135 1224 397 1273 maximeque
425 1225 465 1263 in
495 1225 697 1275 pecuniae
721 1225 970 1264 mutuaticae
996 1236 1075 1264 usu
1107 1229 1232 1274 atque
1263 1221 1532 1264 commercio:

136 1279 258 1318 adimi
280 1281 386 1320 enim
412 1287 662 1331 putauerunt
689 1281 918 1321 subsidium
945 1281 1026 1320 hoc
1049 1280 1214 1330 inopiae
1243 1278 1532 1329 temporariae,

137 1347 218 1385 quo
255 1338 483 1376 communis
527 1338 707 1376 omnium
732 1338 816 1376 uita
838 1337 1010 1386 indiget,
1038 1337 1073 1375 si
1099 1335 1273 1386 perfidia
1301 1334 1534 1374 debitorum

78 1396 123 1430 42
136 1392 225 1431 sine
244 1394 361 1442 graui
377 1405 515 1442 poena
533 1394 729 1432 eluderet.
780 1391 968 1432 Confessi
991 1392 1115 1441 igitur
1129 1391 1237 1432 aeris
1260 1402 1309 1431 ac
1328 1390 1454 1430 debiti
1477 1390 1533 1429 iu-

137 1448 282 1488 dicatis
312 1449 478 1499 triginta
495 1449 582 1488 dies
609 1454 705 1488 sunt
722 1448 804 1487 dati
830 1448 1140 1497 conquirendae
1165 1447 1368 1498 pecuniae
1393 1458 1533 1494 causa,

78 1507 123 1542 43
137 1515 258 1554 quarn
281 1505 578 1552 dissoluerent,
609 1517 768 1554 eosque
794 1505 881 1545 dies
908 1504 1132 1544 decemuiri
1148 1504 1331 1544 ‘iustos'
1355 1504 1534 1554 appella-

135 1568 298 1609 uerunt,
325 1563 439 1601 uelut
460 1563 670 1611 quoddam
693 1561 910 1609 iustitium,
942 1560 984 1600 id
1001 1566 1066 1600 est
1084 1560 1183 1600 iuris
1199 1560 1306 1600 inter
1321 1572 1396 1600 eos
1415 1558 1535 1609 quasi

136 1618 451 1658 interstitionem
472 1619 676 1668 quandam
699 1625 737 1657 et
764 1618 1061 1665 cessationem,
1094 1617 1244 1667 quibus
1266 1616 1413 1656 diebus
1437 1615 1536 1655 nihil

79 1678 126 1713 44
138 1685 229 1713 cum
246 1674 308 1714 his
327 1675 391 1724 agi
415 1675 503 1714 iure
520 1680 679 1724 posset.
740 1675 840 1714 Post
855 1674 1023 1721 deinde,
1054 1674 1132 1713 nisi
1153 1673 1453 1720 dissoluerent,
1482 1672 1535 1710 ad

136 1737 375 1781 praetorem
397 1732 652 1771 uocabantur
675 1736 714 1769 et
737 1731 786 1769 ab
809 1742 858 1771 eo
885 1730 1034 1779 quibus
1053 1734 1170 1769 erant
1185 1729 1353 1769 iudicati
1371 1728 1535 1768 addice-

82 1788 304 1835 45bantur,
344 1799 474 1827 neruo
501 1798 669 1837 quoque
701 1792 770 1826 aut
801 1786 1073 1836 compedibus
1104 1786 1404 1825 uinciebantur.
1466 1784 1535 1824 Sic

138 1846 244 1883 enim
262 1850 370 1891 sunt,
405 1844 564 1893 opinor,
595 1843 723 1883 uerba
744 1842 867 1893 legis:
896 1842 1052 1882 Aeris
1092 1843 1329 1882 confessi
1349 1841 1535 1881 re'bus·

139 1912 230 1949 que
281 1900 390 1939 iure
440 1899 690 1939 iudicatis
745 1899 967 1949 triginta
1016 1899 1127 1938 dies
1179 1898 1306 1938 iusti
1359 1902 1534 1938 sunto.

136 1957 260 1996 Post
292 1957 480 1996 deinde
516 1968 692 1995 manus
734 1955 948 1995 iniectio
986 1960 1122 2002 esto,
1151 1955 1198 1994 in
1227 1954 1307 1994 ius
1342 1954 1534 1994 ducito.

137 2012 194 2050 Ni
232 2012 515 2052 iudicatum
548 2012 674 2051 facit
706 2018 790 2051 aut
819 2012 933 2061 quis
965 2012 1097 2052 endo
1135 2022 1248 2051 eom
1281 2011 1393 2051 iure
1425 2010 1536 2050 uin-

141 2068 286 2116 dicit,
317 2080 489 2108 secum
526 2069 722 2115 ducito,
756 2068 953 2107 uincito
988 2073 1074 2107 aut
1104 2078 1265 2108 neruo
1297 2072 1383 2107 aut
1402 2078 1526 2108 com-

140 2125 376 2173 pedibus.
440 2125 736 2175 Quindecim
783 2125 954 2174 pondo
1012 2135 1071 2163 ne
1115 2123 1313 2164 minore
1353 2128 1444 2163 aut
1489 2120 1533 2162 si

139 2181 283 2220 uolet
325 2182 525 2222 maiore
564 2181 782 2221 uincito.
844 2181 894 2220 Si
924 2182 1070 2220 uolet
1106 2191 1202 2220 suo
1239 2179 1421 2221 uiuito.
1481 2175 1534 2218 Ni

141 2246 232 2274 suo
265 2237 420 2285 uiuit,
455 2237 538 2287 qui
571 2249 680 2277 eum
708 2237 937 2276 uinctum
974 2236 1206 2284 habebit,
1238 2235 1398 2276 libras
1434 2236 1533 2275 far·
1588 2244 1613 2325 ξ
