1603 2508
602 79 671 116 Vl.
691 79 816 126 (VH.)
836 89 896 117 111.
1376 78 1455 120 187

131 190 322 242 Culpauit
341 196 481 231 autem
508 191 687 242 primum
712 191 814 239 hoc,
853 193 967 242 quod
998 193 1122 232 Cato
1157 192 1386 232 ‘inerudite
1421 198 1515 234 etl2

44 245 328 302 avaynw'ymg’,
354 253 401 288 ut
431 248 522 299 ipse
547 248 618 297 ait,
649 247 854 299 principio
889 249 1009 289 nimis
1033 249 1227 289 insolenti
1250 249 1456 300 nimisque

43 307 130 348 acri
154 311 195 346 et
221 305 502 355 obiurgatorio
526 317 630 346 usus
655 305 727 353 sit,
762 317 854 345 cum
880 306 1019 346 uereri
1049 318 1145 346 sese
1172 306 1374 354 ostendit,
1405 319 1457 347 ne

43 369 208 415 patres,
250 362 403 413 gaudio
435 367 560 412 atque
588 362 741 401 laetitia
763 374 902 402 rerum
924 375 1131 413 prospere
1168 368 1382 412 gestarum
1405 364 1456 403 de

42 425 154 461 statu
172 420 320 460 mentis
339 431 440 460 suae
462 418 686 467 deturbati,
718 431 802 459 non
829 420 930 460 satis
956 420 1225 470 consiperent
1249 431 1386 470 neque
1404 421 1458 459 ad

43 483 158 518 recte
202 477 524 527 intellegendum
564 477 954 527 consulendumque
1001 482 1145 517 essent
1192 476 1344 517 idonei.
1405 479 1515 516 Inl3

42 534 322 586 principiis
367 539 563 582 autem,
615 533 766 583 inquit,
812 533 1055 585 patroni,
1098 533 1185 582 qui
1221 545 1312 584 pro
1346 533 1455 574 reis

43 591 250 640 dicunt,
298 590 595 631 conciliare
638 590 738 630 sibi
780 596 828 629 et
874 592 1209 640 complacare
1248 590 1455 630 iudices

44 649 256 696 debent,
297 659 593 696 sensusque
624 659 821 695 eorum,
855 646 1233 698 expectatione
1263 658 1455 686 causae

44 716 342 757 suspensos
364 705 730 754 rigentesque,
755 704 1073 745 honorificis
1103 704 1456 744 uerecundis-

44 774 141 813 que
173 762 461 803 sententiis
507 762 872 809 commulcere,
913 773 1010 801 non
1051 760 1262 800 iniuriis
1300 767 1455 810 atque

41 818 352 871 imperiosis
380 818 757 858 minationibus
786 819 1079 858 confutare.
1141 820 1282 867 Ipsum
1305 818 1514 863 deinde14

41 876 290 927 principium
308 876 525 926 apposuit,
551 875 669 915 cuius
688 875 818 914 uerba
835 875 938 915 haec
962 880 1080 915 sunt:
1107 875 1252 915 ‘Scio
1278 876 1455 915 solere

42 934 322 984 plerisque
351 932 653 972 hominibus
688 932 844 971 rebus
874 932 1123 972 secundis
1155 937 1312 981 atque
1337 943 1455 982 pro-

42 990 167 1030 lixis
207 995 363 1040 atque
410 988 690 1039 prosperis
729 988 948 1028 animum
981 990 1255 1029 excellere
1298 994 1455 1038 atque

43 1046 343 1098 superbiam
371 1051 526 1096 atque
558 1045 809 1086 ferociam
841 1057 1133 1096 augescere
1163 1050 1318 1094 atque
1344 1056 1454 1085 cre-

43 1115 214 1152 scere,
248 1103 385 1153 quod
415 1102 534 1141 mihi
572 1113 702 1142 nunc
736 1114 954 1152 magnae
988 1115 1141 1143 curae
1174 1108 1279 1150 est,
1317 1103 1455 1152 quod

43 1161 173 1200 haec
203 1171 284 1200 res
313 1165 411 1198 tam
435 1159 665 1199 secunde
695 1160 984 1209 processit,
1017 1171 1077 1199 ne
1110 1159 1233 1210 quid
1261 1159 1309 1198 in
1333 1170 1456 1199 con-

9 1217 270 1257 sulendo
307 1216 523 1256 aduorsi
559 1216 795 1264 eueniat,
838 1217 977 1266 quod
1017 1222 1231 1257 nostras
1266 1227 1456 1256 secun-

42 1274 133 1314 das
164 1285 248 1314 res
273 1274 537 1320 confutet,
574 1284 700 1312 neue
734 1274 862 1312 haec
888 1273 1098 1313 laetitia
1121 1272 1274 1313 nimis
1306 1274 1456 1313 luxu-

45 1331 187 1371 riose
215 1329 438 1370 eueniat.
492 1330 773 1370 Aduorsae
802 1341 883 1370 res
909 1331 1149 1370 edomant
1173 1336 1221 1370 et
1242 1331 1453 1376 docent,

43 1387 165 1438 quid
189 1398 320 1438 opus
343 1386 444 1426 siet
464 1387 619 1426 facto.
650 1386 924 1427 Secundae
948 1399 1030 1427 res
1054 1386 1260 1427 laetitia
1284 1392 1455 1426 trans-

43 1455 253 1485 uersum
280 1444 496 1484 trudere
521 1445 699 1483 solent
724 1455 747 1483 a
770 1449 915 1484 recte
941 1445 1272 1485 consulendo
1296 1449 1453 1494 atque

0 1496 5 1500 ’
41 1501 415 1551 intellegendo.
455 1501 557 1550 Quo
581 1500 776 1540 maiore
800 1512 963 1552 opere
983 1502 1098 1542 dico
1122 1501 1453 1551 suadeoque,

42 1558 116 1597 uti
162 1558 288 1597 haee
337 1568 420 1597 res
464 1558 674 1608 aliquot
709 1557 821 1598 dies
861 1560 1189 1608 proferatur,
1234 1559 1349 1597 dum
1395 1569 1455 1597 ex

41 1619 188 1655 tanto
212 1614 402 1664 gaudio
429 1614 476 1653 in
500 1619 822 1665 potestatem
847 1621 1078 1655 nostram
1100 1616 1423 1655 redeamus'.

130 1672 268 1721 Quae
289 1671 477 1711 deinde
501 1672 623 1711 Cato
649 1671 792 1711 iuxta
814 1671 961 1720 dicit,
982 1684 1061 1720 ea,
1084 1672 1228 1722 inquit,
1248 1672 1510 1711 confes-15

9 1737 11 1740 ’
43 1727 234 1769 sionem
257 1728 479 1776 faciunt,
510 1740 608 1768 non
633 1728 1022 1776 defensionem,
1047 1740 1213 1778 neque
1236 1729 1453 1778 propul-

42 1785 304 1825 sationem
333 1784 818 1825 translationemue
842 1785 1080 1825 criminis
1117 1785 1333 1833 liabent,
1361 1785 1453 1824 sed

43 1852 151 1882 cum
174 1842 417 1893 pluribus
439 1842 555 1881 aliis
585 1842 1132 1889 communicationem,
1154 1841 1287 1891 quod
1308 1841 1453 1881 scili-

43 1904 124 1938 cet
152 1899 278 1938 nihil
302 1899 363 1938 ad
387 1899 716 1949 purgandum
744 1905 838 1939 est.
899 1901 1071 1949 Atque
1096 1898 1452 1948 etiam,i11quit‚

41 1955 261 2007 insuper
289 1955 598 2006 profitetur,
629 1956 984 2003 Rhodienses,
1017 1956 1102 2005 qui
1126 1955 1452 1995 accusaban-

40 2014 144 2061 tur,
173 2014 310 2063 quod
332 2013 597 2052 aduersus
627 2014 876 2062 populum
902 2013 1187 2052 Romanum
1216 2011 1330 2062 regi
1355 2023 1452 2050 ma-

41 2067 122 2117 gis
155 2068 418 2120 cupierint
454 2069 810 2119 fauerintque,
844 2069 891 2108 id
925 2081 1015 2109 eos
1047 2069 1264 2118 cupisse
1293 2073 1451 2118 atque

42 2124 245 2165 fauisse
277 2125 532 2166 utilitatis
564 2138 686 2165 suae
716 2126 904 2176 gratia,
935 2138 995 2165 ne
1029 2125 1264 2173 Romani,
1293 2125 1452 2164 Perse

44 2193 251 2232 quoque
274 2194 396 2232 rege
416 2182 581 2229 uicto,
613 2183 669 2221 ad
694 2183 995 2233 superbiam
1017 2181 1382 2231 ferociamque
1404 2186 1453 2221 et

9 2251 12 2253 ’
41 2236 359 2279 inmodicum
383 2239 589 2279 modum
611 2239 1014 2279 insolescerent.
1056 2240 1199 2288 anue
1216 2238 1308 2290 ipsa
1324 2239 1510 2278 uerba16

0 2337 5 2346 ¹
41 2293 181 2343 ponit,
213 2295 270 2334 ita
290 2300 336 2334 ut
364 2294 470 2334 infra
502 2295 721 2345 scriptum:
772 2298 971 2346 ‘Atque
1011 2307 1102 2345 ego
1130 2295 1336 2345 quidem
1376 2306 1452 2334 ar-
