1619 2476
119 77 200 119 172
680 79 730 116 V.
763 77 837 116 ΧΠ.
863 88 955 116 x111.

61 199 104 234 13
197 191 425 241 Propterea
450 188 743 239 Vergilium
783 199 953 239 quoque
990 187 1123 237 aiunt,
1165 191 1318 230 multae
1347 191 1527 241 antiqui-

115 246 210 286 tatis
230 246 436 286 hominem
455 246 544 286 sine
564 245 853 286 ostentationis
872 244 969 284 odio
987 244 1185 294 peritum,
1215 246 1384 286 numina
1400 248 1522 287 laeua

114 303 160 342 in
188 302 458 353 georgicis
493 302 730 352 deprecari,
763 301 1064 351 significantem
1089 301 1173 341 uim
1192 303 1398 352 quandam
1423 315 1519 344 esse

114 358 403 399 huiuscemodi
422 359 596 399 deorum
613 358 652 397 in
670 358 875 398 laedendo
894 357 1025 407 magis
1044 369 1166 408 quam
1183 358 1223 398 in
1248 359 1429 399 iuuando
1446 372 1520 411 po-

113 420 281 455 tentem.
342 417 503 455 Versus
535 414 759 465 Vergilii
790 419 903 454 sunt:

170 502 223 539 In
261 499 406 539 tenui
433 501 604 548 labor,
637 505 685 538 at
711 499 885 539 tennis
919 510 1017 538 non
1048 498 1244 549 gloria,
1278 499 1320 539 si
1345 511 1491 549 quem

168 556 377 596 Numina
405 558 557 596 laeua
582 556 759 596 sinunt
790 554 1046 604 auditque
1076 561 1295 595 uocatus
1312 557 1517 606 Apollo.

59 642 155 684 1411]
171 640 260 680 istis
278 646 417 680 autem
439 640 536 688 diis,
568 652 675 690 quos
691 640 845 690 placari
863 644 1050 690 oportet,
1075 639 1134 678 uti
1151 641 1258 679 mala
1275 651 1299 679 a
1314 640 1436 680 nobis
1452 641 1523 679 uel

114 708 135 736 a
153 697 339 746 frugibus
359 697 463 736 natis
482 697 739 745 amoliuntur,
759 698 1097 744 ‘Au[er]runcus’
1113 707 1281 746 quoque
1291 696 1466 736 habetur
1480 701 1521 735 et

115 753 348 803 ‘Robigus’.

757 809 862 848 XIII.

114 893 166 928 Dc
204 892 413 928 officiorum
446 892 569 940 gradu
601 897 711 939 alque
743 891 874 927 ordine
904 893 1069 928 moribus
1098 892 1227 939 populi
1262 891 1423 927 Romani
1454 892 1516 927 ob-

736 953 903 984 seruato.

76 1039 92 1071 1
200 1035 419 1076 Seniorum
445 1036 656 1075 hominum
684 1041 724 1075 et
738 1037 896 1076 Romae
921 1034 1118 1075 nobilium
1145 1039 1270 1084 atque
1297 1033 1336 1073 in
1355 1045 1518 1074 morum

115 1091 509 1142 disciplinarumque
547 1097 736 1132 ueterum
768 1091 959 1132 doctrina
993 1090 1278 1140 memoriaque
1306 1095 1520 1141 praestan-

113 1149 214 1187 tium
238 1148 484 1198 disceptatio
505 1149 708 1198 quaedam
727 1149 819 1196 fuit,
846 1153 1069 1198 praesente
1087 1153 1127 1187 et
1145 1147 1337 1186 audiente
1354 1157 1438 1195 me,
1468 1147 1520 1185 de

114 1205 246 1254 gradu
270 1210 394 1254 atque
419 1205 565 1244 ordine
591 1205 844 1253 officiorum,
879 1208 1092 1254 cum(que)
1112 1208 1399 1254 quaereretur,
1433 1203 1518 1252 qui-

114 1262 193 1300 bus
218 1273 296 1301 nos
327 1261 936 1311 eaprioribuspotioribusque
955 1262 1094 1300 facere
1117 1264 1351 1310 oporteret,
1381 1259 1416 1298 si
1448 1270 1516 1298 ne-

117 1328 238 1356 cesse
255 1322 385 1365 esset,
411 1317 451 1356 in
470 1329 598 1367 opera
618 1318 755 1356 danda
774 1317 1051 1365 faciendoque
1068 1316 1206 1355 officio
1223 1315 1326 1355 alios
1343 1315 1430 1354 aliis
1451 1326 1516 1354 an-

79 1379 101 1413 2
116 1374 298 1421 teserre(,
318 1385 400 1412 non
421 1373 730 1420 constituebat).
765 1372 1048 1412 Conueniebat
1065 1376 1201 1410 autem
1220 1370 1339 1410 facile
1356 1376 1520 1411 consta-

116 1430 290 1479 batque,
324 1440 375 1468 ex
401 1429 583 1469 moribus
609 1429 752 1479 populi
780 1428 955 1468 Romani
979 1428 1156 1478 primum
1184 1427 1299 1467 iuxta
1323 1433 1519 1478 parentes

117 1488 253 1526 locum
276 1490 419 1524 tenere
441 1485 622 1535 pupillos
653 1486 829 1533 debere,
860 1484 958 1524 fidei
977 1485 1214 1534 tutelaeque
1242 1489 1520 1523 nostrae-cre-

119 1542 250 1589 ditos3
286 1543 515 1581 secundum
543 1553 616 1581 eos
635 1542 870 1592 proximum
895 1542 1033 1580 locum
1052 1540 1221 1580 clientes
1241 1540 1415 1588 habere,
1450 1540 1524 1589 qui

119 1609 214 1638 sese
245 1598 384 1637 itidem
417 1598 457 1637 in
481 1598 604 1636 fidem
636 1598 994 1647 patrociniumque
1024 1602 1214 1637 nostrum
1249 1595 1523 1644 dediderunt;.

117 1661 202 1695 tum
231 1655 271 1693 in
291 1654 412 1695 tertio
440 1656 534 1694 loco
561 1665 656 1694 esse
679 1654 890 1705 hospites;
922 1658 1073 1703 postea
1096 1664 1193 1692 esse
1220 1656 1423 1701 cognatos
1450 1652 1519 1690 ad-

117 1713 322 1760 finesque.

77 1776 99 1809 3
200 1767 331 1806 Huius
349 1766 476 1806 moris
496 1767 886 1816 obseruationisquc
896 1767 1023 1805 multa
1034 1770 1131 1804 sunt
1145 1764 1381 1804 testimonia
1394 1768 1520 1814 atque

118 1825 367 1863 documenta
389 1823 434 1862 in
456 1823 850 1871 antiquitatibus
868 1821 1121 1872 perscripta3
1155 1833 1206 1860 ex
1225 1821 1380 1871 quibus
1391 1832 1521 1860 unum

117 1881 197 1920 hoc
226 1880 388 1919 interim
420 1880 471 1918 de
507 1879 724 1918 clientibus
755 1878 1048 1928 cognatisque,
1079 1877 1193 1926 quod
1211 1888 1312 1927 prae
1329 1876 1518 1916 manibus

79 1947 102 1980 4
119 1942 202 1984 est,
232 1947 452 1986 ponemus.
514 1937 568 1974 M.
589 1937 711 1975 Cato
735 1935 783 1974 in
818 1934 1082 1982 oratione,
1117 1944 1238 1982 quam
1260 1932 1361 1972 dixit
1383 1933 1517 1982 apud

117 2003 378 2032 censores
411 1992 460 2030 in
479 1992 775 2039 Lentulum,
806 1991 862 2030 ita
891 1990 1078 2040 scripsit:
1115 1989 1259 2038 Quod
1290 1988 1517 2029 maiores

117 2048 356 2088 sanctius
387 2048 638 2096 habuere,
669 2047 880 2086 defendi
903 2045 1159 2096 pupillos,
1188 2056 1333 2095 qnam
1357 2045 1518 2084 clien-

115 2109 215 2143 tem
242 2116 340 2144 non
363 2105 564 2143 fallere.
610 2104 889 2143 Aduersus
916 2105 1178 2151 cognatos
1206 2113 1300 2151 pro
1326 2101 1519 2140 cliente
1567 2097 1573 2113 ·’

115 2165 367 2208 testatur,
404 2159 767 2200 testimonium
799 2159 895 2198 adu
915 2169 1065 2198 ersus
1097 2157 1342 2197 clientem
1373 2167 1518 2196 nemo

118 2215 262 2255 dicit.
316 2217 518 2255 Patrem
549 2216 787 2266 primum,
816 2219 1006 2265 postea
1035 2218 1309 2263 patronum
1341 2211 1518 2262 proxi-

122 2282 249 2310 mum
273 2282 459 2311 nomen
483 2272 761 2321 hab[u]ere.
