<?xml version="1.0" encoding="UTF-8"?>
<!DOCTYPE html PUBLIC "-//W3C//DTD XHTML 1.0 Transitional//EN"
    "http://www.w3.org/TR/xhtml1/DTD/xhtml1-transitional.dtd">
<html xmlns="http://www.w3.org/1999/xhtml" xml:lang="en" lang="en">
 <head>
  <title>
</title>
<meta http-equiv="Content-Type" content="text/html;charset=utf-8" />
  <meta name='ocr-system' content='tesseract 3.04.00' />
  <meta name='ocr-capabilities' content='ocr_page ocr_carea ocr_par ocr_line ocrx_word'/>
</head>
<body>
  <div class='ocr_page' id='page_1' title='image "./agelliinoctivmat00gelluoft_0460.png"; bbox 0 0 1619 2476; ppageno 0'>
   <div class='ocr_carea' id='block_1_1' title="bbox 126 37 965 80">
    <p class='ocr_par' dir='ltr' id='par_1_1' title="bbox 126 37 965 80">
     <span class='ocr_line' id='line_1_1' title="bbox 126 37 965 80; baseline -0.008 0"><span class='ocrx_word' id='word_1_1' title='bbox 126 37 210 80; x_wconf 81' lang='lat'>174</span> <span class='ocrx_word' id='word_1_2' title='bbox 673 37 798 76; x_wconf 91' lang='lat' dir='ltr'>XVII.</span> <span class='ocrx_word' id='word_1_3' title='bbox 830 47 874 74; x_wconf 91' lang='lat'>11.</span> <span class='ocrx_word' id='word_1_4' title='bbox 903 47 965 74; x_wconf 86' lang='lat'>111.</span> 
     </span>
    </p>
   </div>
   <div class='ocr_carea' id='block_1_2' title="bbox 125 148 1516 257">
    <p class='ocr_par' dir='ltr' id='par_1_2' title="bbox 125 148 1516 257">
     <span class='ocr_line' id='line_1_2' title="bbox 125 148 1516 200; baseline 0 -9"><span class='ocrx_word' id='word_1_5' title='bbox 125 152 305 199; x_wconf 85' lang='lat' dir='ltr'>dentem]</span> <span class='ocrx_word' id='word_1_6' title='bbox 336 149 537 189; x_wconf 87' lang='lat' dir='ltr'>uiderant.</span> <span class='ocrx_word' id='word_1_7' title='bbox 600 148 684 187; x_wconf 85' lang='lat' dir='ltr'>Sed</span> <span class='ocrx_word' id='word_1_8' title='bbox 724 148 869 187; x_wconf 76' lang='lat' dir='ltr'>‘uerba</span> <span class='ocrx_word' id='word_1_9' title='bbox 903 148 1032 187; x_wconf 87' lang='lat' dir='ltr'>dedit’</span> <span class='ocrx_word' id='word_1_10' title='bbox 1069 149 1169 188; x_wconf 88' lang='lat' dir='ltr'>haut</span> <span class='ocrx_word' id='word_1_11' title='bbox 1202 160 1325 190; x_wconf 91' lang='lat' dir='ltr'>secus</span> <span class='ocrx_word' id='word_1_12' title='bbox 1364 150 1516 200; x_wconf 86' lang='lat' dir='ltr'><strong>posuit,</strong></span> 
     </span>
     <span class='ocr_line' id='line_1_3' title="bbox 125 203 1040 257; baseline -0.003 -11"><span class='ocrx_word' id='word_1_13' title='bbox 125 218 247 257; x_wconf 86' lang='lat' dir='ltr'>quam</span> <span class='ocrx_word' id='word_1_14' title='bbox 264 206 298 245; x_wconf 90' lang='lat' dir='ltr'>si</span> <span class='ocrx_word' id='word_1_15' title='bbox 321 211 362 245; x_wconf 90' lang='lat' dir='ltr'>tu</span> <span class='ocrx_word' id='word_1_16' title='bbox 380 205 493 243; x_wconf 87' lang='lat' dir='ltr'>dieas</span> <span class='ocrx_word' id='word_1_17' title='bbox 516 203 655 242; x_wconf 78' lang='lat' dir='ltr'>‘latuit</span> <span class='ocrx_word' id='word_1_18' title='bbox 670 208 794 253; x_wconf 88' lang='lat' dir='ltr'>atque</span> <span class='ocrx_word' id='word_1_19' title='bbox 818 204 1040 252; x_wconf 88' lang='lat' dir='ltr'>obrepsit’.</span> 
     </span>
    </p>
   </div>
   <div class='ocr_carea' id='block_1_3' title="bbox 65 269 1515 376">
    <p class='ocr_par' dir='ltr' id='par_1_3' title="bbox 65 269 1515 376">
     <span class='ocr_line' id='line_1_4' title="bbox 65 269 1515 322; baseline -0.001 -7"><span class='ocrx_word' id='word_1_20' title='bbox 65 281 110 315; x_wconf 80' lang='lat'>25</span> <span class='ocrx_word' id='word_1_21' title='bbox 200 272 505 322; x_wconf 85' lang='lat' dir='ltr'>Conualles‚</span> <span class='ocrx_word' id='word_1_22' title='bbox 549 269 701 319; x_wconf 87' lang='lat' dir='ltr'>inquit,</span> <span class='ocrx_word' id='word_1_23' title='bbox 755 275 801 309; x_wconf 90' lang='lat' dir='ltr'>et</span> <span class='ocrx_word' id='word_1_24' title='bbox 846 269 1095 310; x_wconf 83' lang='lat' dir='ltr'>arboreta</span> <span class='ocrx_word' id='word_1_25' title='bbox 1139 281 1316 319; x_wconf 85' lang='lat' dir='ltr'>magna</span> <span class='ocrx_word' id='word_1_26' title='bbox 1355 278 1515 313; x_wconf 85' lang='lat' dir='ltr'>erant.</span> 
     </span>
     <span class='ocr_line' id='line_1_5' title="bbox 121 326 1389 376; baseline -0.002 -7"><span class='ocrx_word' id='word_1_27' title='bbox 121 334 157 369; x_wconf 83' lang='lat' dir='ltr'>A</span> <span class='ocrx_word' id='word_1_28' title='bbox 171 329 383 368; x_wconf 87' lang='lat' dir='ltr'>rboreta</span> <span class='ocrx_word' id='word_1_29' title='bbox 413 326 634 376; x_wconf 84' lang='lat' dir='ltr'>ignobilius</span> <span class='ocrx_word' id='word_1_30' title='bbox 666 326 857 374; x_wconf 86' lang='lat' dir='ltr'>uerbum,</span> <span class='ocrx_word' id='word_1_31' title='bbox 892 326 1092 365; x_wconf 64' lang='lat' dir='ltr'>‘arbusta’</span> <span class='ocrx_word' id='word_1_32' title='bbox 1129 326 1389 367; x_wconf 79' lang='lat' dir='ltr'>celebratius.</span> 
     </span>
    </p>
   </div>
   <div class='ocr_carea' id='block_1_4' title="bbox 63 405 1517 684">
    <p class='ocr_par' dir='ltr' id='par_1_4' title="bbox 63 405 1517 684">
     <span class='ocr_line' id='line_1_6' title="bbox 63 405 1515 456; baseline -0.002 -8"><span class='ocrx_word' id='word_1_33' title='bbox 63 418 108 453; x_wconf 78' lang='lat'>26</span> <span class='ocrx_word' id='word_1_34' title='bbox 200 407 485 454; x_wconf 84' lang='lat' dir='ltr'>Putaban&#39;t,</span> <span class='ocrx_word' id='word_1_35' title='bbox 516 406 666 456; x_wconf 89' lang='lat' dir='ltr'>inquit,</span> <span class='ocrx_word' id='word_1_36' title='bbox 697 418 818 453; x_wconf 91' lang='lat' dir='ltr'>eos,</span> <span class='ocrx_word' id='word_1_37' title='bbox 858 405 943 456; x_wconf 88' lang='lat' dir='ltr'>qui</span> <span class='ocrx_word' id='word_1_38' title='bbox 975 405 1106 446; x_wconf 84' lang='lat' dir='ltr'>foris</span> <span class='ocrx_word' id='word_1_39' title='bbox 1138 410 1293 456; x_wconf 88' lang='lat' dir='ltr'>atque</span> <span class='ocrx_word' id='word_1_40' title='bbox 1331 407 1415 456; x_wconf 89' lang='lat' dir='ltr'>qui</span> <span class='ocrx_word' id='word_1_41' title='bbox 1461 405 1515 445; x_wconf 91' lang='lat' dir='ltr'>in</span> 
     </span>
     <span class='ocr_line' id='line_1_7' title="bbox 120 461 1517 512; baseline -0.003 -7"><span class='ocrx_word' id='word_1_42' title='bbox 120 476 239 505; x_wconf 87' lang='lat' dir='ltr'>arce</span> <span class='ocrx_word' id='word_1_43' title='bbox 277 469 440 512; x_wconf 89' lang='lat' dir='ltr'>erant,</span> <span class='ocrx_word' id='word_1_44' title='bbox 486 464 621 502; x_wconf 87' lang='lat' dir='ltr'>inter</span> <span class='ocrx_word' id='word_1_45' title='bbox 652 474 706 503; x_wconf 90' lang='lat' dir='ltr'>se</span> <span class='ocrx_word' id='word_1_46' title='bbox 749 462 1187 502; x_wconf 79' lang='lat' dir='ltr'>commutationes</span> <span class='ocrx_word' id='word_1_47' title='bbox 1213 467 1263 502; x_wconf 91' lang='lat' dir='ltr'>et</span> <span class='ocrx_word' id='word_1_48' title='bbox 1293 461 1517 502; x_wconf 83' lang='lat' dir='ltr'>consilia</span> 
     </span>
     <span class='ocr_line' id='line_1_8' title="bbox 120 517 1515 567; baseline -0.004 -5"><span class='ocrx_word' id='word_1_49' title='bbox 120 524 312 562; x_wconf 82' lang='lat' dir='ltr'>facere.</span> <span class='ocrx_word' id='word_1_50' title='bbox 375 520 834 567; x_wconf 83' lang='lat' dir='ltr'>commutationes,</span> <span class='ocrx_word' id='word_1_51' title='bbox 867 519 908 558; x_wconf 91' lang='lat' dir='ltr'>id</span> <span class='ocrx_word' id='word_1_52' title='bbox 928 523 992 558; x_wconf 91' lang='lat' dir='ltr'>est</span> <span class='ocrx_word' id='word_1_53' title='bbox 1011 518 1268 559; x_wconf 88' lang='lat' dir='ltr'>conlationes</span> <span class='ocrx_word' id='word_1_54' title='bbox 1292 517 1515 558; x_wconf 86' lang='lat' dir='ltr'>communi—</span> 
     </span>
     <span class='ocr_line' id='line_1_9' title="bbox 121 574 1516 628; baseline -0.004 -10"><span class='ocrx_word' id='word_1_55' title='bbox 121 578 411 628; x_wconf 67' lang='lat' dir='ltr'>nationesque,</span> <span class='ocrx_word' id='word_1_56' title='bbox 438 588 521 616; x_wconf 89' lang='lat' dir='ltr'>non</span> <span class='ocrx_word' id='word_1_57' title='bbox 537 575 689 616; x_wconf 90' lang='lat' dir='ltr'>usitate</span> <span class='ocrx_word' id='word_1_58' title='bbox 707 575 827 624; x_wconf 83' lang='lat' dir='ltr'>dixit,</span> <span class='ocrx_word' id='word_1_59' title='bbox 855 581 919 616; x_wconf 89' lang='lat' dir='ltr'>set</span> <span class='ocrx_word' id='word_1_60' title='bbox 940 586 1022 614; x_wconf 92' lang='lat' dir='ltr'>non</span> <span class='ocrx_word' id='word_1_61' title='bbox 1040 576 1178 614; x_wconf 87' lang='lat' dir='ltr'>hercle</span> <span class='ocrx_word' id='word_1_62' title='bbox 1194 574 1341 614; x_wconf 88' lang='lat' dir='ltr'>inscite</span> <span class='ocrx_word' id='word_1_63' title='bbox 1361 585 1438 614; x_wconf 87' lang='lat' dir='ltr'>nec</span> <span class='ocrx_word' id='word_1_64' title='bbox 1458 574 1516 614; x_wconf 92' lang='lat' dir='ltr'>in-</span> 
     </span>
     <span class='ocr_line' id='line_1_10' title="bbox 121 636 343 684; baseline -0.009 -10"><span class='ocrx_word' id='word_1_65' title='bbox 121 636 343 684; x_wconf 80' lang='lat' dir='ltr'>eleganter.</span> 
     </span>
    </p>
   </div>
   <div class='ocr_carea' id='block_1_5' title="bbox 62 710 1514 820">
    <p class='ocr_par' dir='ltr' id='par_1_5' title="bbox 62 710 1514 820">
     <span class='ocr_line' id='line_1_11' title="bbox 62 710 1514 761; baseline -0.002 -8"><span class='ocrx_word' id='word_1_66' title='bbox 62 716 106 753; x_wconf 83' lang='lat'>27</span> <span class='ocrx_word' id='word_1_67' title='bbox 202 714 315 752; x_wconf 86' lang='lat' dir='ltr'>Haec</span> <span class='ocrx_word' id='word_1_68' title='bbox 333 723 410 761; x_wconf 89' lang='lat' dir='ltr'>ego</span> <span class='ocrx_word' id='word_1_69' title='bbox 432 722 563 761; x_wconf 82' lang='lat' dir='ltr'>pauca</span> <span class='ocrx_word' id='word_1_70' title='bbox 583 711 742 750; x_wconf 87' lang='lat' dir='ltr'>interim</span> <span class='ocrx_word' id='word_1_71' title='bbox 760 722 887 761; x_wconf 88' lang='lat' dir='ltr'>super</span> <span class='ocrx_word' id='word_1_72' title='bbox 904 721 953 750; x_wconf 92' lang='lat' dir='ltr'>eo</span> <span class='ocrx_word' id='word_1_73' title='bbox 973 710 1076 750; x_wconf 88' lang='lat' dir='ltr'>libro</span> <span class='ocrx_word' id='word_1_74' title='bbox 1092 742 1101 758; x_wconf 90' lang='lat'>,</span> <span class='ocrx_word' id='word_1_75' title='bbox 1125 721 1301 760; x_wconf 89' lang='lat' dir='ltr'>quorum</span> <span class='ocrx_word' id='word_1_76' title='bbox 1319 710 1514 751; x_wconf 85' lang='lat' dir='ltr'>memoria</span> 
     </span>
     <span class='ocr_line' id='line_1_12' title="bbox 119 767 1040 820; baseline -0.004 -11"><span class='ocrx_word' id='word_1_77' title='bbox 119 775 217 820; x_wconf 90' lang='lat' dir='ltr'>post</span> <span class='ocrx_word' id='word_1_78' title='bbox 238 769 456 808; x_wconf 86' lang='lat' dir='ltr'>lectionem</span> <span class='ocrx_word' id='word_1_79' title='bbox 474 768 747 817; x_wconf 87' lang='lat' dir='ltr'>subpetierat,</span> <span class='ocrx_word' id='word_1_80' title='bbox 775 767 870 806; x_wconf 88' lang='lat' dir='ltr'>mihi</span> <span class='ocrx_word' id='word_1_81' title='bbox 887 767 1040 806; x_wconf 86' lang='lat' dir='ltr'>notaui.</span> 
     </span>
    </p>
   </div>
   <div class='ocr_carea' id='block_1_6' title="bbox 788 879 853 919">
    <p class='ocr_par' dir='ltr' id='par_1_6' title="bbox 788 879 853 919">
     <span class='ocr_line' id='line_1_13' title="bbox 788 879 853 919; baseline 0 0"><span class='ocrx_word' id='word_1_82' title='bbox 788 879 853 919; x_wconf 91' lang='lat'>111.</span> 
     </span>
    </p>
   </div>
   <div class='ocr_carea' id='block_1_7' title="bbox 120 963 1516 1066">
    <p class='ocr_par' dir='ltr' id='par_1_7' title="bbox 120 963 1516 1066">
     <span class='ocr_line' id='line_1_14' title="bbox 120 963 1516 1011; baseline 0.001 -12"><span class='ocrx_word' id='word_1_83' title='bbox 120 964 245 999; x_wconf 82' lang='lat' dir='ltr'>Verba</span> <span class='ocrx_word' id='word_1_84' title='bbox 263 963 314 998; x_wconf 80' lang='lat' dir='ltr'>M.</span> <span class='ocrx_word' id='word_1_85' title='bbox 334 963 516 998; x_wconf 83' lang='lat' dir='ltr'>Varronis</span> <span class='ocrx_word' id='word_1_86' title='bbox 534 973 581 997; x_wconf 84' lang='lat' dir='ltr'>ex</span> <span class='ocrx_word' id='word_1_87' title='bbox 597 963 690 998; x_wconf 90' lang='lat' dir='ltr'>libro</span> <span class='ocrx_word' id='word_1_88' title='bbox 711 964 837 1009; x_wconf 87' lang='lat' dir='ltr'>quinto</span> <span class='ocrx_word' id='word_1_89' title='bbox 855 966 889 998; x_wconf 86' lang='lat' dir='ltr'>et</span> <span class='ocrx_word' id='word_1_90' title='bbox 907 963 1088 999; x_wconf 87' lang='lat' dir='ltr'>uicesimo</span> <span class='ocrx_word' id='word_1_91' title='bbox 1103 963 1363 1008; x_wconf 86' lang='lat' dir='ltr'>humanarum,</span> <span class='ocrx_word' id='word_1_92' title='bbox 1383 965 1516 1011; x_wconf 82' lang='lat' dir='ltr'>quibus</span> 
     </span>
     <span class='ocr_line' id='line_1_15' title="bbox 179 1020 1458 1066; baseline 0.001 -11"><span class='ocrx_word' id='word_1_93' title='bbox 179 1024 306 1056; x_wconf 89' lang='lat' dir='ltr'>contra</span> <span class='ocrx_word' id='word_1_94' title='bbox 323 1020 536 1066; x_wconf 82' lang='lat' dir='ltr'>opinionem</span> <span class='ocrx_word' id='word_1_95' title='bbox 552 1020 761 1066; x_wconf 85' lang='lat' dir='ltr'>uulgariam</span> <span class='ocrx_word' id='word_1_96' title='bbox 778 1020 1038 1066; x_wconf 81' lang='lat' dir='ltr'>interpretatus</span> <span class='ocrx_word' id='word_1_97' title='bbox 1054 1024 1111 1056; x_wconf 85' lang='lat' dir='ltr'>est</span> <span class='ocrx_word' id='word_1_98' title='bbox 1126 1020 1275 1056; x_wconf 82' lang='lat' dir='ltr'>Homeri</span> <span class='ocrx_word' id='word_1_99' title='bbox 1291 1031 1458 1057; x_wconf 87' lang='lat' dir='ltr'>uersum.</span> 
     </span>
    </p>
   </div>
   <div class='ocr_carea' id='block_1_8' title="bbox 82 1105 1557 1595">
    <p class='ocr_par' dir='ltr' id='par_1_8' title="bbox 82 1105 1515 1325">
     <span class='ocr_line' id='line_1_16' title="bbox 82 1105 1515 1157; baseline 0.001 -13"><span class='ocrx_word' id='word_1_100' title='bbox 82 1118 102 1151; x_wconf 86' lang='lat' dir='ltr'>l</span> <span class='ocrx_word' id='word_1_101' title='bbox 204 1107 247 1145; x_wconf 91' lang='lat' dir='ltr'>In</span> <span class='ocrx_word' id='word_1_102' title='bbox 266 1105 526 1145; x_wconf 86' lang='lat' dir='ltr'>sermonibus</span> <span class='ocrx_word' id='word_1_103' title='bbox 547 1106 676 1153; x_wconf 83' lang='lat' dir='ltr'>sorte,</span> <span class='ocrx_word' id='word_1_104' title='bbox 712 1117 819 1155; x_wconf 90' lang='lat' dir='ltr'>quos</span> <span class='ocrx_word' id='word_1_105' title='bbox 843 1107 894 1146; x_wconf 92' lang='lat' dir='ltr'>de</span> <span class='ocrx_word' id='word_1_106' title='bbox 916 1107 1170 1157; x_wconf 83' lang='lat' dir='ltr'>temporibus</span> <span class='ocrx_word' id='word_1_107' title='bbox 1187 1118 1324 1147; x_wconf 87' lang='lat' dir='ltr'>rerum</span> <span class='ocrx_word' id='word_1_108' title='bbox 1343 1108 1396 1146; x_wconf 91' lang='lat' dir='ltr'>ad</span> <span class='ocrx_word' id='word_1_109' title='bbox 1413 1118 1515 1147; x_wconf 89' lang='lat' dir='ltr'>usus</span> 
     </span>
     <span class='ocr_line' id='line_1_17' title="bbox 118 1161 1514 1214; baseline 0.001 -13"><span class='ocrx_word' id='word_1_110' title='bbox 118 1162 328 1202; x_wconf 89' lang='lat' dir='ltr'>hominum</span> <span class='ocrx_word' id='word_1_111' title='bbox 356 1167 611 1211; x_wconf 86' lang='lat' dir='ltr'>repertarum</span> <span class='ocrx_word' id='word_1_112' title='bbox 637 1161 911 1211; x_wconf 79' lang='lat' dir='ltr'>agitabamus,</span> <span class='ocrx_word' id='word_1_113' title='bbox 937 1164 1184 1203; x_wconf 80' lang='lat' dir='ltr'>adulescens</span> <span class='ocrx_word' id='word_1_114' title='bbox 1206 1163 1408 1214; x_wconf 86' lang='lat' dir='ltr'>quispiam</span> <span class='ocrx_word' id='word_1_115' title='bbox 1431 1174 1514 1203; x_wconf 92' lang='lat' dir='ltr'>non</span> 
     </span>
     <span class='ocr_line' id='line_1_18' title="bbox 118 1218 1514 1268; baseline 0.001 -11"><span class='ocrx_word' id='word_1_116' title='bbox 118 1218 312 1258; x_wconf 87' lang='lat' dir='ltr'>indoctus</span> <span class='ocrx_word' id='word_1_117' title='bbox 332 1218 459 1267; x_wconf 84' lang='lat' dir='ltr'>sparti</span> <span class='ocrx_word' id='word_1_118' title='bbox 477 1229 645 1267; x_wconf 87' lang='lat' dir='ltr'>quoque</span> <span class='ocrx_word' id='word_1_119' title='bbox 660 1230 780 1257; x_wconf 90' lang='lat' dir='ltr'>usum</span> <span class='ocrx_word' id='word_1_120' title='bbox 798 1219 836 1258; x_wconf 90' lang='lat' dir='ltr'>in</span> <span class='ocrx_word' id='word_1_121' title='bbox 853 1225 963 1258; x_wconf 87' lang='lat' dir='ltr'>terra</span> <span class='ocrx_word' id='word_1_122' title='bbox 982 1220 1153 1259; x_wconf 82' lang='lat' dir='ltr'>Graecia</span> <span class='ocrx_word' id='word_1_123' title='bbox 1170 1219 1239 1259; x_wconf 89' lang='lat' dir='ltr'>diu</span> <span class='ocrx_word' id='word_1_124' title='bbox 1260 1219 1514 1268; x_wconf 80' lang='lat' dir='ltr'>incognitum</span> 
     </span>
     <span class='ocr_line' id='line_1_19' title="bbox 120 1273 1515 1325; baseline 0.001 -12"><span class='ocrx_word' id='word_1_125' title='bbox 120 1274 248 1313; x_wconf 85' lang='lat' dir='ltr'>fuisse</span> <span class='ocrx_word' id='word_1_126' title='bbox 276 1274 377 1312; x_wconf 86' lang='lat' dir='ltr'>dixit</span> <span class='ocrx_word' id='word_1_127' title='bbox 406 1273 626 1323; x_wconf 89' lang='lat' dir='ltr'>multisque</span> <span class='ocrx_word' id='word_1_128' title='bbox 655 1279 754 1323; x_wconf 88' lang='lat' dir='ltr'>post</span> <span class='ocrx_word' id='word_1_129' title='bbox 784 1275 898 1314; x_wconf 90' lang='lat' dir='ltr'>llium</span> <span class='ocrx_word' id='word_1_130' title='bbox 931 1280 1095 1325; x_wconf 89' lang='lat' dir='ltr'>captum</span> <span class='ocrx_word' id='word_1_131' title='bbox 1115 1275 1432 1324; x_wconf 83' lang='lat' dir='ltr'>tempestatibus</span> <span class='ocrx_word' id='word_1_132' title='bbox 1464 1286 1515 1314; x_wconf 87' lang='lat' dir='ltr'>ex</span> 
     </span>
    </p>

    <p class='ocr_par' dir='ltr' id='par_1_9' title="bbox 82 1329 1557 1595">
     <span class='ocr_line' id='line_1_20' title="bbox 82 1329 1515 1378; baseline 0.001 -9"><span class='ocrx_word' id='word_1_133' title='bbox 82 1340 104 1374; x_wconf 82' lang='lat'><strong>2</strong></span> <span class='ocrx_word' id='word_1_134' title='bbox 121 1336 229 1369; x_wconf 91' lang='lat' dir='ltr'>terra</span> <span class='ocrx_word' id='word_1_135' title='bbox 244 1329 442 1378; x_wconf 83' lang='lat' dir='ltr'>Hispania</span> <span class='ocrx_word' id='word_1_136' title='bbox 472 1330 704 1368; x_wconf 86' lang='lat' dir='ltr'>aduectum.</span> <span class='ocrx_word' id='word_1_137' title='bbox 766 1330 963 1370; x_wconf 89' lang='lat' dir='ltr'>Riserunt</span> <span class='ocrx_word' id='word_1_138' title='bbox 988 1332 1067 1370; x_wconf 90' lang='lat' dir='ltr'>hoc</span> <span class='ocrx_word' id='word_1_139' title='bbox 1089 1331 1141 1370; x_wconf 86' lang='lat' dir='ltr'>ad</span> <span class='ocrx_word' id='word_1_140' title='bbox 1172 1331 1441 1370; x_wconf 89' lang='lat' dir='ltr'>inludendum</span> <span class='ocrx_word' id='word_1_141' title='bbox 1463 1342 1515 1370; x_wconf 84' lang='lat' dir='ltr'>ex</span> 
     </span>
     <span class='ocr_line' id='line_1_21' title="bbox 120 1385 1557 1435; baseline 0.001 -10"><span class='ocrx_word' id='word_1_142' title='bbox 120 1386 196 1433; x_wconf 88' lang='lat' dir='ltr'>his,</span> <span class='ocrx_word' id='word_1_143' title='bbox 230 1385 299 1435; x_wconf 89' lang='lat' dir='ltr'>qui</span> <span class='ocrx_word' id='word_1_144' title='bbox 314 1385 367 1424; x_wconf 94' lang='lat' dir='ltr'>ibi</span> <span class='ocrx_word' id='word_1_145' title='bbox 384 1386 569 1433; x_wconf 87' lang='lat' dir='ltr'>aderant,</span> <span class='ocrx_word' id='word_1_146' title='bbox 601 1397 708 1424; x_wconf 91' lang='lat' dir='ltr'>unus</span> <span class='ocrx_word' id='word_1_147' title='bbox 732 1390 857 1435; x_wconf 86' lang='lat' dir='ltr'>atque</span> <span class='ocrx_word' id='word_1_148' title='bbox 873 1388 987 1434; x_wconf 86' lang='lat' dir='ltr'>alter,</span> <span class='ocrx_word' id='word_1_149' title='bbox 1019 1388 1125 1426; x_wconf 90' lang='lat' dir='ltr'>male</span> <span class='ocrx_word' id='word_1_150' title='bbox 1145 1386 1334 1426; x_wconf 88' lang='lat' dir='ltr'>homines</span> <span class='ocrx_word' id='word_1_151' title='bbox 1352 1386 1514 1435; x_wconf 91' lang='lat' dir='ltr'>literati,</span> <span class='ocrx_word' id='word_1_152' title='bbox 1553 1400 1557 1403; x_wconf 95' lang='lat'>·</span> 
     </span>
     <span class='ocr_line' id='line_1_22' title="bbox 121 1435 1514 1492; baseline 0.001 -11"><span class='ocrx_word' id='word_1_153' title='bbox 121 1441 235 1491; x_wconf 83' lang='lat' dir='ltr'>quod</span> <span class='ocrx_word' id='word_1_154' title='bbox 258 1453 389 1491; x_wconf 86' lang='lat' dir='ltr'>genus</span> <span class='ocrx_word' id='word_1_155' title='bbox 411 1435 699 1492; x_wconf 56' lang='lat' dir='ltr'>‘dropaiovg’</span> <span class='ocrx_word' id='word_1_156' title='bbox 719 1442 863 1481; x_wconf 84' lang='lat' dir='ltr'>Graeci</span> <span class='ocrx_word' id='word_1_157' title='bbox 881 1443 1108 1492; x_wconf 87' lang='lat' dir='ltr'>appellant,</span> <span class='ocrx_word' id='word_1_158' title='bbox 1141 1448 1266 1492; x_wconf 88' lang='lat' dir='ltr'>atque</span> <span class='ocrx_word' id='word_1_159' title='bbox 1288 1454 1381 1482; x_wconf 89' lang='lat' dir='ltr'>eum</span> <span class='ocrx_word' id='word_1_160' title='bbox 1397 1474 1406 1490; x_wconf 92' lang='lat'>‚</span> <span class='ocrx_word' id='word_1_161' title='bbox 1445 1443 1514 1492; x_wconf 89' lang='lat' dir='ltr'>qui</span> 
     </span>
     <span class='ocr_line' id='line_1_23' title="bbox 118 1497 1516 1547; baseline 0.001 -9"><span class='ocrx_word' id='word_1_162' title='bbox 118 1499 160 1539; x_wconf 91' lang='lat' dir='ltr'>id</span> <span class='ocrx_word' id='word_1_163' title='bbox 179 1498 357 1545; x_wconf 85' lang='lat' dir='ltr'>dixerat,</span> <span class='ocrx_word' id='word_1_164' title='bbox 390 1497 536 1536; x_wconf 86' lang='lat' dir='ltr'>librum</span> <span class='ocrx_word' id='word_1_165' title='bbox 560 1497 713 1547; x_wconf 81' lang='lat' dir='ltr'>legisse</span> <span class='ocrx_word' id='word_1_166' title='bbox 737 1498 946 1538; x_wconf 84' lang='lat' dir='ltr'>Homeri</span> <span class='ocrx_word' id='word_1_167' title='bbox 972 1499 1156 1547; x_wconf 83' lang='lat' dir='ltr'>aiebant,</span> <span class='ocrx_word' id='word_1_168' title='bbox 1186 1499 1252 1539; x_wconf 84' lang='lat' dir='ltr'>cui</span> <span class='ocrx_word' id='word_1_169' title='bbox 1276 1509 1426 1539; x_wconf 90' lang='lat' dir='ltr'>uersus</span> <span class='ocrx_word' id='word_1_170' title='bbox 1449 1499 1516 1538; x_wconf 83' lang='lat' dir='ltr'>hic</span> 
     </span>
     <span class='ocr_line' id='line_1_24' title="bbox 120 1554 436 1595; baseline -0.006 0"><span class='ocrx_word' id='word_1_171' title='bbox 120 1558 225 1595; x_wconf 86' lang='lat' dir='ltr'>forte</span> <span class='ocrx_word' id='word_1_172' title='bbox 249 1554 436 1594; x_wconf 87' lang='lat' dir='ltr'>deesset:</span> 
     </span>
    </p>
   </div>
   <div class='ocr_carea' id='block_1_9' title="bbox 179 1626 1515 1729">
    <p class='ocr_par' dir='ltr' id='par_1_10' title="bbox 179 1626 1515 1729">
     <span class='ocr_line' id='line_1_25' title="bbox 179 1626 1515 1686; baseline 0.001 -15"><span class='ocrx_word' id='word_1_173' title='bbox 179 1629 279 1672; x_wconf 83' lang='grc' dir='ltr'>Καὶ</span> <span class='ocrx_word' id='word_1_174' title='bbox 299 1626 361 1684; x_wconf 78' lang='grc' dir='ltr'>δὴ</span> <span class='ocrx_word' id='word_1_175' title='bbox 384 1631 562 1684; x_wconf 80' lang='grc' dir='ltr'><em>δοῦρα</em></span> <span class='ocrx_word' id='word_1_176' title='bbox 584 1630 787 1685; x_wconf 82' lang='grc' dir='ltr'><em>σέσηπε</em></span> <span class='ocrx_word' id='word_1_177' title='bbox 815 1633 957 1672; x_wconf 76' lang='grc' dir='ltr'><strong><em>νεών</em></strong></span> <span class='ocrx_word' id='word_1_178' title='bbox 977 1631 1066 1673; x_wconf 81' lang='grc' dir='ltr'>καὶ</span> <span class='ocrx_word' id='word_1_179' title='bbox 1089 1630 1298 1686; x_wconf 82' lang='grc' dir='ltr'><strong><em>σπάρτα</em></strong></span> <span class='ocrx_word' id='word_1_180' title='bbox 1319 1631 1515 1674; x_wconf 80' lang='grc' dir='ltr'><strong><em>λέλυν-</em></strong></span> 
     </span>
     <span class='ocr_line' id='line_1_26' title="bbox 947 1703 1049 1729; baseline 0 0"><span class='ocrx_word' id='word_1_181' title='bbox 947 1703 1049 1729; x_wconf 78' lang='grc' dir='ltr'><strong><em>ται.</em></strong></span> 
     </span>
    </p>
   </div>
   <div class='ocr_carea' id='block_1_10' title="bbox 81 1777 1575 2277">
    <p class='ocr_par' dir='ltr' id='par_1_11' title="bbox 84 1777 1513 1942">
     <span class='ocr_line' id='line_1_27' title="bbox 84 1777 1513 1828; baseline -0.001 -9"><span class='ocrx_word' id='word_1_182' title='bbox 84 1785 104 1819; x_wconf 80' lang='lat'>3</span> <span class='ocrx_word' id='word_1_183' title='bbox 212 1777 400 1817; x_wconf 80' lang='lat' dir='ltr'>&#39;rumille</span> <span class='ocrx_word' id='word_1_184' title='bbox 429 1790 621 1828; x_wconf 89' lang='lat' dir='ltr'>prorsum</span> <span class='ocrx_word' id='word_1_185' title='bbox 644 1779 852 1818; x_wconf 87' lang='lat' dir='ltr'>inritatus:</span> <span class='ocrx_word' id='word_1_186' title='bbox 892 1782 1047 1827; x_wconf 76' lang='lat' dir='ltr'>‘non&#39;,</span> <span class='ocrx_word' id='word_1_187' title='bbox 1086 1779 1236 1828; x_wconf 90' lang='lat' dir='ltr'>inquit,</span> <span class='ocrx_word' id='word_1_188' title='bbox 1273 1783 1387 1818; x_wconf 73' lang='lat' dir='ltr'>‘meo</span> <span class='ocrx_word' id='word_1_189' title='bbox 1410 1779 1513 1818; x_wconf 85' lang='lat' dir='ltr'>libro</span> 
     </span>
     <span class='ocr_line' id='line_1_28' title="bbox 120 1833 1512 1885; baseline 0.001 -13"><span class='ocrx_word' id='word_1_190' title='bbox 120 1845 291 1882; x_wconf 90' lang='lat' dir='ltr'>uersus,</span> <span class='ocrx_word' id='word_1_191' title='bbox 320 1833 411 1883; x_wconf 86' lang='lat' dir='ltr'>ipse</span> <span class='ocrx_word' id='word_1_192' title='bbox 441 1834 562 1874; x_wconf 91' lang='lat' dir='ltr'>uobis</span> <span class='ocrx_word' id='word_1_193' title='bbox 593 1838 716 1885; x_wconf 86' lang='lat' dir='ltr'>plane</span> <span class='ocrx_word' id='word_1_194' title='bbox 747 1834 945 1884; x_wconf 88' lang='lat' dir='ltr'>magister</span> <span class='ocrx_word' id='word_1_195' title='bbox 966 1835 1111 1882; x_wconf 81' lang='lat' dir='ltr'>defuit,</span> <span class='ocrx_word' id='word_1_196' title='bbox 1138 1834 1173 1874; x_wconf 92' lang='lat' dir='ltr'>si</span> <span class='ocrx_word' id='word_1_197' title='bbox 1201 1835 1365 1874; x_wconf 89' lang='lat' dir='ltr'>creditis</span> <span class='ocrx_word' id='word_1_198' title='bbox 1400 1835 1438 1874; x_wconf 88' lang='lat' dir='ltr'>in</span> <span class='ocrx_word' id='word_1_199' title='bbox 1462 1845 1512 1874; x_wconf 87' lang='lat' dir='ltr'>eo</span> 
     </span>
     <span class='ocr_line' id='line_1_29' title="bbox 119 1886 1512 1942; baseline 0.001 -14"><span class='ocrx_word' id='word_1_200' title='bbox 119 1900 246 1928; x_wconf 89' lang='lat' dir='ltr'>uersu</span> <span class='ocrx_word' id='word_1_201' title='bbox 269 1886 483 1942; x_wconf 79' lang='grc' dir='ltr'><em>σπάρτα</em></span> <span class='ocrx_word' id='word_1_202' title='bbox 505 1890 546 1929; x_wconf 94' lang='lat' dir='ltr'>id</span> <span class='ocrx_word' id='word_1_203' title='bbox 567 1891 812 1939; x_wconf 77' lang='lat' dir='ltr'>significare,</span> <span class='ocrx_word' id='word_1_204' title='bbox 839 1892 954 1940; x_wconf 87' lang='lat' dir='ltr'>quod</span> <span class='ocrx_word' id='word_1_205' title='bbox 969 1902 1046 1930; x_wconf 93' lang='lat' dir='ltr'>nos</span> <span class='ocrx_word' id='word_1_206' title='bbox 1065 1893 1282 1940; x_wconf 74' lang='lat' dir='ltr'>‘spartum’</span> <span class='ocrx_word' id='word_1_207' title='bbox 1307 1890 1512 1930; x_wconf 89' lang='lat' dir='ltr'>dicimus&#39;.</span> 
     </span>
    </p>

    <p class='ocr_par' dir='ltr' id='par_1_12' title="bbox 81 1945 1575 2277">
     <span class='ocr_line' id='line_1_30' title="bbox 81 1945 1516 1996; baseline 0 -11"><span class='ocrx_word' id='word_1_208' title='bbox 81 1953 103 1985; x_wconf 78' lang='lat'><strong>4</strong></span> <span class='ocrx_word' id='word_1_209' title='bbox 118 1945 316 1985; x_wconf 83' lang='lat' dir='ltr'>Maiorem</span> <span class='ocrx_word' id='word_1_210' title='bbox 331 1945 386 1984; x_wconf 92' lang='lat' dir='ltr'>illi</span> <span class='ocrx_word' id='word_1_211' title='bbox 403 1945 529 1985; x_wconf 92' lang='lat' dir='ltr'>risum</span> <span class='ocrx_word' id='word_1_212' title='bbox 547 1947 778 1995; x_wconf 88' lang='lat' dir='ltr'>subiiciunt,</span> <span class='ocrx_word' id='word_1_213' title='bbox 802 1958 939 1996; x_wconf 90' lang='lat' dir='ltr'>neque</span> <span class='ocrx_word' id='word_1_214' title='bbox 954 1947 995 1986; x_wconf 91' lang='lat' dir='ltr'>id</span> <span class='ocrx_word' id='word_1_215' title='bbox 1012 1946 1270 1994; x_wconf 89' lang='lat' dir='ltr'>destiterunt,</span> <span class='ocrx_word' id='word_1_216' title='bbox 1287 1945 1365 1986; x_wconf 90' lang='lat' dir='ltr'>nisi</span> <span class='ocrx_word' id='word_1_217' title='bbox 1381 1946 1450 1986; x_wconf 90' lang='lat' dir='ltr'>lib</span> <span class='ocrx_word' id='word_1_218' title='bbox 1463 1957 1516 1985; x_wconf 89' lang='lat' dir='ltr'>er</span> 
     </span>
     <span class='ocr_line' id='line_1_31' title="bbox 121 2001 1514 2052; baseline 0.002 -13"><span class='ocrx_word' id='word_1_219' title='bbox 121 2001 170 2039; x_wconf 83' lang='lat' dir='ltr'>ab</span> <span class='ocrx_word' id='word_1_220' title='bbox 193 2012 242 2041; x_wconf 92' lang='lat' dir='ltr'>eo</span> <span class='ocrx_word' id='word_1_221' title='bbox 267 2003 454 2051; x_wconf 82' lang='lat' dir='ltr'>prolatus</span> <span class='ocrx_word' id='word_1_222' title='bbox 482 2009 595 2042; x_wconf 92' lang='lat' dir='ltr'>esset</span> <span class='ocrx_word' id='word_1_223' title='bbox 623 2005 677 2043; x_wconf 89' lang='lat' dir='ltr'>M.</span> <span class='ocrx_word' id='word_1_224' title='bbox 701 2003 958 2043; x_wconf 86' lang='lat' dir='ltr'>Varronis</span> <span class='ocrx_word' id='word_1_225' title='bbox 986 2002 1270 2042; x_wconf 87' lang='lat' dir='ltr'>uicesimus</span> <span class='ocrx_word' id='word_1_226' title='bbox 1302 2002 1514 2052; x_wconf 83' lang='lat' dir='ltr'>quintus</span> 
     </span>
     <span class='ocr_line' id='line_1_32' title="bbox 120 2057 1516 2108; baseline 0 -12"><span class='ocrx_word' id='word_1_227' title='bbox 120 2057 475 2106; x_wconf 84' lang='lat' dir='ltr'>humanarum,</span> <span class='ocrx_word' id='word_1_228' title='bbox 505 2058 544 2097; x_wconf 93' lang='lat' dir='ltr'>in</span> <span class='ocrx_word' id='word_1_229' title='bbox 573 2071 654 2108; x_wconf 91' lang='lat' dir='ltr'>quo</span> <span class='ocrx_word' id='word_1_230' title='bbox 678 2060 730 2098; x_wconf 92' lang='lat' dir='ltr'>de</span> <span class='ocrx_word' id='word_1_231' title='bbox 753 2058 834 2098; x_wconf 90' lang='lat' dir='ltr'>isto</span> <span class='ocrx_word' id='word_1_232' title='bbox 855 2059 1058 2098; x_wconf 87' lang='lat' dir='ltr'>Homeri</span> <span class='ocrx_word' id='word_1_233' title='bbox 1086 2059 1215 2098; x_wconf 90' lang='lat' dir='ltr'>uerbo</span> <span class='ocrx_word' id='word_1_234' title='bbox 1237 2060 1516 2098; x_wconf 85' lang='lat' dir='ltr'>aVarrone</span> 
     </span>
     <span class='ocr_line' id='line_1_33' title="bbox 119 2111 1513 2166; baseline 0.001 -16"><span class='ocrx_word' id='word_1_235' title='bbox 119 2112 489 2162; x_wconf 86' lang='lat' dir='ltr'>itascriptumest:</span> <span class='ocrx_word' id='word_1_236' title='bbox 528 2115 633 2164; x_wconf 86' lang='lat' dir='ltr'>Ego</span> <span class='ocrx_word' id='word_1_237' title='bbox 667 2111 928 2166; x_wconf 65' lang='lat' dir='ltr'>‘amiota’</span> <span class='ocrx_word' id='word_1_238' title='bbox 961 2115 1093 2164; x_wconf 83' lang='lat' dir='ltr'>apud</span> <span class='ocrx_word' id='word_1_239' title='bbox 1115 2115 1383 2154; x_wconf 85' lang='lat' dir='ltr'>Homerum</span> <span class='ocrx_word' id='word_1_240' title='bbox 1412 2125 1513 2153; x_wconf 91' lang='lat' dir='ltr'>non</span> 
     </span>
     <span class='ocr_line' id='line_1_34' title="bbox 121 2166 1513 2221; baseline 0.002 -15"><span class='ocrx_word' id='word_1_241' title='bbox 121 2169 241 2216; x_wconf 90' lang='lat' dir='ltr'>plus</span> <span class='ocrx_word' id='word_1_242' title='bbox 281 2173 565 2219; x_wconf 75' lang='lat' dir='ltr'>‘spartum&#39;</span> <span class='ocrx_word' id='word_1_243' title='bbox 599 2170 900 2221; x_wconf 80' lang='lat' dir='ltr'>significare</span> <span class='ocrx_word' id='word_1_244' title='bbox 939 2176 1083 2220; x_wconf 90' lang='lat' dir='ltr'>puto,</span> <span class='ocrx_word' id='word_1_245' title='bbox 1132 2181 1276 2219; x_wconf 88' lang='lat' dir='ltr'>quam</span> <span class='ocrx_word' id='word_1_246' title='bbox 1320 2166 1513 2219; x_wconf 65' lang='lat' dir='ltr'>‘enoio-</span> 
     </span>
     <span class='ocr_line' id='line_1_35' title="bbox 120 2225 1575 2277; baseline 0.002 -16"><span class='ocrx_word' id='word_1_247' title='bbox 120 2226 289 2277; x_wconf 77' lang='grc' dir='ltr'><strong>τους’,</strong></span> <span class='ocrx_word' id='word_1_248' title='bbox 335 2226 416 2274; x_wconf 89' lang='lat' dir='ltr'>qui</span> <span class='ocrx_word' id='word_1_249' title='bbox 455 2226 699 2266; x_wconf 88' lang='lat' dir='ltr'>dicuntur</span> <span class='ocrx_word' id='word_1_250' title='bbox 742 2226 789 2264; x_wconf 88' lang='lat' dir='ltr'>in</span> <span class='ocrx_word' id='word_1_251' title='bbox 827 2237 955 2275; x_wconf 84' lang='lat' dir='ltr'>agro</span> <span class='ocrx_word' id='word_1_252' title='bbox 990 2226 1234 2266; x_wconf 86' lang='lat' dir='ltr'>Thebano</span> <span class='ocrx_word' id='word_1_253' title='bbox 1272 2225 1392 2265; x_wconf 82' lang='lat' dir='ltr'>nati.</span> <span class='ocrx_word' id='word_1_254' title='bbox 1457 2225 1512 2264; x_wconf 84' lang='lat' dir='ltr'>In</span> <span class='ocrx_word' id='word_1_255' title='bbox 1570 2246 1575 2250; x_wconf 95' lang='lat'>-</span> 
     </span>
    </p>
   </div>
  </div>
 </body>
</html>
