1635 2492
736 3 827 43 XX.
857 13 886 42 1.
1439 2 1524 45 241

104 129 256 160 seruus
294 117 569 168 sequebatur,
610 117 748 172 serens
777 128 1017 157 crumenam
1054 118 1220 167 plenam
1258 116 1438 166 assium;
1478 123 1524 158 ut

106 185 315 226 quemque
331 174 657 225 depalmauerat,
674 174 883 213 numerari
900 173 1038 213 statim
1055 175 1287 214 secundum
1298 174 1521 215 duodecim

102 231 266 272 tabulas
285 231 470 281 quinque
487 235 528 270 et
548 230 692 281 uiginti
708 241 828 270 asses
846 231 1026 270 iubebat.
1086 232 1344 281 Propterea'‚
1373 232 1519 282 inquit,

39 335 41 337 ,
103 292 340 340 ‘praetores
358 292 508 338 postea
523 288 632 327 hanc
650 288 896 328 abolescere
920 292 961 327 et
984 287 1161 338 relinqui
1186 293 1441 328 censuerunt
1460 289 1519 328 in-

42 349 46 355 '
100 344 303 395 iuriisque
326 344 611 385 aestumandis
642 349 963 395 recuperatores
990 356 1036 383 se
1064 345 1237 386 daturos
1263 345 1516 386 edixerunt’.

100 403 311 443 Nonnulla
331 406 468 441 autem
486 401 526 440 in
546 401 636 442 istis
654 401 816 452 legibus
840 413 918 441 nec
940 402 1172 442 consistere
1191 402 1372 452 quidem,
1397 403 1518 443 sicuti
1530 405 1576 441 14

102 458 208 507 dixi,
237 458 331 498 uisa
354 463 474 507 sunt,
505 459 620 498 uelut
636 458 703 497 illa
720 460 786 497 lex
808 458 986 500 talionis.
1017 459 1134 499 cuius
1152 461 1301 507 uerba,
1331 460 1410 500 nisi
1434 472 1516 500 me-

101 515 232 557 moria
273 515 389 564 fallit,
428 515 533 555 haec
565 520 679 555 sunt:
724 515 766 555 si
802 516 1079 555 membrum
1117 517 1279 566 rupit,
1319 517 1367 555 ni
1407 528 1515 556 cum

101 585 124 614 e
154 577 328 624 pacto,
361 572 487 612 talio
526 577 655 612 esto.
717 573 886 612 Praeter
917 573 1025 612 enim
1054 572 1287 613 ulciscendi
1317 574 1574 613 acerbita-15

98 635 184 670 tem
216 641 269 669 ne
299 629 534 681 procedere
567 641 736 679 quoque
772 630 963 669 executio
991 630 1124 670 iustae
1160 631 1325 671 talionis
1359 636 1513 681 potest.

97 688 200 727 Nam
219 687 284 726 cui
301 687 531 726 membrum
553 686 603 725 ab
621 687 700 725 alio
719 692 885 736 ruptum
903 693 979 735 est,
1012 687 1046 726 si
1063 688 1142 738 ipsi
1163 688 1303 727 itidem
1321 700 1515 739 rumpere

97 756 174 795 per
194 743 392 784 talionem
409 743 520 791 uelit,
555 754 710 793 quaero
724 776 733 791 ,
765 755 813 782 an
832 743 999 783 efficere
1018 745 1153 793 possit
1170 746 1390 795 rumpendi
1411 746 1515 795 pari-

100 806 162 841 ter
187 801 360 855 membri
384 800 701 850 aequilibrium?
738 801 780 839 In
813 812 895 850 qua
927 812 972 839 re
1003 802 1180 851 primum
1216 814 1264 841 ca
1290 802 1513 842 difficultas

97 862 164 899 est
192 857 509 908 inexplicabilis.
572 857 649 907 Qui
681 857 743 897 sin
779 858 1049 906 mcmbrum',
1092 858 1243 908 inquit,
1278 859 1420 899 ‘alteri
1455 859 1513 898 in·
1528 860 1572 896 16

95 915 283 966 prudens
300 914 484 966 ruperit?
516 915 630 964 quod
650 914 757 954 enim
775 914 1039 965 inprudentia
1059 916 1211 955 factum
1229 921 1314 964 est,
1333 916 1514 956 retaliari

95 983 173 1023 per
187 971 494 1023 inprudentiam
513 971 650 1011 debet.
712 973 823 1011 Ictus
847 972 1001 1022 quippe
1021 973 1212 1013 fortuitus
1232 979 1272 1012 et
1294 975 1511 1014 consultus

95 1040 181 1069 non
220 1029 376 1069 cadunt
412 1029 490 1069 sub
521 1028 710 1068 eiusdem
737 1029 902 1069 talionis
935 1029 1259 1070 similitudincm.
1323 1031 1511 1080 Quonam

94 1085 219 1136 igitur
243 1087 370 1126 modo
395 1085 687 1136 inprudentem
712 1086 864 1134 poterit
891 1086 1057 1134 imitari,
1091 1087 1158 1136 qui
1188 1086 1226 1126 in
1263 1088 1512 1137 exequenda

93 1141 250 1182 talione
273 1155 357 1183 non
382 1142 570 1181 licentiae
593 1141 657 1181 ius
679 1142 826 1190 habet⁷
860 1143 934 1182 sed
967 1142 1285 1193 inprudentiae?
1317 1144 1400 1184 Sed
1420 1150 1460 1184 et
1478 1143 1568 1184 si17

93 1200 281 1250 prudens
303 1198 480 1250 ruperit,
510 1210 776 1248 nequaquam
798 1199 979 1249 patietur
1002 1206 1071 1239 aut
1096 1200 1216 1239 altius
1245 1212 1290 1240 se
1308 1201 1416 1240 laedi
1440 1207 1510 1240 aut

94 1256 232 1296 latius.
296 1256 416 1306 Quod
441 1255 676 1295 cuiusmodi
698 1255 801 1295 libra
829 1261 954 1306 atque
982 1269 1178 1297 mensura
1201 1258 1341 1297 caueri
1359 1258 1508 1308 possit,

93 1325 178 1353 non
199 1313 380 1364 reperio.
444 1312 547 1362 Quin
572 1312 714 1359 etiam,
746 1313 780 1352 si
806 1313 904 1362 quid
930 1315 1022 1363 plus
1050 1315 1126 1353 erit
1142 1315 1314 1354 aliterue
1333 1315 1569 1356 conniis-18

93 1381 207 1418 sum,
241 1381 310 1411 res
328 1370 400 1409 fiet
419 1369 619 1409 ridiculae
643 1369 892 1418 atrocitatis,
924 1376 968 1409 ut
991 1371 1198 1411 contraria
1215 1372 1322 1411 actio
1342 1377 1508 1412 mutuae

91 1426 258 1467 talionis
287 1427 445 1467 oriatur
476 1431 516 1466 et
547 1427 765 1466 adulescat
793 1427 950 1466 infinita
991 1430 1194 1478 quaedam
1230 1428 1506 1479 reciprocatio

77 1478 307 1524 ’talionum
382 1485 483 1523 Nam
525 1484 577 1523 de
622 1483 860 1523 inmanitate
896 1484 964 1523 illa
1007 1486 1179 1525 secandi
1218 1485 1565 1536 partiendiquel9

91 1540 259 1581 humani
296 1540 506 1590 corporis,
539 1540 575 1580 si
611 1552 719 1580 unus
755 1540 817 1580 ob'
839 1542 1058 1591 pecuniam
1088 1543 1267 1582 debitam
1300 1543 1507 1583 iudicatus

91 1597 369 1648 addictusque
411 1597 464 1637 sit
506 1597 714 1647 pluribus,
754 1610 837 1638 non
892 1599 991 1638 libet
1035 1599 1276 1639 meminisse
1314 1605 1355 1638 et
1395 1599 1509 1650 piget

92 1654 245 1694 dicere.
308 1653 414 1704 Quid
451 1654 559 1693 enim
596 1654 729 1694 uideri
763 1661 904 1704 potest
938 1656 1179 1703 efferatius,
1213 1655 1312 1705 quid
1346 1657 1397 1696 ab
1434 1657 1506 1697 ho-

90 1711 211 1751 minis
229 1711 395 1761 ingenio
414 1710 641 1758 diuersam,
672 1722 795 1761 quam
817 1714 930 1761 quod
949 1714 1134 1752 membra
1150 1712 1287 1762 inopis
1306 1713 1505 1754 debitoris

88 1767 339 1808 breuissimo
366 1767 520 1807 laniatu
537 1767 897 1816 distrahebantur,
927 1769 1048 1809 sicuti
1070 1781 1178 1809 nunc
1211 1770 1321 1809 bona
1351 1782 1505 1810 uenum

89 1824 400 1866 distrahuntur?
410 1827 423 1846 ³

175 1883 278 1922 Tum
297 1882 410 1923 Sex.
434 1881 669 1922 Caeciliu
683 1893 702 1921 s
721 1884 938 1933 amplexus
962 1889 1139 1934 utraque
1157 1895 1281 1924 manu
1299 1885 1562 1925 Fauori-20

89 1950 208 1978 num
234 1943 296 1980 ‘tu
317 1943 394 1987 es'‚
423 1938 574 1989 inquit,
609 1943 734 1978 ‘unus
756 1941 945 1989 profecto
969 1941 1006 1979 in
1032 1947 1176 1981 nostra
1194 1942 1396 1981 memoria
1418 1954 1501 1982 non

90 1995 275 2036 Graecae
291 1997 419 2037 modo
433 2029 442 2044 ,
468 1997 544 2036 sed
561 1997 775 2035 Romanae
795 2009 963 2047 quoque
984 1998 1043 2037 rei
1061 1999 1351 2048 peritissimus.
1404 1999 1502 2048 Quis

89 2052 198 2092 enim
225 2053 574 2104 philosophorum
602 2052 846 2102 disciplinae
869 2066 970 2093 suae
993 2056 1108 2105 leges
1137 2061 1218 2095 tam
1248 2055 1351 2095 scite
1377 2061 1501 2105 atque

88 2109 213 2150 docte
230 2111 363 2158 callet,
375 2122 497 2160 quam
516 2111 632 2160 leges
650 2114 693 2148 tu
716 2115 883 2150 nostras
902 2111 1202 2152 decemuirales
1220 2112 1502 2161 percalluisti?

88 2166 185 2214 sed,
223 2177 382 2216 quaeso
404 2172 541 2207 tecum
567 2172 724 2214 tamen,
765 2167 1012 2216 degrediare
1043 2169 1258 2218 paulisper
1286 2169 1558 2210 curriculis21

85 2221 177 2263 istis
195 2222 521 2274 disputationum
547 2229 782 2263 uestrarum
805 2224 1053 2265 academicis
1081 2226 1324 2275 omissoque
1346 2226 1499 2274 studio,

145 2281 297 2319 Gztmvs
318 2281 364 2319 ΙΙ.
1222 2281 1275 2322 16
