1635 2492
690 32 795 71 Xlll.
827 43 856 71 1.
887 42 932 70 11.
1468 29 1523 73 71

103 145 200 185 dam
221 144 454 186 necessitas
485 144 558 185 fati
579 144 857 193 constituitur,
888 150 934 184 ut
952 144 1091 185 omnia
1121 143 1229 184 intra
1250 145 1380 184 fatum
1412 145 1524 185 clau-

102 201 244 242 denda
263 201 366 252 sint,
399 202 479 242 nisi
492 202 595 242 illud
610 213 713 242 sane
734 203 893 242 Home
906 201 948 241 ri
972 206 1145 242 secutus
1168 206 1253 242 est:

159 274 519 335 Μὴκαὶῦπὲρ
545 284 752 334 μοῖραν
768 274 1147 333 δόμον”Αιδος
1172 279 1520 333 εἰσαφίκηαι.

101 373 205 413 Nihil
225 377 366 413 autem
394 372 563 413 dubium
584 376 669 421 est,
703 371 801 421 quin
826 372 1054 413 uiolentam
1079 377 1120 412 et
1136 371 1393 422 inopinatam
1410 384 1518 412 mor-
1536 385 1559 420 3

99 434 183 470 tem
205 429 523 480 significauerit‚
556 440 663 480 quae
681 428 850 478 quidem
874 433 1017 479 potest
1032 433 1146 468 recte
1164 428 1298 468 uideri
1324 428 1518 469 accidere

100 491 267 537 praeter
284 491 488 528 naturam.

185 543 272 583 Sed
302 554 376 583 cur
401 543 443 583 id
474 554 645 594 quoque
670 554 804 593 genus
829 542 975 582 mortis
1006 547 1125 582 extra
1154 543 1283 583 satum
1313 542 1517 592 posuerit,
1535 557 1559 590 4

98 611 237 651 neque
265 600 406 651 operis
440 601 562 641 huius
606 604 671 641 est
701 601 923 651 explorare
959 610 1098 649 neque
1131 599 1349 649 temporis.
1411 600 1557 647 lllud5

97 662 236 697 tamen
253 669 338 698 non
361 657 776 709 praetermittendum
794 662 877 704 est,
911 657 1026 707 quod
1042 657 1082 695 V
1096 657 1287 707 ergiliu
1299 668 1318 696 s
1347 668 1518 706 quoque

96 713 139 753 id
161 713 321 765 ipsum,
355 716 470 765 quod
489 715 690 762 Cicero,
721 714 773 753 de
801 714 888 754 fato
916 713 1111 764 opinatus
1136 719 1220 762 est,
1253 725 1347 753 cum
1370 713 1452 754 hoc
1476 713 1517 752 in

98 776 284 821 quarto
318 771 452 812 libro
487 771 590 812 dixit
619 772 672 811 de
697 770 855 819 Elissa,
892 782 999 821 quae
1027 776 1205 811 mortem
1231 781 1308 821 per
1334 770 1416 810 uim
1443 782 1517 821 po-

95 828 169 867 tita
196 832 282 868 est:

150 909 270 947 Nam
303 907 422 957 quia
453 919 548 947 nec
579 909 707 955 fato,
749 906 932 946 merita
962 918 1057 946 nec
1088 911 1258 946 morte
1287 907 1515 966 peribat,

93 1002 307 1048 tamquam
340 999 382 1039 in
416 1000 607 1041 faciendo
634 1000 717 1039 fine
750 1000 880 1047 uitae,
915 1010 1022 1049 quae
1056 999 1241 1040 uiolenta
1275 1005 1393 1047 sunt,
1430 1012 1514 1040 non

94 1054 316 1095 uideantur
340 1068 362 1096 e
388 1057 472 1097 fato
501 1056 659 1097 uenire.
720 1056 1090 1097 Demosthenis
1123 1061 1285 1103 autem,
1318 1057 1397 1097 uiri
1417 1069 1514 1107 pru-
1533 1063 1555 1098 6

95 1111 236 1150 dentia
258 1113 349 1162 pari
370 1113 717 1163 atque-facundia
745 1112 942 1164 praediti,
973 1114 1105 1153 uerba
1137 1113 1249 1152 idem
1274 1114 1361 1153 fere
1389 1114 1515 1164 signi-

94 1167 262 1207 ilcantia
291 1169 343 1209 de
374 1176 522 1210 natura
552 1176 678 1221 atque
708 1171 792 1210 fato
821 1171 875 1210 M.
910 1170 1094 1210 Cicero
1127 1174 1299 1210 secutus
1330 1170 1512 1210 uidetul.

93 1225 154 1264 Ita
170 1225 279 1264 enim
296 1226 498 1267 scribtum
516 1232 581 1268 est
594 1227 635 1267 in
655 1238 678 1267 o
690 1227 824 1267 ratio
837 1239 862 1266 n
877 1239 899 1267 e
916 1226 984 1267 illa
1001 1226 1180 1277 egregia,
1201 1226 1265 1266 cui
1285 1227 1429 1267 titulus
1448 1233 1515 1267 est

92 1275 239 1347 ὑπὲρ
269 1278 580 1336 στεφάνους
622 1278 670 1323 Ὁ
704 1278 808 1349 μὲν
841 1289 959 1332 τοῖς
996 1284 1234 1336 γονεῦσι
1267 1283 1514 1336 νομίζων

92 1334 290 1406 μόνον
315 1341 695 1407 γεγενῆσθαι,
747 1335 843 1380 τὸν
889 1341 984 1393 τῆς
1032 1339 1381 1406 εἱμαρμένης
1425 1337 1515 1381 καὶ

91 1389 189 1435 τὸν
224 1390 579 1466 αὐτόματον
587 1393 844 1439 θάνατον
880 1396 1198 1451 περιμένει·
1246 1391 1270 1438 ὁ
1319 1395 1377 1438 δὲ
1421 1394 1514 1438 καὶ

90 1451 156 1506 τῇ
178 1452 435 1517 πατρίδι,
482 1449 626 1520 ὑπερ
656 1455 758 1495 τοῦ
781 1449 848 1508 μὴ
876 1452 1088 1506 ταύτην
1116 1452 1344 1495 ἐπιδεῖν
1376 1454 1514 1495 δου-

91 1503 373 1550 λεύουσαν
403 1506 793 1565 αποθνήσκειν
831 1508 1221 1565 βουλεύσεται.
1284 1513 1405 1562 Quod
1438 1512 1512 1552 Ci-
1531 1516 1551 1551 7

92 1576 211 1606 cero
231 1567 393 1608 ‘fatum’
413 1573 541 1619 atque
566 1572 790 1610 ‘naturam’
810 1569 977 1609 uidetur
999 1569 1170 1617 dixisse,
1204 1569 1247 1608 id
1264 1571 1393 1610 multo
1413 1574 1510 1608 ante

18 1655 22 1659 .
88 1623 122 1662 D
135 1633 207 1663 em
218 1635 242 1664 ο
254 1635 274 1664 s
285 1624 335 1664 th
346 1636 368 1665 e
378 1637 403 1665 n
417 1637 440 1665 e
453 1637 473 1666 s
497 1623 598 1678 ’τὴν
615 1624 933 1692 πεπρωμένην’
958 1631 1000 1666 et
1016 1622 1114 1665 (τὸν
1136 1619 1394 1677 αὐτόματον
1417 1620 1510 1665 θοὶ-

17 1691 22 1694 ·
89 1683 246 1720 νατον’
264 1682 505 1732 appellauit.
570 1687 582 1706 Ε
594 1678 879 1734 Αύτόματος’
899 1682 1009 1723 enim
1027 1663 1277 1735 εθάνατος’,
1296 1682 1417 1732 quasi
1436 1693 1506 1722 na·
1525 1686 1549 1722 8

18 1736 42 1795 s·
88 1736 234 1778 turalis
251 1742 293 1778 et
315 1739 449 1780 fatalis
462 1773 471 1789 ‚
494 1741 607 1780 nulla
623 1739 886 1780 extrinsecus
902 1739 944 1779 ui
964 1744 1138 1780 coactus
1155 1738 1283 1778 uenit.

0 2114 1 2139 1

0 2152 2 2191 i

0 2193 19 2278 ἰῇ,

0 2285 5 2351 ἰ

774 1853 823 1892 11.

120 1926 243 1975 Super
270 1933 469 1975 poetarum
489 1931 646 1967 Pacuuii
669 1935 704 1966 et
719 1931 826 1967 Accii
849 1931 1050 1977 conloquio
1073 1931 1247 1968 familiari
1272 1932 1310 1967 in
1335 1932 1477 1978 oppido

692 1987 908 2022 Tarentino.

175 2067 332 2117 Quibus
362 2069 490 2109 otium
507 2076 548 2110 et
565 2071 750 2111 studium
772 2071 866 2114 fuit,
897 2071 1004 2110 uitas
1030 2076 1156 2121 atque
1174 2076 1331 2113 aetates
1360 2074 1506 2117 docto·
1525 2085 1543 2118 1

90 2133 181 2163 rum
196 2125 412 2166 hominum
431 2138 633 2177 quaerere
652 2140 701 2168 ac
724 2127 950 2167 memoriae
967 2128 1153 2176 tradere,
1181 2129 1234 2168 de
1256 2129 1310 2169 M.
1338 2131 1367 2170 P
1379 2141 1402 2170 a
1414 2142 1507 2172 cu-

89 2179 171 2220 uio
194 2185 236 2221 et
250 2181 294 2221 L.
317 2182 483 2224 Accio
511 2184 681 2234 tragicis
699 2184 836 2235 poetis
854 2184 1070 2224 historiam
1089 2184 1350 2227 scribserunt
1364 2187 1505 2229 huius-

91 2237 274 2277 cemodi:
309 2242 321 2261 ³
335 2239 435 2279 Cum
454 2241 714 2281 Pacuuius
727 2244 754 2288 ',
787 2241 996 2291 inquiunt,
1031 2243 1196 2292 ‘grandi
1212 2242 1293 2282 iam
1311 2244 1446 2285 aetate
1463 2251 1506 2285 et

11 2400 45 2420 3.-
