1635 2492
555 53 703 93 XVIII.
734 63 791 93 v1.
817 63 891 92 vn.
1358 52 1445 93 209

26 167 243 216 milias’;
287 164 452 208 sicuti
496 177 605 214 sus,
649 177 781 216 quae
820 168 982 206 semel
1021 166 1247 218 peperit,
1297 170 1444 216 ‘por-

27 228 210 278 cetra’‚
239 234 369 275 quae
400 223 622 273 saepius
660 223 902 263 ‘scrofa'.
963 224 1113 263 Vtrum
1132 228 1271 263 autem
1295 223 1377 264 hoc
1395 224 1483 265 def>

26 286 221 322 matrona
235 291 286 321 ac
305 281 359 320 de
379 279 688 321 matrefamilias
704 280 925 320 Melissu
941 292 960 320 s
980 280 1282 330 excogitauerit
1295 280 1387 331 ipse
1405 287 1447 319 et

0 369 2 371 »
28 337 351 386 coniectauerit,
385 348 436 376 an
461 336 663 388 scriptum
688 337 740 376 ab
763 336 843 377 alio
878 349 960 387 quo
987 338 1152 387 legerit,
1186 337 1326 378 ariolis
1350 348 1446 387 pro-

27 396 138 436 fecto
167 399 234 435 est
263 405 386 445 opus.
447 394 548 434 Nam
581 394 633 434 de
670 397 900 444 ‘porcetra’
940 394 1067 434 habet
1095 406 1195 434 sane
1233 398 1490 436 auctoremss

26 451 367 502 Pomponium
405 450 453 490 in
498 450 771 499 atellania,
821 462 947 500 quae
989 451 1084 491 hoc
1129 451 1310 492 codem
1356 462 1446 491 uo-

28 509 217 549 cabulo
256 506 519 558 inscripta
557 512 659 556 est;
688 508 765 548 sed
794 511 1059 548 ematronam'
1079 520 1161 548 non
1190 519 1287 547 esse
1305 508 1444 558 appel·
1462 513 1482 549 7

27 566 168 618 latam,
198 564 278 605 nisi
296 575 405 615 quae
425 565 556 604 semel
574 564 751 615 peperit,
786 576 924 614 neque
942 565 1343 612 ‘matremfamilias'‚
1367 564 1447 604 nisi

29 633 139 672 quae
169 623 360 674 saepius,
397 622 585 672 nulli(u)s
626 629 817 663 ueterum
846 622 1099 673 scriptorum
1132 621 1448 662 auctoritatibus

30 679 268 730 confirmari
297 684 451 730 potest.
488 680 712 720 Enimuero
736 680 836 719 illud
859 679 1069 729 impendio
1096 678 1353 729 probabilius
1372 685 1448 725 est,

30 736 146 785 quod
185 736 325 776 idonei
365 748 519 776 uocum
563 737 826 786 antiquarum
866 741 1129 776 enarratores
1175 736 1449 782 tradiderunt,

34 798 303 836 ‘matronam'
323 795 475 835 dictam
493 805 591 835 esse
612 794 795 844 proprie,
828 806 935 844 quae
954 795 994 834 in
1029 795 1336 835 matrimonium
1355 805 1449 833 cum

31 852 123 893 uiro
143 852 427 901 conuenisset,
457 851 598 902 quoad
620 851 661 891 in
695 863 745 891 eo
765 851 1027 892 matrimonio
1054 858 1254 900 maneret,
1289 852 1450 891 etiamsi

33 909 151 950 liberi
167 909 356 950 nondum
379 909 465 949 nati
495 910 647 961 forent,
679 908 916 958 dictamque
936 909 990 948 ita
1021 920 1118 948 esse
1149 920 1172 948 a
1203 909 1345 948 matris
1378 920 1450 948 no-

34 967 157 1015 mine,
189 978 274 1007 non
299 967 453 1016 adepto
485 965 587 1014 iam,
625 966 700 1006 sed
724 976 818 1005 cum
851 977 927 1016 spe
953 971 994 1005 et
1018 966 1154 1005 omine
1185 977 1285 1006 mox
1312 965 1450 1015 adipi-

33 1024 208 1073 scendo,
224 1024 338 1063 unde
355 1022 493 1073 ipsum
513 1034 682 1073 quoque
701 1022 1040 1063 ‘matrimonium'
1061 1023 1222 1070 dicitur,
1243 1024 1448 1061 ‘matrem’
1469 1024 1489 1057 9

32 1085 173 1120 autem
199 1084 211 1103 ‘
225 1080 422 1120 familias'
444 1080 695 1130 appellatam
712 1091 809 1120 esse
833 1091 923 1119 eam
941 1081 1096 1128 solam,
1129 1091 1235 1129 quae
1257 1079 1296 1119 in
1319 1078 1452 1118 mariti

34 1148 161 1177 manu
185 1136 482 1187 mancipioque
506 1142 579 1176 aut
595 1136 635 1176 in
659 1136 764 1185 eius,
787 1136 828 1175 in
853 1136 970 1177 cuius
993 1137 1177 1184 maritus,
1197 1148 1321 1176 manu
1340 1147 1450 1176 man-

35 1193 233 1244 cipioque
260 1199 396 1242 esset,
432 1193 628 1243 quoniam
651 1204 735 1233 non
767 1192 807 1232 in
835 1193 1141 1233 matrimonium
1167 1199 1336 1241 tantum,
1375 1194 1451 1232 sed

33 1249 74 1290 in
93 1250 285 1290 familiam
305 1261 472 1301 quoque
490 1250 622 1290 mariti
646 1255 686 1289 ct
701 1250 740 1289 in
760 1249 824 1289 sui
846 1250 1011 1290 heredis
1035 1251 1173 1290 locum
1190 1251 1390 1290 uenisset.

698 1364 786 1405 Vn.

35 1446 155 1492 Quem
171 1446 210 1482 in
230 1444 387 1482 modum
403 1445 615 1482 Fauorinus
635 1448 853 1483 tractauerit
870 1446 1175 1492 intempestiuum
1193 1444 1383 1492 quendam
1404 1444 1450 1481 de

93 1504 299 1540 uerborum
311 1503 619 1551 ambiguitatibus
639 1509 907 1551 quaerentem3
930 1507 1039 1550 atque
1057 1503 1126 1547 ibi,
1152 1507 1241 1549 quot
1260 1502 1450 1550 significa-

92 1561 217 1596 tiones
239 1560 365 1607 capiat
386 1561 525 1596 contio.

119 1649 188 1689 Do
202 1647 367 1696 mitio,
399 1648 559 1689 homini
584 1649 709 1690 docto
730 1648 969 1697 celebrique
987 1648 1026 1686 in
1043 1648 1146 1686 urbe
1164 1648 1297 1687 Roma
1313 1658 1445 1697 gram-
1468 1659 1481 1691 l

36 1704 202 1754 matico,
227 1704 292 1745 cui
313 1710 637 1754 cognomentum
657 1707 709 1745 In
723 1717 810 1746 san
825 1716 847 1746 ο
868 1706 1020 1744 factum
1047 1710 1122 1752 est,
1146 1704 1342 1754 quoniam
1365 1712 1453 1746 erat

37 1767 188 1802 natura
211 1761 511 1801 intractabilior
534 1767 574 1802 et
598 1763 826 1810 morosior,
856 1762 893 1802 ei
908 1762 940 1802 D
956 1773 978 1802 o
992 1761 1137 1801 mitio
1157 1761 1257 1800 Fau
1271 1773 1293 1800 o
1307 1761 1380 1800 rin
1394 1773 1451 1804 us
1468 1772 1491 1805 2

38 1823 184 1859 noster
210 1830 304 1859 cum
328 1820 435 1859 forte
458 1819 571 1869 apud
589 1820 728 1859 fanum
752 1818 980 1859 Carmentis
1000 1819 1166 1858 obuiam
1190 1817 1378 1858 uenisset
1395 1825 1451 1858 at-

43 1887 126 1926 que
143 1887 222 1926 ego
249 1887 343 1915 cum
366 1876 633 1916 Fauorino
659 1879 818 1916 essem:
847 1879 1058 1926 <quaeso'‚
1088 1875 1232 1925 inquit,
1267 1877 1337 1922 (τε,
1369 1886 1451 1915 ma-

38 1932 181 1982 gister,
214 1932 328 1972 dicas
346 1932 456 1980 mihi,
477 1944 574 1972 num
601 1933 749 1981 erratui,
782 1933 909 1982 quod,
943 1944 1035 1972 cum
1058 1934 1208 1972 uellem
1234 1929 1452 1983 ξδημηγο-

40 1988 154 2042 ρίας’
186 1989 330 2029 Latine
364 1989 522 2038 dicere,
556 1990 810 2030 ‘contiones'
835 1989 943 2028 dixi?
975 1989 1116 2029 dubito
1141 1989 1296 2038 quippe
1328 1993 1369 2027 et
1390 1999 1452 2028 re-

41 2046 174 2097 quiro,
207 2057 259 2085 an
282 2052 471 2086 ueterum
495 2058 654 2095 eorum,
689 2047 757 2096 qui
780 2047 950 2086 electius
970 2046 1099 2086 locuti
1122 2051 1231 2091 sunt,
1259 2056 1336 2095 pro
1359 2055 1451 2084 uer-

39 2102 104 2143 bis
125 2108 167 2144 et
188 2103 379 2144 oratione
407 2103 557 2143 dixerit
587 2103 679 2154 quis
699 2103 979 2144 ‘contionem'
994 2107 1021 2141 ⁹.
1069 2104 1172 2142 Tum
1190 2101 1449 2142 Domitius
1465 2107 1490 2141 ὃ

40 2170 149 2201 uoce
175 2170 302 2210 atque
332 2161 451 2200 uultu
472 2160 698 2201 atrociore:
733 2161 891 2208 <nulla',
923 2160 1066 2209 inquit,
1100 2162 1295 2208 ‘prorsus
1314 2158 1451 2198 bonae

40 2216 186 2256 salutis
221 2228 321 2266 spes
348 2217 508 2267 reliqua
534 2222 618 2266 est,
652 2228 744 2257 cum
767 2228 846 2256 uos
881 2227 1068 2266 quoque,
1101 2214 1451 2266 philosophorum

38 2271 339 2368 inlgstrissimL
369 2274 466 2313 nihil
493 2274 573 2313 iam
610 2274 739 2321 aliud,
779 2284 902 2323 quam
936 2273 1065 2312 uerba
1096 2271 1453 2368 auctffiitatesque

130 2343 253 2368 131.st
274 2333 318 2369 ΙΙ.
