1619 2476
132 87 189 130 86
682 66 740 125 ¹ll.
769 97 843 125 xm.
873 97 964 125 xm.

96 209 119 243 2
220 201 319 239 Cum
343 199 449 238 hanc
475 200 607 248 legem
637 200 664 239 S
679 199 871 247 olonis,
904 198 1100 249 singulari
1123 197 1325 249 sapientia
1340 198 1531 249 praediti,

135 256 395 306 legissemus,
407 255 537 294 tenuit
553 266 630 295 nos
647 255 786 306 grauis
801 256 1004 306 quaedam
1020 255 1060 295 in
1078 255 1280 306 principio
1299 254 1530 302 admiratio,

135 312 372 362 requirens,
393 323 515 360 quam
538 312 590 351 ob
609 323 776 352 causam
793 312 941 361 dignos
960 322 1056 352 esse
1068 323 1207 363 poena
1222 310 1530 358 existimauerit‚

96 376 118 411 3
136 369 204 419 qui
222 380 268 407 se
284 369 432 418 procul
451 380 473 406 a
496 368 700 408 seditione
719 373 759 408 et
777 368 885 408 ciuili
906 379 1047 418 pugna
1061 367 1354 409 remouissent.
1414 368 1530 415 Tum,

136 425 204 475 qui
224 424 387 474 penitus
405 430 528 474 atque
554 426 634 464 alte
654 436 776 464 usum
800 436 848 464 ac
875 423 1121 464 sententiam
1146 423 1250 474 legis
1274 423 1532 474 introspexe-

135 486 238 528 rant,
256 493 339 521 non
357 481 409 520 ad
428 482 671 530 augendam,
683 482 760 521 sed
776 482 829 520 ad
847 480 1116 520 desinendam
1133 480 1380 521 seditionem
1397 481 1532 530 legem

98 545 120 579 4
134 538 240 576 hanc
252 549 347 577 esse
365 537 568 576 dicebant.
629 539 679 577 Et
699 549 766 577 res
784 549 976 587 prorsum
998 548 1044 577 se
1065 536 1124 577 sic
1146 537 1311 577 habent.
1372 537 1473 576 Nam
1499 535 1534 576 si

134 593 232 633 boni
262 605 429 641 omnes,
461 593 530 643 qui
557 594 595 633 in
621 593 822 644 principio
849 594 1107 633 coercendae
1133 592 1327 634 seditioni
1350 592 1533 643 impares

135 650 302 697 fuerint,
333 651 535 700 populum
559 650 761 700 percitum
784 654 824 689 et
840 655 1044 690 amentem
1066 661 1149 690 non
1165 648 1447 697 deseruerint,
1480 649 1534 688 ad

135 708 371 745 alterutram
398 711 558 756 partem
584 706 710 746 diuidi
736 718 832 746 sese
848 705 1130 755 adiunxerint‚
1159 710 1246 746 tum
1279 705 1464 754 eueniet,
1489 709 1535 745 ut

135 774 228 802 curn
245 762 348 802 socii
367 762 495 812 partis
514 774 705 802 seorsum
725 762 941 813 utriusque
959 762 1108 803 fuerint
1135 773 1294 813 eaeque
1321 766 1462 813 partes
1482 762 1533 801 ab

132 819 215 866 his,
234 823 278 858 ut
300 819 466 858 maioris
484 818 740 859 auctoritatis
758 819 876 867 uiris,
895 819 1116 870 temperari
1132 830 1181 860 ac
1198 819 1288 869 regi
1306 819 1532 870 coeperint,

135 874 359 915 concordia
385 887 461 926 per
485 886 559 915 eos
586 875 847 926 potissimum
872 875 1032 916 restitui
1059 875 1354 926 conciliarique
1382 875 1532 926 possit,

134 933 231 971 dum
249 936 289 971 et
305 943 427 980 suos,
459 932 570 982 apud
587 943 693 982 quos
717 937 836 980 sunt,
866 936 1015 982 regunt
1032 937 1157 983 atque
1175 932 1388 972 mitificant
1409 936 1450 972 et
1465 932 1534 971 ad-

132 988 343 1028 uersarios
362 993 531 1028 sanatos
546 988 676 1038 magis
695 989 864 1039 cupiunt
882 1000 1006 1038 quam
1023 989 1227 1040 perditos.

96 1053 117 1087 5
217 1045 307 1084 Hoc
345 1044 453 1084 idem
487 1044 774 1085 Fauorinus
810 1045 1084 1096 philosophus
1115 1046 1221 1085 inter
1251 1046 1400 1086 fratres
1432 1057 1532 1096 quo-

135 1113 215 1151 que
235 1106 305 1141 aut
321 1101 478 1141 amicos
500 1101 739 1141 dissidentis
757 1107 953 1152 oportere
976 1101 1065 1141 fieri
1082 1102 1302 1150 censebat,
1319 1106 1383 1150 ut,
1403 1102 1530 1153 quiin

133 1158 269 1197 medio
289 1163 384 1197 sunt
399 1158 615 1208 utriusque
641 1158 770 1208 partis
795 1158 997 1205 beniuoli‚
1030 1157 1066 1199 si
1093 1158 1134 1197 in
1164 1157 1391 1199 eoncordia
1420 1157 1534 1198 adni-

132 1215 258 1253 tenda
273 1226 419 1264 parum
441 1214 696 1254 auctoritatis
716 1214 834 1265 quasi
849 1214 1029 1264 ambigui
1043 1214 1162 1254 amici
1179 1213 1415 1263 habuerint,
1446 1219 1534 1254 tum

134 1270 282 1321 alte1·[i]
312 1270 352 1309 in
392 1272 561 1310 alteram
578 1275 739 1321 partem
757 1271 974 1311 discedant
998 1282 1046 1310 ac
1065 1282 1139 1321 per
1157 1270 1200 1310 id
1216 1270 1406 1311 meritum
1422 1271 1534 1311 uiam

94 1333 117 1369 6
136 1326 211 1366 sibi
223 1328 274 1365 ad
291 1327 507 1376 utriusque
518 1326 785 1367 concordiam
802 1327 998 1367 muniant.
1018 1328 1149 1368 <Nunc
1160 1331 1298 1366 antem
1310 1327 1531 1378 plerique’‚

134 1383 284 1432 inquit,
306 1383 459 1433 <partis
476 1383 693 1433 utriusque
710 1383 842 1430 amici,
863 1382 981 1433 quasi
997 1383 1129 1434 probe
1147 1382 1308 1432 faciant,
1331 1384 1440 1424 duos
1458 1382 1533 1422 liti·

133 1443 279 1488 gantes
291 1439 519 1478 destituunt
535 1444 575 1478 et
591 1439 826 1490 relinquunt
837 1440 1076 1489 deduntque
1093 1451 1167 1479 eos
1184 1439 1400 1480 aduocatis
1418 1439 1532 1479 mali-

132 1494 240 1534 uolis
273 1499 343 1534 aut
373 1495 529 1542 auaris,
563 1495 632 1545 qui
647 1495 738 1535 lites
761 1496 1002 1546 animasque
1020 1507 1164 1536 eorum
1188 1494 1443 1536 inflamment
1460 1500 1534 1536 aut

134 1550 216 1590 odii
234 1551 370 1591 studio
390 1556 460 1591 aut
475 1552 590 1591 lucri.

781 1631 885 1671 XIII.

162 1700 315 1735 Liberos
348 1701 384 1735 in
420 1699 665 1736 multitudinis
702 1711 857 1736 numero
899 1701 1012 1736 etiam
1037 1710 1150 1735 unum
1184 1699 1301 1735 filium
1332 1698 1498 1735 filiamue

677 1761 826 1792 ueteres
851 1756 1008 1792 dixisse.

93 1835 111 1868 1
211 1830 431 1880 Antiqui
463 1835 734 1877 oratores,
786 1829 1160 1878 historiaeque
1205 1831 1291 1867 aut
1337 1827 1530 1867 carmi-

132 1897 244 1925 num
286 1887 584 1937 scriptores
639 1886 760 1925 etiam
797 1897 924 1926 unum
953 1885 1080 1925 filium
1107 1883 1284 1924 filiamue
1325 1883 1528 1924 eliberos'

93 1947 115 1980 2
131 1942 400 1982 multitudinis
420 1954 590 1983 numero
608 1944 880 1993 appellarunt.
940 1942 1070 1992 quue
1087 1951 1165 1981 nos
1177 1972 1186 1988 ,
1216 1951 1308 1980 cum
1325 1939 1378 1994 inv
1396 1951 1451 1980 co
1467 1951 1506 1980 m
1519 1962 1533 1968 ·

132 1998 360 2046 plurium
386 2004 618 2039 ueterum
653 1999 803 2038 libris
836 1998 1035 2048 scriptum
1063 1995 1311 2046 aliquotiens
1342 1997 1533 2037 aduerte-

130 2054 276 2102 rimus‚
327 2067 436 2096 nunc
464 2066 632 2106 quoque
661 2055 716 2094 in
747 2055 883 2095 libro
911 2052 1206 2103 Sempronii
1235 2051 1533 2093 Asellionis

132 2121 301 2150 rerum
326 2117 597 2160 gestarum
629 2112 816 2162 quinto
848 2111 903 2150 ita
934 2109 1117 2160 positum
1144 2120 1240 2149 esse
1260 2107 1532 2149 offendimus.
1590 2155 1591 2158 Ἴ

92 2169 117 2204 3
131 2165 170 2204 Is
187 2168 225 2204 A
237 2178 256 2205 s
269 2167 390 2207 ellio
409 2169 486 2207 sub
503 2167 546 2207 P.
566 2168 761 2218 Scipione
776 2167 974 2207 Africano
991 2165 1180 2206 tribunus
1196 2164 1367 2204 militum
1384 2165 1437 2204 ad
1452 2165 1534 2205 Nu·

132 2222 324 2284 mantiam
340 2223 414 2262 suit
434 2235 587 2273 resque
607 2235 700 2271 eas,
729 2223 878 2274 quibus
897 2221 1091 2272 gerendis
1109 2221 1201 2272 ipse
1217 2220 1412 2269 interfuit,
1436 2231 1535 2260 con·

133 2284 311 2327 scripsn.
