<?xml version="1.0" encoding="UTF-8"?>
<!DOCTYPE html PUBLIC "-//W3C//DTD XHTML 1.0 Transitional//EN"
    "http://www.w3.org/TR/xhtml1/DTD/xhtml1-transitional.dtd">
<html xmlns="http://www.w3.org/1999/xhtml" xml:lang="en" lang="en">
 <head>
  <title>
</title>
<meta http-equiv="Content-Type" content="text/html;charset=utf-8" />
  <meta name='ocr-system' content='tesseract 3.04.00' />
  <meta name='ocr-capabilities' content='ocr_page ocr_carea ocr_par ocr_line ocrx_word'/>
</head>
<body>
  <div class='ocr_page' id='page_1' title='image "./agelliinoctivmat00gelluoft_0234.png"; bbox 0 0 1619 2476; ppageno 0'>
   <div class='ocr_carea' id='block_1_1' title="bbox 634 439 1038 505">
    <p class='ocr_par' dir='ltr' id='par_1_1' title="bbox 634 439 1038 505">
     <span class='ocr_line' id='line_1_1' title="bbox 634 439 1038 505; baseline 0.015 -6"><span class='ocrx_word' id='word_1_1' title='bbox 634 439 693 499; x_wconf 87' lang='lat' dir='ltr'>A.</span> <span class='ocrx_word' id='word_1_2' title='bbox 740 441 1038 505; x_wconf 81' lang='lat' dir='ltr'><strong>GELLII</strong></span> 
     </span>
    </p>
   </div>
   <div class='ocr_carea' id='block_1_2' title="bbox 186 575 1494 774">
    <p class='ocr_par' dir='ltr' id='par_1_2' title="bbox 186 575 1494 774">
     <span class='ocr_line' id='line_1_2' title="bbox 186 575 1494 652; baseline 0 0"><span class='ocrx_word' id='word_1_3' title='bbox 186 575 709 652; x_wconf 65' lang='lat' dir='ltr'>Nocrlvtl</span> <span class='ocrx_word' id='word_1_4' title='bbox 791 577 1494 652; x_wconf 76' lang='lat' dir='ltr'><strong>ATTICARVM</strong></span> 
     </span>
     <span class='ocr_line' id='line_1_3' title="bbox 534 717 1146 774; baseline 0.007 -4"><span class='ocrx_word' id='word_1_5' title='bbox 534 719 745 771; x_wconf 82' lang='lat' dir='ltr'>LIBER</span> <span class='ocrx_word' id='word_1_6' title='bbox 787 717 1146 774; x_wconf 69' lang='lat' dir='ltr'>SEPvas</span> 
     </span>
    </p>
   </div>
   <div class='ocr_carea' id='block_1_3' title="bbox 457 843 1211 888">
    <p class='ocr_par' dir='ltr' id='par_1_3' title="bbox 457 843 1211 888">
     <span class='ocr_line' id='line_1_4' title="bbox 457 843 1211 888; baseline 0.004 -13"><span class='ocrx_word' id='word_1_7' title='bbox 457 843 757 886; x_wconf 57' lang='lat' dir='ltr'>[rores]</span> <span class='ocrx_word' id='word_1_8' title='bbox 834 844 1211 888; x_wconf 65' lang='lat' dir='ltr'>sexrvs.]</span> 
     </span>
    </p>
   </div>
   <div class='ocr_carea' id='block_1_4' title="bbox 718 965 934 970">
    <p class='ocr_par' dir='ltr' id='par_1_4' title="bbox 718 965 934 970">
     <span class='ocr_line' id='line_1_5' title="bbox 718 965 934 970; baseline 0 0"><span class='ocrx_word' id='word_1_9' title='bbox 718 965 934 970; x_wconf 95' lang='lat' dir='ltr'> </span> 
     </span>
    </p>
   </div>
   <div class='ocr_carea' id='block_1_5' title="bbox 821 1046 854 1089">
    <p class='ocr_par' dir='ltr' id='par_1_5' title="bbox 821 1046 854 1089">
     <span class='ocr_line' id='line_1_6' title="bbox 821 1046 854 1089; baseline 0 0"><span class='ocrx_word' id='word_1_10' title='bbox 821 1046 854 1089; x_wconf 92' lang='lat' dir='ltr'>l.</span> 
     </span>
    </p>
   </div>
   <div class='ocr_carea' id='block_1_6' title="bbox 139 1137 1537 1242">
    <p class='ocr_par' dir='ltr' id='par_1_6' title="bbox 139 1137 1537 1242">
     <span class='ocr_line' id='line_1_7' title="bbox 139 1137 1537 1185; baseline 0.001 -13"><span class='ocrx_word' id='word_1_11' title='bbox 139 1137 256 1181; x_wconf 80' lang='lat' dir='ltr'>Quem</span> <span class='ocrx_word' id='word_1_12' title='bbox 276 1137 311 1172; x_wconf 91' lang='lat' dir='ltr'>in</span> <span class='ocrx_word' id='word_1_13' title='bbox 338 1138 489 1173; x_wconf 73' lang='lat' dir='ltr'>modum</span> <span class='ocrx_word' id='word_1_14' title='bbox 512 1138 747 1184; x_wconf 77' lang='lat' dir='ltr'>responderit</span> <span class='ocrx_word' id='word_1_15' title='bbox 771 1138 1006 1185; x_wconf 80' lang='lat' dir='ltr'>Chrysippus</span> <span class='ocrx_word' id='word_1_16' title='bbox 1032 1138 1235 1174; x_wconf 74' lang='lat' dir='ltr'>aduersum</span> <span class='ocrx_word' id='word_1_17' title='bbox 1252 1149 1339 1182; x_wconf 85' lang='lat' dir='ltr'>eos,</span> <span class='ocrx_word' id='word_1_18' title='bbox 1370 1138 1432 1184; x_wconf 87' lang='lat' dir='ltr'>qui</span> <span class='ocrx_word' id='word_1_19' title='bbox 1453 1147 1537 1184; x_wconf 84' lang='lat' dir='ltr'>pro-</span> 
     </span>
     <span class='ocr_line' id='line_1_8' title="bbox 493 1194 1191 1242; baseline 0.003 -14"><span class='ocrx_word' id='word_1_20' title='bbox 493 1194 696 1229; x_wconf 73' lang='lat' dir='ltr'>uidentiam</span> <span class='ocrx_word' id='word_1_21' title='bbox 717 1196 926 1230; x_wconf 71' lang='lat' dir='ltr'>consistere</span> <span class='ocrx_word' id='word_1_22' title='bbox 946 1199 1191 1242; x_wconf 76' lang='lat' dir='ltr'>negauerunt.</span> 
     </span>
    </p>
   </div>
   <div class='ocr_carea' id='block_1_7' title="bbox 101 1265 1541 2290">
    <p class='ocr_par' dir='ltr' id='par_1_7' title="bbox 105 1265 1540 1556">
     <span class='ocr_line' id='line_1_9' title="bbox 105 1265 1535 1334; baseline -0.003 -12"><span class='ocrx_word' id='word_1_23' title='bbox 105 1289 122 1322; x_wconf 92' lang='lat'>1</span> <span class='ocrx_word' id='word_1_24' title='bbox 255 1265 412 1334; x_wconf 67' lang='lat' dir='ltr'>Quibus</span> <span class='ocrx_word' id='word_1_25' title='bbox 439 1293 521 1320; x_wconf 83' lang='lat' dir='ltr'>non</span> <span class='ocrx_word' id='word_1_26' title='bbox 549 1282 712 1321; x_wconf 85' lang='lat' dir='ltr'>uidetur</span> <span class='ocrx_word' id='word_1_27' title='bbox 736 1282 913 1321; x_wconf 84' lang='lat' dir='ltr'>mundus</span> <span class='ocrx_word' id='word_1_28' title='bbox 940 1282 1006 1320; x_wconf 86' lang='lat' dir='ltr'>dei</span> <span class='ocrx_word' id='word_1_29' title='bbox 1028 1287 1068 1320; x_wconf 88' lang='lat' dir='ltr'>et</span> <span class='ocrx_word' id='word_1_30' title='bbox 1091 1281 1302 1321; x_wconf 87' lang='lat' dir='ltr'>hominum</span> <span class='ocrx_word' id='word_1_31' title='bbox 1324 1291 1451 1320; x_wconf 79' lang='lat' dir='ltr'>eausa</span> <span class='ocrx_word' id='word_1_32' title='bbox 1476 1279 1535 1327; x_wconf 88' lang='lat' dir='ltr'>in-</span> 
     </span>
     <span class='ocr_line' id='line_1_10' title="bbox 139 1335 1538 1389; baseline -0.003 -11"><span class='ocrx_word' id='word_1_33' title='bbox 139 1339 305 1378; x_wconf 83' lang='lat' dir='ltr'>stitutus</span> <span class='ocrx_word' id='word_1_34' title='bbox 331 1348 467 1386; x_wconf 75' lang='lat' dir='ltr'>neque</span> <span class='ocrx_word' id='word_1_35' title='bbox 487 1349 553 1376; x_wconf 84' lang='lat' dir='ltr'>res</span> <span class='ocrx_word' id='word_1_36' title='bbox 572 1338 774 1376; x_wconf 76' lang='lat' dir='ltr'>humanae</span> <span class='ocrx_word' id='word_1_37' title='bbox 799 1337 1062 1386; x_wconf 79' lang='lat' dir='ltr'>prouidentia</span> <span class='ocrx_word' id='word_1_38' title='bbox 1082 1337 1324 1389; x_wconf 79' lang='lat' dir='ltr'>gubernari,</span> <span class='ocrx_word' id='word_1_39' title='bbox 1352 1335 1468 1386; x_wconf 79' lang='lat' dir='ltr'>graui</span> <span class='ocrx_word' id='word_1_40' title='bbox 1492 1347 1538 1375; x_wconf 90' lang='lat' dir='ltr'>se</span> 
     </span>
     <span class='ocr_line' id='line_1_11' title="bbox 140 1391 1537 1443; baseline -0.002 -10"><span class='ocrx_word' id='word_1_41' title='bbox 140 1398 382 1443; x_wconf 74' lang='lat' dir='ltr'>argumento</span> <span class='ocrx_word' id='word_1_42' title='bbox 406 1393 465 1432; x_wconf 88' lang='lat' dir='ltr'>uti</span> <span class='ocrx_word' id='word_1_43' title='bbox 492 1398 656 1442; x_wconf 77' lang='lat' dir='ltr'>putant,</span> <span class='ocrx_word' id='word_1_44' title='bbox 688 1393 851 1432; x_wconf 72' lang='lat' dir='ltr'>cumita</span> <span class='ocrx_word' id='word_1_45' title='bbox 873 1393 1031 1432; x_wconf 84' lang='lat' dir='ltr'>dicunt:</span> <span class='ocrx_word' id='word_1_46' title='bbox 1064 1391 1537 1443; x_wconf 65' lang='lat' dir='ltr'>‘siessetpl*0uide11tia‚</span> 
     </span>
     <span class='ocr_line' id='line_1_12' title="bbox 138 1448 1538 1499; baseline -0.002 -9"><span class='ocrx_word' id='word_1_47' title='bbox 138 1452 249 1490; x_wconf 79' lang='lat' dir='ltr'>nulla</span> <span class='ocrx_word' id='word_1_48' title='bbox 271 1454 413 1489; x_wconf 79' lang='lat' dir='ltr'>essent</span> <span class='ocrx_word' id='word_1_49' title='bbox 430 1451 565 1488; x_wconf 73' lang='lat' dir='ltr'>mala’.</span> <span class='ocrx_word' id='word_1_50' title='bbox 601 1449 703 1489; x_wconf 68' lang='lat' dir='ltr'>Nihil</span> <span class='ocrx_word' id='word_1_51' title='bbox 730 1449 836 1489; x_wconf 84' lang='lat' dir='ltr'>enim</span> <span class='ocrx_word' id='word_1_52' title='bbox 854 1449 986 1489; x_wconf 83' lang='lat' dir='ltr'>minus</span> <span class='ocrx_word' id='word_1_53' title='bbox 1005 1449 1118 1489; x_wconf 77' lang='lat' dir='ltr'>aiunt</span> <span class='ocrx_word' id='word_1_54' title='bbox 1140 1448 1425 1499; x_wconf 78' lang='lat' dir='ltr'>prouidentiae</span> <span class='ocrx_word' id='word_1_55' title='bbox 1442 1459 1538 1488; x_wconf 86' lang='lat' dir='ltr'>con-</span> 
     </span>
     <span class='ocr_line' id='line_1_13' title="bbox 139 1504 1540 1556; baseline -0.002 -10"><span class='ocrx_word' id='word_1_56' title='bbox 139 1517 307 1556; x_wconf 79' lang='lat' dir='ltr'>gruere,</span> <span class='ocrx_word' id='word_1_57' title='bbox 340 1517 462 1555; x_wconf 80' lang='lat' dir='ltr'>quam</span> <span class='ocrx_word' id='word_1_58' title='bbox 488 1505 528 1544; x_wconf 90' lang='lat' dir='ltr'>in</span> <span class='ocrx_word' id='word_1_59' title='bbox 559 1517 608 1545; x_wconf 85' lang='lat' dir='ltr'>eo</span> <span class='ocrx_word' id='word_1_60' title='bbox 638 1507 811 1552; x_wconf 81' lang='lat' dir='ltr'>mundo,</span> <span class='ocrx_word' id='word_1_61' title='bbox 849 1517 970 1555; x_wconf 82' lang='lat' dir='ltr'>quem</span> <span class='ocrx_word' id='word_1_62' title='bbox 989 1512 1162 1556; x_wconf 82' lang='lat' dir='ltr'>propter</span> <span class='ocrx_word' id='word_1_63' title='bbox 1178 1505 1367 1546; x_wconf 87' lang='lat' dir='ltr'>homines</span> <span class='ocrx_word' id='word_1_64' title='bbox 1389 1504 1540 1544; x_wconf 85' lang='lat' dir='ltr'>fecisse</span> 
     </span>
    </p>

    <p class='ocr_par' dir='ltr' id='par_1_8' title="bbox 102 1562 1539 1783">
     <span class='ocr_line' id='line_1_14' title="bbox 102 1562 1538 1614; baseline -0.002 -11"><span class='ocrx_word' id='word_1_65' title='bbox 102 1570 124 1604; x_wconf 83' lang='lat'><strong>2</strong></span> <span class='ocrx_word' id='word_1_66' title='bbox 142 1563 313 1609; x_wconf 79' lang='lat' dir='ltr'>dicatur,</span> <span class='ocrx_word' id='word_1_67' title='bbox 332 1567 487 1601; x_wconf 76' lang='lat' dir='ltr'>tantam</span> <span class='ocrx_word' id='word_1_68' title='bbox 504 1562 586 1601; x_wconf 87' lang='lat' dir='ltr'>uim</span> <span class='ocrx_word' id='word_1_69' title='bbox 604 1574 699 1602; x_wconf 85' lang='lat' dir='ltr'>esse</span> <span class='ocrx_word' id='word_1_70' title='bbox 718 1574 1033 1614; x_wconf 74' lang='lat' dir='ltr'>aermnpnarum</span> <span class='ocrx_word' id='word_1_71' title='bbox 1046 1568 1087 1603; x_wconf 85' lang='lat' dir='ltr'>et</span> <span class='ocrx_word' id='word_1_72' title='bbox 1098 1563 1538 1603; x_wconf 76' lang='lat' dir='ltr'>maloru1n.Aduersus</span> 
     </span>
     <span class='ocr_line' id='line_1_15' title="bbox 141 1616 1537 1669; baseline -0.002 -10"><span class='ocrx_word' id='word_1_73' title='bbox 141 1632 189 1659; x_wconf 83' lang='lat' dir='ltr'>ea</span> <span class='ocrx_word' id='word_1_74' title='bbox 214 1618 543 1669; x_wconf 79' lang='lat' dir='ltr'>Chrysippus</span> <span class='ocrx_word' id='word_1_75' title='bbox 580 1630 672 1658; x_wconf 84' lang='lat' dir='ltr'>cum</span> <span class='ocrx_word' id='word_1_76' title='bbox 694 1619 733 1658; x_wconf 90' lang='lat' dir='ltr'>in</span> <span class='ocrx_word' id='word_1_77' title='bbox 758 1619 860 1658; x_wconf 82' lang='lat' dir='ltr'>libro</span> <span class='ocrx_word' id='word_1_78' title='bbox 893 1616 1018 1669; x_wconf 82' lang='grc' dir='ltr'><em>περὶ</em></span> <span class='ocrx_word' id='word_1_79' title='bbox 1048 1618 1319 1669; x_wconf 79' lang='grc' dir='ltr'><strong><em>προνοίας</em></strong></span> <span class='ocrx_word' id='word_1_80' title='bbox 1351 1622 1537 1667; x_wconf 77' lang='lat' dir='ltr'>quarto</span> 
     </span>
     <span class='ocr_line' id='line_1_16' title="bbox 142 1673 1539 1725; baseline -0.003 -9"><span class='ocrx_word' id='word_1_81' title='bbox 142 1677 385 1722; x_wconf 80' lang='lat' dir='ltr'>dissereret,</span> <span class='ocrx_word' id='word_1_82' title='bbox 419 1675 533 1714; x_wconf 75' lang='lat' dir='ltr'>&lt;nihil</span> <span class='ocrx_word' id='word_1_83' title='bbox 549 1681 613 1715; x_wconf 88' lang='lat' dir='ltr'>est</span> <span class='ocrx_word' id='word_1_84' title='bbox 629 1687 804 1725; x_wconf 85' lang='lat' dir='ltr'>prorsus</span> <span class='ocrx_word' id='word_1_85' title='bbox 828 1675 949 1723; x_wconf 80' lang='lat' dir='ltr'>istis’‚</span> <span class='ocrx_word' id='word_1_86' title='bbox 979 1675 1131 1724; x_wconf 86' lang='lat' dir='ltr'>inquit,</span> <span class='ocrx_word' id='word_1_87' title='bbox 1166 1674 1436 1720; x_wconf 73' lang='lat' dir='ltr'>‘insubidius,</span> <span class='ocrx_word' id='word_1_88' title='bbox 1470 1673 1539 1723; x_wconf 83' lang='lat' dir='ltr'>qui</span> 
     </span>
     <span class='ocr_line' id='line_1_17' title="bbox 142 1731 1537 1783; baseline -0.004 -10"><span class='ocrx_word' id='word_1_89' title='bbox 142 1733 364 1783; x_wconf 80' lang='lat' dir='ltr'>opinantur</span> <span class='ocrx_word' id='word_1_90' title='bbox 385 1732 495 1771; x_wconf 76' lang='lat' dir='ltr'>bona</span> <span class='ocrx_word' id='word_1_91' title='bbox 521 1743 616 1771; x_wconf 88' lang='lat' dir='ltr'>esse</span> <span class='ocrx_word' id='word_1_92' title='bbox 640 1732 852 1783; x_wconf 81' lang='lat' dir='ltr'>potuisse,</span> <span class='ocrx_word' id='word_1_93' title='bbox 884 1732 919 1771; x_wconf 91' lang='lat' dir='ltr'>si</span> <span class='ocrx_word' id='word_1_94' title='bbox 940 1743 1022 1771; x_wconf 89' lang='lat' dir='ltr'>non</span> <span class='ocrx_word' id='word_1_95' title='bbox 1061 1736 1205 1770; x_wconf 86' lang='lat' dir='ltr'>essent</span> <span class='ocrx_word' id='word_1_96' title='bbox 1235 1731 1387 1770; x_wconf 86' lang='lat' dir='ltr'>ibidem</span> <span class='ocrx_word' id='word_1_97' title='bbox 1418 1731 1537 1769; x_wconf 71' lang='lat' dir='ltr'>mala.</span> 
     </span>
    </p>

    <p class='ocr_par' dir='ltr' id='par_1_9' title="bbox 101 1788 1541 1948">
     <span class='ocr_line' id='line_1_18' title="bbox 101 1788 1540 1837; baseline -0.002 -8"><span class='ocrx_word' id='word_1_98' title='bbox 101 1795 123 1830; x_wconf 86' lang='lat'><strong>3</strong></span> <span class='ocrx_word' id='word_1_99' title='bbox 141 1791 242 1828; x_wconf 81' lang='lat' dir='ltr'>Nam</span> <span class='ocrx_word' id='word_1_100' title='bbox 264 1799 356 1826; x_wconf 83' lang='lat' dir='ltr'>cum</span> <span class='ocrx_word' id='word_1_101' title='bbox 378 1789 489 1827; x_wconf 82' lang='lat' dir='ltr'>hona</span> <span class='ocrx_word' id='word_1_102' title='bbox 518 1788 634 1827; x_wconf 79' lang='lat' dir='ltr'>malis</span> <span class='ocrx_word' id='word_1_103' title='bbox 659 1788 865 1828; x_wconf 74' lang='lat' dir='ltr'>contraria</span> <span class='ocrx_word' id='word_1_104' title='bbox 888 1788 988 1835; x_wconf 83' lang='lat' dir='ltr'>sint,</span> <span class='ocrx_word' id='word_1_105' title='bbox 1020 1793 1196 1837; x_wconf 80' lang='lat' dir='ltr'>utraque</span> <span class='ocrx_word' id='word_1_106' title='bbox 1228 1798 1450 1827; x_wconf 84' lang='lat' dir='ltr'>necessum</span> <span class='ocrx_word' id='word_1_107' title='bbox 1476 1790 1540 1826; x_wconf 86' lang='lat' dir='ltr'>est</span> 
     </span>
     <span class='ocr_line' id='line_1_19' title="bbox 141 1840 1541 1895; baseline -0.004 -9"><span class='ocrx_word' id='word_1_108' title='bbox 141 1844 336 1895; x_wconf 73' lang='lat' dir='ltr'>opposita</span> <span class='ocrx_word' id='word_1_109' title='bbox 365 1843 471 1883; x_wconf 87' lang='lat' dir='ltr'>inter</span> <span class='ocrx_word' id='word_1_110' title='bbox 501 1856 598 1884; x_wconf 86' lang='lat' dir='ltr'>sese</span> <span class='ocrx_word' id='word_1_111' title='bbox 632 1850 671 1883; x_wconf 88' lang='lat' dir='ltr'>et</span> <span class='ocrx_word' id='word_1_112' title='bbox 693 1845 812 1894; x_wconf 77' lang='lat' dir='ltr'>quasi</span> <span class='ocrx_word' id='word_1_113' title='bbox 837 1850 978 1884; x_wconf 87' lang='lat' dir='ltr'>mutuo</span> <span class='ocrx_word' id='word_1_114' title='bbox 1011 1845 1190 1883; x_wconf 78' lang='lat' dir='ltr'>aduerso</span> <span class='ocrx_word' id='word_1_115' title='bbox 1217 1840 1422 1894; x_wconf 76' lang='lat' dir='ltr'>quaeque</span> <span class='ocrx_word' id='word_1_116' title='bbox 1440 1843 1541 1882; x_wconf 81' lang='lat' dir='ltr'>fulta</span> 
     </span>
     <span class='ocr_line' id='line_1_20' title="bbox 141 1897 1538 1948; baseline -0.003 -7"><span class='ocrx_word' id='word_1_117' title='bbox 141 1902 236 1941; x_wconf 85' lang='lat' dir='ltr'>nisu</span> <span class='ocrx_word' id='word_1_118' title='bbox 258 1900 509 1948; x_wconf 80' lang='lat' dir='ltr'>consistere;</span> <span class='ocrx_word' id='word_1_119' title='bbox 543 1902 700 1940; x_wconf 85' lang='lat' dir='ltr'>nullum</span> <span class='ocrx_word' id='word_1_120' title='bbox 723 1902 829 1940; x_wconf 75' lang='lat' dir='ltr'>adeo</span> <span class='ocrx_word' id='word_1_121' title='bbox 849 1900 1098 1940; x_wconf 78' lang='lat' dir='ltr'>contrarium</span> <span class='ocrx_word' id='word_1_122' title='bbox 1120 1905 1185 1939; x_wconf 88' lang='lat' dir='ltr'>est</span> <span class='ocrx_word' id='word_1_123' title='bbox 1208 1900 1298 1939; x_wconf 87' lang='lat' dir='ltr'>sine</span> <span class='ocrx_word' id='word_1_124' title='bbox 1331 1897 1538 1940; x_wconf 78' lang='lat' dir='ltr'>contrario</span> 
     </span>
    </p>

    <p class='ocr_par' dir='ltr' id='par_1_10' title="bbox 104 1955 1540 2232">
     <span class='ocr_line' id='line_1_21' title="bbox 104 1955 1540 2007; baseline -0.003 -9"><span class='ocrx_word' id='word_1_125' title='bbox 104 1964 126 1999; x_wconf 81' lang='lat'><strong>4</strong></span> <span class='ocrx_word' id='word_1_126' title='bbox 142 1960 285 1997; x_wconf 78' lang='lat' dir='ltr'>altero.</span> <span class='ocrx_word' id='word_1_127' title='bbox 336 1958 422 2006; x_wconf 80' lang='lat' dir='ltr'>Quo</span> <span class='ocrx_word' id='word_1_128' title='bbox 443 1958 548 1996; x_wconf 90' lang='lat' dir='ltr'>enim</span> <span class='ocrx_word' id='word_1_129' title='bbox 565 1962 687 2007; x_wconf 79' lang='lat' dir='ltr'>paeto</span> <span class='ocrx_word' id='word_1_130' title='bbox 713 1957 888 1997; x_wconf 77' lang='lat' dir='ltr'>iustitiae</span> <span class='ocrx_word' id='word_1_131' title='bbox 906 1968 1055 1997; x_wconf 88' lang='lat' dir='ltr'>sensus</span> <span class='ocrx_word' id='word_1_132' title='bbox 1074 1967 1171 1996; x_wconf 88' lang='lat' dir='ltr'>esse</span> <span class='ocrx_word' id='word_1_133' title='bbox 1186 1962 1352 2006; x_wconf 88' lang='lat' dir='ltr'>posset,</span> <span class='ocrx_word' id='word_1_134' title='bbox 1374 1955 1454 1996; x_wconf 87' lang='lat' dir='ltr'>nisi</span> <span class='ocrx_word' id='word_1_135' title='bbox 1477 1965 1540 1995; x_wconf 88' lang='lat' dir='ltr'>es-</span> 
     </span>
     <span class='ocr_line' id='line_1_22' title="bbox 142 2004 1540 2063; baseline -0.003 -9"><span class='ocrx_word' id='word_1_136' title='bbox 142 2020 236 2054; x_wconf 85' lang='lat' dir='ltr'>sent</span> <span class='ocrx_word' id='word_1_137' title='bbox 254 2013 451 2053; x_wconf 83' lang='lat' dir='ltr'>iniuriae?</span> <span class='ocrx_word' id='word_1_138' title='bbox 482 2018 551 2053; x_wconf 79' lang='lat' dir='ltr'>aut</span> <span class='ocrx_word' id='word_1_139' title='bbox 569 2013 666 2063; x_wconf 86' lang='lat' dir='ltr'>quid</span> <span class='ocrx_word' id='word_1_140' title='bbox 685 2015 796 2053; x_wconf 81' lang='lat' dir='ltr'>aliud</span> <span class='ocrx_word' id='word_1_141' title='bbox 812 2014 963 2054; x_wconf 79' lang='lat' dir='ltr'>iustitia</span> <span class='ocrx_word' id='word_1_142' title='bbox 981 2018 1055 2061; x_wconf 86' lang='lat' dir='ltr'>est,</span> <span class='ocrx_word' id='word_1_143' title='bbox 1085 2023 1207 2062; x_wconf 75' lang='lat' dir='ltr'>quam</span> <span class='ocrx_word' id='word_1_144' title='bbox 1223 2013 1444 2053; x_wconf 80' lang='lat' dir='ltr'>iniustitiae</span> <span class='ocrx_word' id='word_1_145' title='bbox 1459 2004 1540 2062; x_wconf 70' lang='lat' dir='ltr'>pri-</span> 
     </span>
     <span class='ocr_line' id='line_1_23' title="bbox 141 2067 1540 2120; baseline -0.001 -11"><span class='ocrx_word' id='word_1_146' title='bbox 141 2071 281 2110; x_wconf 76' lang='lat' dir='ltr'>natio?</span> <span class='ocrx_word' id='word_1_147' title='bbox 315 2069 413 2118; x_wconf 89' lang='lat' dir='ltr'>quid</span> <span class='ocrx_word' id='word_1_148' title='bbox 430 2068 526 2109; x_wconf 85' lang='lat' dir='ltr'>item</span> <span class='ocrx_word' id='word_1_149' title='bbox 545 2070 742 2110; x_wconf 80' lang='lat' dir='ltr'>fortitudo</span> <span class='ocrx_word' id='word_1_150' title='bbox 760 2070 941 2119; x_wconf 83' lang='lat' dir='ltr'>intellegi</span> <span class='ocrx_word' id='word_1_151' title='bbox 957 2074 1127 2120; x_wconf 84' lang='lat' dir='ltr'>posset,</span> <span class='ocrx_word' id='word_1_152' title='bbox 1156 2068 1236 2109; x_wconf 88' lang='lat' dir='ltr'>nisi</span> <span class='ocrx_word' id='word_1_153' title='bbox 1266 2081 1319 2109; x_wconf 85' lang='lat' dir='ltr'>ex</span> <span class='ocrx_word' id='word_1_154' title='bbox 1349 2067 1540 2119; x_wconf 80' lang='lat' dir='ltr'>ignauiae</span> 
     </span>
     <span class='ocr_line' id='line_1_24' title="bbox 144 2125 1537 2176; baseline -0.001 -11"><span class='ocrx_word' id='word_1_155' title='bbox 144 2125 436 2175; x_wconf 82' lang='lat' dir='ltr'>oppositione?</span> <span class='ocrx_word' id='word_1_156' title='bbox 461 2126 560 2175; x_wconf 84' lang='lat' dir='ltr'>quid</span> <span class='ocrx_word' id='word_1_157' title='bbox 580 2127 850 2174; x_wconf 78' lang='lat' dir='ltr'>continentia,</span> <span class='ocrx_word' id='word_1_158' title='bbox 873 2126 951 2165; x_wconf 91' lang='lat' dir='ltr'>nisi</span> <span class='ocrx_word' id='word_1_159' title='bbox 976 2137 1028 2165; x_wconf 82' lang='lat' dir='ltr'>ex</span> <span class='ocrx_word' id='word_1_160' title='bbox 1058 2125 1423 2176; x_wconf 80' lang='lat' dir='ltr'>intemperantiae?</span> <span class='ocrx_word' id='word_1_161' title='bbox 1456 2135 1537 2174; x_wconf 89' lang='lat' dir='ltr'>quo</span> 
     </span>
     <span class='ocr_line' id='line_1_25' title="bbox 141 2180 1540 2232; baseline -0.001 -12"><span class='ocrx_word' id='word_1_162' title='bbox 141 2181 239 2220; x_wconf 90' lang='lat' dir='ltr'>item</span> <span class='ocrx_word' id='word_1_163' title='bbox 270 2181 394 2220; x_wconf 82' lang='lat' dir='ltr'>modo</span> <span class='ocrx_word' id='word_1_164' title='bbox 427 2181 646 2232; x_wconf 77' lang='lat' dir='ltr'>prudentia</span> <span class='ocrx_word' id='word_1_165' title='bbox 675 2190 807 2230; x_wconf 84' lang='lat' dir='ltr'>esset,</span> <span class='ocrx_word' id='word_1_166' title='bbox 839 2182 918 2221; x_wconf 89' lang='lat' dir='ltr'>nisi</span> <span class='ocrx_word' id='word_1_167' title='bbox 942 2183 1048 2221; x_wconf 86' lang='lat' dir='ltr'>foret</span> <span class='ocrx_word' id='word_1_168' title='bbox 1077 2186 1222 2221; x_wconf 82' lang='lat' dir='ltr'>contra</span> <span class='ocrx_word' id='word_1_169' title='bbox 1249 2180 1540 2232; x_wconf 79' lang='lat' dir='ltr'>inprudentia?</span> 
     </span>
    </p>

    <p class='ocr_par' dir='ltr' id='par_1_11' title="bbox 104 2237 1538 2290">
     <span class='ocr_line' id='line_1_26' title="bbox 104 2237 1538 2290; baseline -0.001 -12"><span class='ocrx_word' id='word_1_170' title='bbox 104 2245 124 2278; x_wconf 84' lang='lat'>5</span> <span class='ocrx_word' id='word_1_171' title='bbox 140 2237 352 2290; x_wconf 79' lang='lat' dir='ltr'>Proinde&#39;‚</span> <span class='ocrx_word' id='word_1_172' title='bbox 365 2238 501 2288; x_wconf 80' lang='lat' dir='ltr'>inquit,</span> <span class='ocrx_word' id='word_1_173' title='bbox 515 2237 721 2279; x_wconf 70' lang='lat' dir='ltr'>‘homines</span> <span class='ocrx_word' id='word_1_174' title='bbox 739 2238 851 2279; x_wconf 82' lang='lat' dir='ltr'>stulti</span> <span class='ocrx_word' id='word_1_175' title='bbox 868 2250 940 2278; x_wconf 84' lang='lat' dir='ltr'>eur</span> <span class='ocrx_word' id='word_1_176' title='bbox 956 2250 1039 2278; x_wconf 83' lang='lat' dir='ltr'>non</span> <span class='ocrx_word' id='word_1_177' title='bbox 1056 2239 1136 2278; x_wconf 84' lang='lat' dir='ltr'>hoc</span> <span class='ocrx_word' id='word_1_178' title='bbox 1148 2238 1269 2278; x_wconf 80' lang='lat' dir='ltr'>etiam</span> <span class='ocrx_word' id='word_1_179' title='bbox 1286 2237 1538 2285; x_wconf 80' lang='lat' dir='ltr'>desiderant,</span> 
     </span>
    </p>
   </div>
  </div>
 </body>
</html>
