1635 2492
4 0 49 98 *aaa

69 63 78 69 .
83 16 86 18 ,

555 41 722 84 XVIIII.
756 53 912 84 111.1111.
941 54 979 81 v.
1404 42 1488 85 223

739 159 807 200 111.

102 246 233 294 [Quod
254 246 401 294 turpius
420 249 498 290 est,
532 243 670 293 frigide
685 243 834 280 laudari
850 273 858 288 ,
890 254 1003 291 quam
1021 242 1196 279 acerbius
1217 241 1456 288 uituperari.]

152 333 332 385 Turpius
357 344 455 374 esse
484 332 650 373 dicebat
676 331 975 373 Fauorinus
1003 330 1301 393 philosophus,
1335 329 1486 380 exigue
1507 342 1525 375 l

66 397 195 441 atque
226 390 374 442 frigide
403 389 586 438 laudari,
621 400 745 440 quam
769 389 1026 430 insectanter
1052 393 1093 428 et
1120 392 1304 438 grauiter
1324 386 1486 438 uitupe-

0 446 3 450 '
67 447 171 489 rari:
204 447 453 499 ‘quo·niam',
483 447 636 498 inquit,
668 446 757 497 equi
779 446 988 487 maledicit
1005 451 1046 486 et
1071 445 1297 495 uituperat,
1328 449 1485 494 quanto
1508 453 1531 487 2

67 503 109 546 id
125 505 319 546 acerbius
339 504 446 553 facit,
478 509 563 545 tam
581 504 761 545 maximo
781 504 881 553 [il]le
897 515 975 555 pro
994 502 1159 543 inimico
1182 507 1222 542 et
1245 501 1388 552 iniquo
1413 502 1486 542 du-

67 562 174 603 citur
199 567 241 603 et
257 563 507 614 plerumque
526 566 755 613 propterea
776 562 902 601 fidem
932 573 1017 602 non
1037 560 1159 611 capit.
1222 558 1309 599 Sed
1331 558 1403 609 qui
1427 558 1486 598 in·

68 620 248 660 fecunde
270 625 397 669 atque
414 618 550 658 ieiune
574 619 731 667 laudat,
763 618 933 659 destitui
959 630 983 658 a
1000 628 1130 658 causa
1145 616 1314 657 uidetur
1330 621 1371 656 et
1388 616 1485 655 ami-

68 688 142 717 cus
162 676 330 727 quidem
351 676 534 716 creditur
551 676 654 724 eius,
680 687 804 726 quem
827 676 998 716 laudare
1014 675 1115 723 uult,
1142 674 1219 714 sed
1234 673 1333 712 nihil
1355 684 1486 724 posse

66 733 273 787 reperire,
307 733 425 785 quod
449 733 538 773 iure
561 733 736 773 laudet.⁹

737 827 821 867 1111.

67 919 340 965 [Quamobrem
364 925 493 957 uenter
529 921 723 969 repentino
753 920 884 955 timore
911 919 1059 964 effluat,
1092 931 1208 967 quare
1242 921 1352 956 etiam
1385 920 1483 967 ignis

610 979 755 1014 urinam
773 977 966 1021 lacessat]

150 1080 478 1122 Aristotelis
510 1081 601 1120 libri
629 1087 746 1130 sunt,
787 1082 856 1132 qui
884 1082 1215 1133 problemata
1258 1080 1482 1132 physica
1506 1091 1525 1124 1

65 1137 372 1187 inscribuntur,
403 1138 651 1189 lepidissimi
667 1144 708 1178 et
725 1140 1024 1188 elegantiarum
1052 1138 1299 1188 omnigenus
1326 1138 1479 1177 referti.

64 1195 109 1234 In
134 1194 198 1235 his
231 1195 413 1245 quaerit,
448 1206 572 1245 quam
606 1196 658 1234 ob
688 1206 858 1236 causam
891 1196 1077 1243 eueniat,
1106 1200 1151 1235 ut
1180 1195 1330 1245 quibus
1361 1195 1484 1234 inua-
1503 1203 1526 1237 2

66 1251 120 1291 sit
149 1252 395 1302 repentinus
432 1252 491 1292 rei
532 1263 708 1302 magnae
752 1252 893 1301 timor,
926 1254 1173 1303 plerumque
1213 1253 1308 1291 aluo
1343 1252 1481 1291 statim

65 1308 147 1348 cita
177 1309 304 1349 fiant?
338 1309 435 1349 item
461 1309 643 1360 quaerit,
674 1321 748 1349 cur
771 1310 952 1357 accidat,
988 1315 1030 1349 ut
1069 1321 1182 1357 eum,
1217 1309 1286 1359 qui
1308 1314 1483 1360 propter
1503 1315 1526 1350 3

69 1366 209 1416 ignem
229 1366 385 1407 diutius
403 1366 535 1415 stetit,
567 1366 693 1407 libido
711 1367 856 1407 urinae
882 1368 1090 1407 lacessat?
1116 1369 1179 1406 Ac
1201 1367 1254 1405 de
1273 1367 1369 1405 aluo
1392 1365 1478 1416 qui·
1499 1373 1522 1406 4

71 1423 166 1463 dem
181 1423 289 1463 inter
310 1423 539 1463 timendum
557 1435 692 1487 prona
713 1429 839 1475 atque
857 1424 1075 1475 praecipiti
1107 1435 1276 1463 causam
1301 1434 1398 1463 esse
1424 1423 1480 1462 di-

66 1479 140 1530 cit,
175 1481 290 1531 quod
315 1480 440 1521 timor
461 1481 595 1521 omnis
617 1481 671 1521 sit
693 1482 903 1532 algificus,
938 1492 1060 1531 quem
1078 1481 1144 1520 ille
1166 1481 1349 1531 appellat
1372 1483 1384 1502 ⁹
1401 1484 1481 1528 ψυ-

62 1533 313 1590 χροποιόν’,
332 1549 466 1588 eaque
487 1537 529 1577 ui
546 1538 713 1588 frigoris
732 1539 980 1589 sanguinem
997 1539 1296 1587 caldoremque
1314 1548 1481 1577 omnem

63 1594 116 1634 de
140 1605 305 1635 summa
324 1595 517 1645 corporis
546 1600 641 1635 cute
669 1601 792 1646 cogat
812 1596 980 1646 penitus
1002 1601 1043 1635 et
1068 1596 1250 1645 depellat
1272 1594 1480 1644 faciatque

64 1651 208 1703 simul,
239 1656 286 1692 ut
303 1651 374 1702 qui
398 1652 544 1692 timent
561 1653 764 1702 sanguine
788 1664 840 1692 ex
874 1664 947 1693 ore
969 1653 1200 1692 decedente
1233 1652 1477 1701 pallescant.

0 1726 1 1732 ¹
63 1710 119 1749 ‘Is
142 1711 312 1757 autem’,
338 1709 491 1759 inquit,
525 1710 714 1760 ‘sanguis
736 1715 777 1750 et
794 1710 938 1750 caldor
957 1710 997 1749 in
1020 1709 1177 1749 intuma
1198 1713 1370 1748 coactus
1388 1720 1475 1749 mo·
1501 1717 1522 1749 5

62 1771 134 1805 uet
159 1767 406 1830 plerumque
429 1767 568 1806 aluom
594 1771 635 1805 et
658 1767 812 1807 incitat.
875 1768 934 1807 De
963 1767 1082 1806 urina
1109 1765 1283 1814 celebri,
1316 1777 1368 1805 ex
1392 1765 1477 1816 igni
1498 1772 1520 1807 6

62 1823 255 1887 proximo
279 1824 407 1871 facta,
439 1823 570 1862 uerba
586 1823 690 1863 haec
715 1824 879 1875 posuit:
914 1819 982 1864 Τὸ
1015 1820 1070 1863 δὲ
1102 1823 1210 1875 πῦρ
1244 1821 1478 1874 διαχαλᾶ

64 1874 120 1919 τὸ
153 1875 422 1933 πεπηγός,
456 1873 636 1932 ω’σπερ
668 1875 690 1920 ὁ
724 1876 884 1933 ἥλιος
914 1876 1013 1933 τὴν
1045 1876 1222 1932 χιόνα.

746 1995 796 2035 V.

65 2078 138 2124 [Ex
153 2079 367 2116 Aristotelis
384 2079 488 2115 libris
506 2082 695 2125 sumptum
711 2107 717 2120 ‚
740 2076 841 2123 quod
858 2078 957 2114 niuis
981 2087 1079 2124 aqua
1097 2077 1202 2123 potui
1220 2077 1389 2123 pessima
1406 2076 1474 2120 sit;

362 2140 398 2172 et
414 2135 516 2183 quod
532 2147 579 2171 ex
597 2136 682 2170 niue
701 2135 902 2181 crystallus
921 2134 1176 2177 concreatur.]

148 2223 192 2262 In
214 2223 382 2263 Tiburte
407 2235 479 2263 rus
508 2233 858 2264 concesseramus
889 2221 1067 2262 hominis
1093 2220 1211 2260 amici
1236 2220 1374 2261 diuitis
1407 2232 1472 2260 ae·
1498 2230 1515 2263 1

65 2283 172 2319 state
192 2280 289 2320 anni
313 2280 636 2331 flagrantissima
653 2291 731 2330 ego
749 2285 790 2319 et
815 2279 981 2330 quidam
1000 2278 1064 2318 alii
1081 2279 1280 2329 aequales
1303 2282 1345 2318 et
1360 2278 1473 2317 fami-
