1619 2476
175 69 259 110 156
767 69 875 107 XVI.
907 78 979 107 vn.

174 181 363 222 ‘diluuio'
381 186 432 228 et,
454 181 568 230 quod
584 179 622 218 in
642 178 753 218 mim
766 190 789 218 o
808 179 936 228 ponit,
948 190 1072 228 quem
1090 179 1151 218 Co
1163 191 1189 229 p
1203 178 1368 219 binum
1384 178 1562 229 scripsit,

137 244 160 279 3
177 240 189 261 ‘
201 242 415 277 manuatus
434 239 519 276 est'
543 247 619 286 pro
639 239 651 258 ‘
668 236 825 275 furatus
848 237 934 274 est'
953 239 993 274 et
1009 234 1105 273 item
1123 233 1163 274 in
1181 235 1366 275 Fullon
1380 246 1403 275 e
1432 236 1563 275 furem

175 292 461 333 ‘manuarium'
494 292 692 342 appellat:

229 357 486 406 Manuari,
518 356 670 407 inquit,
700 355 836 406 pudo
851 368 953 396 rem
983 354 1290 407 perdidisti,

134 434 157 467 4
175 426 383 474 multaque
405 424 482 463 alia
497 422 786 463 huiuscemodi
807 426 947 462 nouat.
992 422 1135 471 Neque
1152 433 1234 461 non
1253 421 1443 461 obsoleta
1464 431 1563 470 quo-

174 492 254 530 que
274 486 314 520 et
330 480 576 520 maculantia
592 490 644 518 ex
664 478 897 518 sordidiore
917 477 1031 527 uulgi
1046 489 1125 517 usu
1141 477 1270 527 ponit,
1301 478 1421 526 quale
1438 480 1503 516 est
1522 475 1562 514 in

173 536 522 576 Staminariis:

227 603 398 644 Tollet
428 605 564 643 bona
595 602 699 642 fide'
722 614 815 642 uos
841 613 1001 642 orcus
1032 600 1192 641 nudas
1217 600 1264 640 in
1289 599 1562 640 catonium.

139 672 227 711 5Et
257 669 529 708 ‘elutriare
563 668 749 707 lintea'
784 674 824 707 et
855 667 1214 707 ‘lauandaria'
1233 666 1351 719 dicit,
1382 678 1488 716 quae
1511 667 1564 705 ad

171 726 394 767 lauandum
412 725 493 765 sint
508 725 621 772 data,
642 729 700 763 et:

230 789 457 844 Coicior,
488 791 637 841 inquit,
665 792 713 831 in
734 789 1057 839 fullonicam,

173 854 361 953 et’Quid
387 902 673 954 properas?
705 903 831 953 quid
852 901 1159 953 praecurris
1185 907 1210 950 †
1238 901 1510 943 caldonia?

132 972 155 1008 6
172 973 272 1010 Item
286 971 459 1011 Restio
476 983 534 1010 ne
555 972 971 1012 ‘talabarriunculos'
991 970 1106 1020 dicit,
1140 982 1246 1021 quos
1265 971 1415 1021 uulgus
1442 972 1565 1010 ‘tala-

129 1026 149 1062 7
173 1027 420 1075 bari-iones',
452 1027 548 1067 item
572 1026 612 1066 in
638 1027 1043 1078 Compitalibus:

229 1084 388 1123 malas
420 1083 729 1134 malaxauit‚

133 1147 267 1189 Sitem
292 1148 330 1187 in
361 1149 794 1189 Cacomnemone:

228 1204 320 1243 Hic
341 1209 439 1252 est,
463 1204 610 1254 inquit,
635 1203 724 1244 ille
750 1206 973 1254 gurdus,
998 1203 1141 1254 que'm
1162 1215 1253 1253 ego
1278 1214 1352 1242 me
1379 1202 1564 1242 abhinc

803 1261 1011 1301 menses
1044 1260 1172 1300 duos
1202 1270 1260 1299 ex
1280 1254 1465 1298 Africa

227 1314 534 1354 Venientem
563 1314 843 1364 excepisse
872 1316 970 1354 tibi
996 1313 1229 1362 narraui,

134 1390 156 1425 9
173 1382 269 1421 item
290 1380 330 1418 in
357 1380 493 1427 mimo,
527 1381 595 1429 qui
616 1380 850 1420 inscribitur
870 1379 1157 1428 Natalficius]
1181 1380 1378 1430 ‘cippum’
1403 1379 1500 1419 dicit
1522 1383 1562 1418 et

173 1437 355 1476 eobbam’
381 1436 1022 1486 et‘camellam'et‘pittacium',
1055 1436 1356 1487 et‘capitium':

315 1521 324 1530 .
401 1522 410 1530 .
555 1486 769 1539 'InduiS,
801 1492 950 1542 inquit,

230 1546 484 1597 Capitium
508 1547 724 1587 tunicae
750 1547 1039 1598 pittacium.

117 1615 160 1648 10
249 1612 497 1652 Praeterea
487 1624 528 1652 1n
546 1615 583 1652 A
594 1625 619 1652 n
632 1625 657 1652 n
671 1624 696 1651 a
710 1613 739 1652 P
751 1624 773 1652 e
784 1625 803 1652 r
815 1624 838 1652 a
848 1625 872 1652 n
886 1625 910 1652 n
924 1625 948 1652 a
976 1616 988 1636 ε
1002 1613 1247 1663 gubernium
1258 1615 1272 1634 '
1293 1624 1370 1662 pro
1389 1616 1401 1636 ³
1414 1613 1538 1662 gubei

170 1671 333 1709 natore'
351 1673 392 1708 et
414 1670 614 1718 ‘planum'
633 1680 708 1719 pro
727 1670 1020 1720 ‘sycophanta’
1046 1673 1087 1708 et
1110 1671 1294 1709 ‘nanum'
1312 1679 1387 1718 pro
1414 1672 1560 1718 ‘puml-

172 1725 298 1764 lione’
320 1724 436 1771 dicit;
466 1735 714 1774 quamquam
739 1727 939 1774 ‘planum'
964 1736 1039 1775 pro
1066 1725 1360 1775 ‘sycophanta’
1382 1725 1435 1763 M.
1460 1736 1560 1773 quo-

173 1791 253 1829 que
289 1781 471 1820 Cicero
503 1780 543 1819 in
578 1780 750 1820 oratio
764 1792 824 1820 ne
860 1781 1058 1830 scriptum
1087 1780 1269 1830 reliquit,
1312 1790 1436 1829 quam
1466 1792 1559 1829 pro

116 1836 157 1872 11
174 1836 417 1875 Cluentio
448 1836 561 1875 dixit.
620 1837 760 1885 Atque
787 1836 882 1875 item
905 1836 945 1875 in
970 1836 1136 1884 mimo,
1169 1835 1239 1885 qui
1259 1836 1561 1875 Saturnalia

171 1890 392 1941 inscriptus
415 1896 495 1939 est,
528 1892 762 1931 ‘botulum'
779 1904 855 1942 pro
878 1895 889 1914 ³
903 1891 1136 1931 farcimine'
1155 1893 1335 1942 appellat
1356 1896 1398 1931 et
1416 1891 1560 1931 ‘homi-

117 1949 158 1983 12
170 1957 263 1985 nem
285 1949 518 1987 leuennam'
543 1959 618 1997 pro
643 1947 771 1987 ‘lenit
832 1949 933 1987 Item
955 1947 995 1986 in
1017 1948 1050 1986 N
1062 1958 1083 1986 e
1096 1958 1156 1997 cy
1168 1959 1191 1986 o
1202 1959 1241 1986 m
1252 1958 1309 1987 an
1321 1951 1338 1986 t
1350 1946 1362 1985 i
1373 1958 1397 1985 a
1414 1947 1558 1986 ‘cotio-

170 2005 287 2041 nem’
311 2005 555 2052 peruulgate
577 2002 685 2049 dicit,
719 2015 840 2052 quern
861 2008 1024 2042 ueteres
1051 2002 1332 2042 ‘arillatorem'
1355 2002 1558 2042 dixerunt.

170 2058 310 2098 Verba
330 2060 361 2097 L
373 2059 430 2097 ab
442 2070 465 2098 e
478 2058 517 2097 ri
541 2059 643 2098 haec
660 2064 776 2098 sunt:

225 2122 364 2163 Duas
394 2125 618 2163 uxores?
647 2123 826 2163 hercle
862 2125 955 2164 hoc
988 2125 1105 2174 plus
1138 2120 1320 2171 negoti
1351 2126 1448 2162 est:
1481 2127 1560 2161 set

798 2179 919 2230 quid
950 2177 1116 2219 cotio?

228 2233 329 2272 SeLx
355 2235 559 2275 aediles
585 2234 803 2275 uiderat.
