1619 2476
131 45 216 87 212
689 43 833 85 XVlll.
850 53 957 81 vnn.

131 160 430 200 Ptolemaeo
462 161 645 197 contra
666 154 953 203 Thermum,
985 154 1044 194 sic
1069 154 1267 204 scriptum
1301 154 1396 195 fuit:
1430 154 1529 194 Sed

134 215 175 256 si
215 215 382 255 omnia
419 214 540 253 dolo
578 211 726 259 fecit,
767 210 934 250 omnia
965 211 1225 251 auaritiae
1259 216 1417 261 atque
1448 222 1529 261 pe-

135 271 314 311 cuniae
360 280 516 310 causa
555 268 709 315 fecit,
763 266 1018 307 eiusmodi
1063 268 1272 308 scelera
1308 267 1528 314 nefaria,

136 338 269 377 quae
309 337 477 376 neque
527 325 681 364 fando
725 335 894 374 neque
940 324 1164 373 legendo
1209 323 1528 371 audiuimus,

135 382 447 433 supplicium
481 394 575 433 pro
609 380 763 420 factis
796 381 917 419 dare
953 385 1175 430 oportet.
1213 381 1326 432 [....]

96 458 118 492 2
220 450 270 487 In
286 447 633 497 secendaouid
653 452 780 499 esset,
814 446 955 496 quaeri
982 452 1188 497 coeptum.
1249 447 1351 486 Tum
1376 457 1427 486 ex
1451 446 1530 497 his,

138 505 206 554 qui
249 505 440 552 aderant,
479 505 581 543 alter
613 504 796 543 literator
838 503 931 551 fuit,
970 504 1072 543 alter
1113 503 1251 543 literas
1294 503 1451 551 sciens,
1490 502 1531 541 id

137 567 201 601 est
227 563 329 600 alter
360 562 537 608 doeens,
572 561 720 600 doctus
754 561 869 599 alter.
931 560 981 599 Hi
1005 560 1087 600 duo
1116 559 1221 599 inter
1248 570 1344 600 sese
1374 559 1530 599 dissen-

96 625 119 659 3
137 618 303 657 tiebant.
365 617 414 657 Et
436 617 726 666 grammaticus
747 616 910 666 quidem
936 616 1215 657 contendebat
1235 620 1250 664 [
1253 645 1349 655 .....
1353 619 1390 664 ];
1423 618 1435 638 ²
1449 619 1461 638 ³
1475 615 1531 654 in-

137 674 375 724 sequenda'
402 673 509 712 enim
534 674 695 720 scribi'‚
728 673 879 722 inquit,
907 673 1079 721 ‘debet‚
1109 685 1190 714 non
1216 672 1530 719 insecenda,

138 730 332 780 quoniam
351 733 362 752 ‘
375 729 602 779 insequens
617 733 628 751 ⁹
650 730 876 779 signilicat’
897 734 930 778 [.
944 759 952 769 .
967 759 976 768 .
991 733 1024 778 .]
1044 730 1320 779 traditumque
1338 739 1432 769 esse
1453 728 1532 767 ‘in-

136 790 283 836 seque’
309 786 426 836 quasi
452 790 596 836 ‘perge
619 786 773 825 dicere’
801 791 842 825 ct
859 786 1114 836 ‘insequere'
1138 786 1276 836 itaque
1297 785 1348 825 ab
1368 784 1529 824 Ennio

136 843 334 893 scriptum
353 843 390 882 in
417 843 478 882 his
499 843 711 883 uersibus:

193 901 445 949 Inseque,
485 900 658 951 Musa,
701 910 846 938 manu
882 900 1224 939 Romanorum
1256 897 1532 947 indupera—

969 961 1049 995 tor

195 1012 336 1061 Quod
377 1011 602 1062 quisque
636 1013 681 1051 in
718 1012 860 1052 bello
902 1010 1073 1060 gessit
1112 1022 1222 1050 cum
1266 1021 1388 1060 rege
1422 1010 1532 1050 Phi-

962 1068 996 1106 li
1006 1079 1031 1118 p
1043 1079 1067 1117 p
1080 1079 1118 1107 o.

97 1133 119 1168 4
219 1126 336 1164 Alter
353 1131 489 1166 autem
506 1126 570 1165 ille
595 1125 805 1173 eruditior,
836 1124 933 1164 nihil
951 1124 1158 1171 mendum,
1187 1123 1263 1163 sed
1279 1128 1393 1163 recte
1409 1128 1533 1173 atque

135 1182 294 1230 integre
323 1182 521 1232 scriptum
547 1194 641 1222 esse
663 1181 962 1233 perseuerabat
989 1185 1029 1220 et
1045 1179 1195 1219 Velio
1217 1179 1248 1218 L
1263 1191 1358 1229 ong
1373 1191 1417 1228 o,
1450 1191 1533 1219 non

135 1237 289 1278 homini
319 1237 509 1287 indocto,
542 1239 665 1278 fidem
696 1250 791 1279 esse
830 1237 1082 1284 habendam,
1118 1236 1188 1286 qui
1214 1236 1253 1275 in
1280 1246 1533 1276 commen-

135 1293 289 1342 tario,
325 1296 437 1343 quod
469 1294 718 1334 secissetde
742 1306 838 1334 usu
865 1294 1106 1343 antiquae
1134 1291 1402 1340 lectionis,
1436 1291 1532 1330 scri-

135 1350 277 1399 pserit,
296 1362 379 1390 non
397 1350 442 1390 in
456 1363 474 1390 3
486 1362 508 1390 e
521 1363 582 1400 qu
595 1362 617 1389 e
634 1351 744 1400 apud
760 1351 826 1389 En
838 1350 967 1396 nium
984 1349 1218 1397 legendum,
1242 1348 1317 1387 sed
1335 1347 1531 1394 ‘insece’;

135 1406 315 1455 ideoque
329 1417 352 1444 a
368 1406 592 1454 ueteribus,
607 1417 709 1455 quas
724 1405 1014 1445 ‘narrationes’
1031 1404 1216 1451 dicimus,
1232 1403 1532 1450 <insectiones',

137 1473 234 1501 esse
254 1463 503 1512 appellatas;
534 1464 700 1502 Varro
720 1473 826 1501 nem
846 1472 1013 1511 quoque
1034 1471 1203 1500 uersum
1231 1460 1340 1499 hunc
1360 1459 1533 1499 Plauti

139 1518 190 1557 de
208 1519 587 1558 Menaechmis:

197 1575 625 1623 ,Nihilo†minus
659 1575 779 1615 esse
815 1574 1092 1622 uide[n]tur
1124 1572 1347 1621 sectius,
1388 1583 1533 1622 quarn

961 1628 1065 1670 som
1078 1629 1183 1682 nia,

140 1688 199 1728 sic
217 1692 491 1736 enarras[se]:
522 1688 662 1729 ‘nihilo
686 1687 815 1737 magis
833 1687 1036 1726 narranda
1063 1697 1180 1734 esse,
1210 1697 1329 1736 quam
1349 1685 1383 1726 si
1401 1696 1449 1724 ea
1473 1696 1534 1724 es·

141 1750 234 1784 sent
255 1744 445 1785 somnia'.
474 1746 585 1785 Haec
611 1745 665 1784 illi
683 1745 788 1784 inter
809 1755 855 1784 se
873 1744 1096 1783 certabant.

103 1819 123 1850 5
224 1812 312 1860 Ego
331 1811 508 1852 arbitror
525 1816 611 1850 eta
630 1812 681 1850 Μ,
710 1812 899 1851 Catone
917 1814 928 1832 ⁹
942 1809 1191 1849 insecenda'
1211 1815 1252 1847 et
1268 1818 1291 1846 a
1309 1807 1353 1856 Q.
1371 1806 1532 1848 Ennio

142 1867 316 1907 ‘insece'
335 1868 533 1917 scriptum
561 1868 649 1907 sine
672 1880 698 1906 u
716 1867 844 1906 litera.
907 1866 1070 1906 Offendi
1093 1864 1200 1905 enim
1223 1864 1263 1903 in
1278 1862 1536 1903 bibliotheca

140 1923 328 1963 Patrensi
357 1924 504 1963 librum
535 1935 662 1963 uerae
695 1923 914 1963 uetustatis
945 1922 1076 1962 Liuii
1106 1918 1438 1967 Andronici,
1467 1918 1531 1968 qu‘

141 1980 366 2029 inscriptus
383 1985 446 2020 est
463 1974 506 2020 'O
520 1979 544 2019 ὃ
556 1977 585 2019 v'
598 1989 623 2018 6
635 1988 690 2019 σε
704 1995 717 2019 ι
729 1993 774 2032 α,
802 1979 842 2018 in
861 1991 943 2029 quo
968 1983 1055 2018 erat
1070 1988 1219 2018 uersus
1240 1975 1409 2026 primus,
1442 1986 1523 2015 cura

144 2036 223 2076 hoc
240 2037 392 2084 uerbo,
425 2037 514 2076 sine
531 2050 557 2076 u
582 2037 717 2076 litera:

199 2101 371 2141 Virmn
397 2101 538 2150 mihi,
574 2101 806 2150 Camena,
837 2098 1015 2141 insece
1037 2097 1327 2147 uersatum,

144 2166 276 2206 sactus
295 2179 346 2207 ex
369 2168 436 2210 illo
455 2170 490 2208 H
505 2181 576 2209 om
589 2169 659 2208 eri
679 2180 821 2208 uersu:

203 2228 415 2286 [Ἄνδρα
445 2248 536 2286 μοι
569 2235 786 2287 ἔννεπε,
820 2233 1044 2285 Μοῦσα,
1084 2227 1474 2286 πολύτροπον.]
