1619 2476
145 26 200 67 52
730 27 814 65 XII.
845 38 872 65 1.
907 37 952 65 11.

143 144 322 188 gantque
357 150 381 177 a
410 149 504 178 sese
537 143 576 176 et
609 137 695 176 aliis
727 136 968 177 nutriendos
1000 137 1176 185 dedunt,
1208 136 1415 176 uinculum
1441 135 1541 176 illud

143 197 444 243 coagulumque
475 193 596 232 animi
628 198 751 241 atque
780 192 953 240 amoris,
986 204 1067 242 quo
1098 196 1292 242 parentes
1327 203 1419 231 cum
1448 192 1538 231 filiis

142 255 286 289 natura
317 248 548 296 consociat,
588 247 887 287 interscindunt
925 253 993 287 aut
1034 253 1145 287 certe
1186 247 1352 297 quidem
1383 248 1540 287 diluunt

85 310 130 345 22
143 306 428 354 deteruntque.
476 305 576 343 Nam
602 303 669 344 ubi
694 303 857 342 infantis
884 303 1080 343 aliorsum
1112 303 1195 343 dati
1225 304 1331 343 facta
1361 315 1413 342 ex
1444 315 1540 343 ocu·

141 361 189 400 lis
223 360 463 408 amolitiost‚
510 360 629 409 uigor
666 359 732 398 ille
771 363 979 398 maternae
1018 358 1258 409 flagrantiae
1290 359 1445 400 sensim
1485 365 1540 398 at-

142 428 221 466 que
252 416 446 466 paulatim
478 415 745 466 restinguitur
776 415 994 464 omnisque
1024 414 1389 464 inpatientissimae
1432 415 1540 454 solli-

142 472 332 512 citudinis
359 472 554 522 strepitus
581 471 837 519 consuescit,
875 482 1010 520 neque
1035 472 1162 511 multo
1187 470 1321 511 minor
1336 471 1541 510 amandati

83 531 129 567 23
142 529 197 566 ad
227 528 425 567 nutricem
456 528 574 566 aliam
607 528 695 574 filii,
729 538 850 575 quam
880 532 1012 567 morte
1042 526 1201 575 amissi,
1234 525 1442 567 obliuiost.
1478 527 1540 576 Ip-

142 583 227 623 sius
261 595 428 633 quoque
454 583 617 623 infantis
646 583 821 622 adfectio
853 582 993 631 animi,
1023 582 1194 630 amoris,
1228 581 1540 623 consuetudinis

140 638 180 677 in
213 651 262 678 ea
293 641 403 687 sola,
441 640 551 679 unde
584 639 723 686 alitur,
765 644 992 688 occupatur
1020 644 1061 678 et
1089 638 1286 688 proinde,
1329 643 1375 678 ut
1402 638 1443 677 in
1474 649 1542 677 ex-

140 695 287 743 positis
322 707 400 735 usu
431 695 564 742 uenit,
599 694 758 742 matris,
793 695 1087 744 quaegenuit‚
1119 706 1255 744 neque
1287 705 1457 734 sensum
1483 695 1541 734 ul-

140 752 222 789 lum
255 762 390 800 neque
421 750 670 791 desiderium
702 750 822 800 capit.
881 752 943 789 Ac
972 755 1213 800 propterea,
1248 750 1469 791 obliteratis
1502 755 1543 789 et

141 806 302 845 abolitis
338 806 500 846 natiuae
531 806 692 856 pietatis
728 806 962 853 elementis,
996 806 1190 856 quicquid
1221 806 1276 845 ita
1306 806 1467 845 educati
1499 806 1541 844 li-

139 862 227 901 beri
261 873 398 901 amare
435 867 593 912 patrem
625 868 749 911 atque
779 868 951 901 matrem
979 863 1188 910 uidentur,
1232 872 1420 911 magnam
1453 863 1541 900 fere

141 923 298 967 partem
316 929 397 958 non
423 918 619 958 naturalis
643 918 709 957 ille
727 929 841 958 amor
859 924 943 965 est,
977 918 1051 957 sed
1075 917 1205 958 ciuilis
1230 924 1270 957 et
1286 917 1535 967 opinabilis'.

83 977 128 1011 24
225 975 336 1012 Ilaec
374 974 684 1014 Fauorinum
723 974 925 1013 dicentem
961 974 1099 1013 audiui
1138 974 1294 1013 Graeca
1336 973 1536 1014 oratione.

142 1029 262 1068 Cuius
283 1030 507 1069 sententias
538 1030 766 1070 communis
790 1029 970 1069 utilitatis
996 1029 1144 1079 gratia,
1179 1034 1376 1079 quantum
1400 1029 1538 1068 menii-

140 1085 251 1124 nisse
281 1086 417 1134 potui,
449 1086 602 1133 rettuli,
637 1085 904 1126 amoenitates
933 1097 1033 1126 uero
1068 1091 1108 1125 et
1138 1085 1280 1135 copias
1311 1085 1539 1125 ubertates-

140 1152 220 1189 que
250 1142 474 1181 uerborum
504 1141 645 1181 Latina
677 1142 808 1181 omnis
841 1141 1031 1180 facundia
1060 1141 1131 1181 uix
1162 1142 1364 1191 quaedam
1396 1140 1539 1190 indipi-

139 1196 198 1235 sci
228 1196 430 1248 potuerit‚
463 1209 554 1237 mea
582 1197 758 1237 tenuitas
786 1208 1063 1247 nequaquam.

816 1331 862 1369 11.
894 1376 896 1378 v

140 1432 250 1476 Quod
265 1433 445 1468 Annaeus
467 1432 623 1474 Seneca,
642 1431 812 1467 iudicans
835 1432 880 1467 de
899 1433 942 1476 Q.
959 1433 1077 1468 Ennio
1097 1432 1217 1479 deque
1234 1433 1284 1468 M.
1308 1432 1439 1477 Tullio,
1464 1434 1538 1470 leui

624 1488 804 1534 futtilique
828 1488 966 1524 iudicio
993 1490 1072 1524 suit.
1363 1503 1365 1505 ·

102 1591 121 1623 1
223 1585 282 1622 De
306 1585 523 1622 Annaeo
551 1583 749 1622 Seneca
779 1583 925 1633 partim
952 1583 1185 1624 existimant
1200 1589 1244 1623 ut
1261 1584 1312 1623 de
1330 1583 1533 1634 scriptore

138 1639 301 1678 minime
330 1639 434 1687 utili,
468 1638 583 1678 cuius
613 1639 739 1679 libros
764 1639 976 1689 adtingere
1003 1641 1157 1679 nullum
1180 1639 1355 1689 pretium
1381 1651 1534 1690 operae

138 1694 212 1743 sit,
249 1695 362 1744 quod
395 1695 524 1734 oratio
558 1694 645 1734 eius
675 1695 854 1745 uulgaris
880 1695 1069 1734 uideatur
1093 1700 1133 1734 et
1158 1696 1350 1745 protrita,
1381 1707 1450 1736 res
1479 1701 1535 1735 at-

139 1763 218 1800 que
249 1750 476 1790 sententiae
506 1756 576 1790 aut
606 1750 744 1800 inepto
779 1751 970 1800 inanique
997 1750 1152 1800 inipetu
1175 1751 1273 1799 sint,
1305 1756 1375 1791 aut
1390 1756 1435 1791 ut
1456 1751 1538 1791 leui

138 1812 179 1845 et
209 1806 327 1856 quasi
359 1806 490 1845 dicaci
522 1807 700 1855 argutia,
743 1806 914 1846 eruditio
951 1811 1086 1845 autem
1117 1808 1342 1847 uernacula
1376 1812 1416 1847 et
1452 1809 1537 1857 ple-

136 1861 229 1901 beia
259 1862 437 1911 nihilque
468 1874 518 1901 ex
546 1868 732 1901 ueterum
765 1862 928 1912 scriptis
950 1862 1106 1902 habens
1133 1873 1270 1912 neque
1295 1863 1450 1912 gratiae
1468 1874 1538 1903 ne-

138 1929 218 1967 que
249 1917 470 1967 dignitatis.
530 1918 611 1957 Alii
640 1930 741 1958 uero
769 1917 996 1967 elegantiae
1018 1918 1057 1957 in
1088 1918 1225 1958 uerbis
1259 1930 1404 1968 parum
1426 1930 1535 1965 esse,

137 1985 220 2013 non
254 1973 403 2013 infitias
426 1979 544 2020 eunt,
577 1975 652 2013 sed
673 1979 713 2013 et
744 1986 899 2021 rerum,
935 1985 1036 2023 quas
1067 1973 1196 2021 dicat,
1228 1974 1440 2014 scientiam
1465 1975 1535 2014 do-

141 2029 394 2078 ctrinamque
425 2030 460 2068 ei
482 2041 564 2069 non
592 2030 742 2069 deesse
767 2030 906 2069 dicunt
928 2034 968 2068 et
997 2029 1037 2068 in
1068 2029 1174 2069 uitiis
1207 2041 1368 2070 morum
1399 2029 1535 2070 obiur-

101 2085 283 2133 2gandis
315 2085 577 2124 seueritatem
616 2085 941 2135 grauitatemque
979 2096 1060 2124 non
1103 2085 1377 2125 inuenustam.
1437 2084 1535 2125 Mihi

141 2140 192 2178 de
224 2140 333 2179 omni
364 2140 451 2180 eius
481 2140 644 2190 ingenio
677 2141 813 2190 deque
839 2140 948 2181 omni
980 2140 1134 2190 scripto
1164 2140 1356 2180 iudicium
1388 2151 1533 2180 censu-

140 2205 309 2244 ramque
351 2197 485 2236 facere
525 2208 606 2235 non
650 2207 869 2236 necessum
900 2201 982 2242 est3
1027 2197 1102 2235 sed
1131 2197 1244 2246 quod
1273 2197 1324 2236 de
1362 2197 1563 2236 Marco·
