1619 2476
146 81 227 122 130
712 71 777 109 111.
794 81 864 108 xv.
884 78 970 107 xv1.

144 196 243 233 haut
265 188 477 240 ignobilis,
505 190 638 224 aetate
654 184 733 223 iam
756 181 884 228 edita,
912 189 1005 218 cum
1024 177 1064 216 in
1083 172 1307 215 certamine
1323 176 1541 224 poetarum

147 253 311 300 praeter
328 256 444 296 spem
460 241 632 282 uicisset
649 245 689 279 et
712 235 935 278 laetissime
952 233 1173 284 gauderet,
1198 231 1305 270 inter
1328 229 1429 269 illud
1445 239 1543 278 gau-

112 314 135 348 3
151 306 260 345 dium
287 305 458 352 repente
481 303 669 338 mortuus
697 299 772 335 est.
832 294 892 332 De
907 288 1072 331 Rhodio
1099 287 1221 327 etiam
1235 286 1414 336 Diagora
1438 284 1543 324 cele-

149 364 263 401 brata
278 356 450 398 historia
468 360 544 394 est.
591 355 630 393 Is
648 352 848 401 Diagoras
865 347 938 387 tris
956 345 1063 385 filios
1080 344 1372 384 adulescentes
1388 339 1542 387 habuit,
1615 375 1617 377 .

147 427 275 457 unum
299 414 499 464 pugilem,
533 411 706 449 alterum
730 403 1036 457 pancratiasten
1051 433 1060 449 ,
1092 399 1258 440 tertium
1283 400 1542 438 luctatorem.
1591 394 1593 399 '

148 475 232 513 Eos
252 482 396 511 omnes
413 467 515 508 uidit
529 466 698 506 uincere
716 460 993 510 coronarique
1010 455 1224 508 Olympiae
1241 454 1389 495 eodem
1407 451 1474 492 die
1490 456 1544 499 et,
1584 449 1593 499 1

152 541 244 570 cum
267 526 322 566 ibi
346 537 439 565 eum
459 530 544 563 tres
570 522 859 561 adulescentes
887 514 1083 566 amplexi,
1117 510 1283 553 coronis
1310 509 1397 550 suis
1421 508 1462 548 in
1481 518 1545 547 ca-

151 589 225 637 put
260 583 387 634 patris
423 578 597 631 positis,
630 576 908 620 sauiarentur,
947 583 1040 612 cum
1070 569 1252 620 populus
1283 565 1546 616 gratulabun-

153 643 230 681 dus
262 640 388 679 ssores
420 635 602 685 undique
633 633 672 672 in
708 644 801 672 eum
838 631 1013 677 iaceret,
1050 626 1202 666 ibidem
1225 624 1266 663 in
1299 621 1455 669 stadio,
1489 619 1547 659 in·
1582 667 1587 670 ι

154 701 369 748 spectante
398 693 578 744 populo,
610 690 650 728 in
673 687 826 728 osculis
851 691 975 735 atque
997 684 1037 723 in
1063 680 1252 721 manibus
1271 678 1447 719 filiorum
1465 674 1548 715 ani-

154 765 260 793 mam
279 750 447 791 efflauit.

117 819 137 852 4
236 810 457 848 Praeterea
486 804 535 843 in
566 816 590 842 n
605 814 628 843 0
642 801 771 855 stris
812 796 1088 838 annalibus
1129 793 1328 843 scriptum
1360 789 1548 840 legimus,

157 877 238 916 qua
254 866 500 913 tempestate
517 859 627 910 apud
646 859 806 898 Cannas
825 853 1031 894 exercitus
1048 849 1192 902 populi
1205 846 1382 890 Romani
1400 855 1550 885 caesus

157 927 243 968 est,
278 930 397 958 anum
423 922 615 963 matrem,
647 912 790 954 nuntio
810 911 861 950 de
877 914 1010 950 morte
1028 907 1098 947 filii
1115 908 1256 953 allato,
1289 906 1402 943 luctu
1425 906 1551 950 atque
1615 912 1619 917 ·

157 986 345 1016 maerore
363 974 553 1014 affectam
572 982 688 1017 esse;
707 969 783 1009 sed
799 967 834 1007 is
852 965 1020 1006 nuntius
1037 975 1122 1004 non
1138 973 1265 1002 uerus
1287 959 1361 1000 fuit
1375 963 1500 1007 atque
1515 955 1552 995 is

159 1034 404 1073 adulescens
427 1041 510 1069 non
536 1028 605 1067 diu
631 1032 730 1077 post
754 1036 806 1064 ex
822 1035 871 1063 ea
895 1032 1035 1073 pugna
1049 1020 1089 1059 in
1113 1019 1259 1059 urbem
1275 1015 1402 1061 redit;
1434 1023 1552 1059 anus,
1580 1029 1582 1032 v

158 1094 330 1139 repente
352 1086 433 1126 filio
453 1085 565 1132 uiso,
595 1095 642 1123 co
648 1083 715 1133 pia
733 1086 857 1130 atque
872 1079 993 1118 turba
1011 1081 1050 1117 et
1068 1074 1186 1126 quasi
1202 1073 1319 1114 ruina
1333 1067 1553 1110 incidentis
1615 1099 1618 1107 .

158 1143 358 1194 inopinati
378 1141 515 1192 gaudii
533 1149 739 1190 oppressa
755 1135 1069 1183 exanimataque
1089 1136 1167 1171 est.

809 1247 913 1287 XVI.

163 1342 358 1389 Temporis
376 1340 542 1376 uarietas
561 1338 598 1373 in
614 1334 811 1383 puerperis
828 1333 1025 1368 mulierum
1043 1339 1229 1377 quaenam
1245 1327 1292 1363 sil.
1307 1338 1330 1363 a
1345 1325 1504 1362 medicis
1522 1327 1560 1360 et
1606 1312 1619 1342 ³

223 1411 243 1434 a
259 1394 496 1445 philosophis
514 1393 671 1436 tradila;
700 1395 807 1436 alque
825 1389 915 1424 inibi
931 1391 1127 1435 poetarum
1145 1394 1292 1432 quoque
1310 1387 1480 1418 ueterum
1497 1391 1560 1416 su-
1611 1391 1619 1398 ‘¹

221 1465 287 1501 per
306 1452 440 1489 eadem
462 1461 501 1486 re
529 1449 724 1496 opiniones
750 1447 938 1491 multaque
963 1444 1037 1480 alia
1061 1442 1191 1479 auditu
1216 1445 1325 1487 atque
1350 1439 1560 1474 memoratu
1605 1445 1616 1454 ¹*

224 1510 337 1557 digna
364 1509 551 1553 uerbaque
579 1506 663 1551 ipsa
678 1502 915 1549 Hippocratis
941 1499 1077 1536 medici
1104 1510 1151 1534 ex
1168 1498 1260 1533 libro
1278 1496 1377 1532 illius
1399 1496 1558 1540 sumpta,
1607 1495 1619 1510 ‘³

225 1567 285 1612 qui
305 1565 505 1610 inscriptus
523 1566 578 1597 est
598 1555 686 1609 περὶ
703 1557 862 1608 τροφῆς.

128 1652 147 1685 1
250 1648 300 1686 Et
324 1645 473 1685 medici
490 1648 529 1683 et
545 1639 781 1693 philosophi
803 1639 997 1678 inlustres
1016 1636 1067 1675 de
1082 1640 1271 1684 tempore
1288 1628 1454 1671 humani
1470 1639 1562 1678 par·
1614 1665 1619 1668 ,

167 1709 235 1743 tus
267 1701 574 1752 quaesiuerunt.
634 1698 762 1736 Multa
797 1693 934 1744 opinio
960 1697 1043 1739 est,
1078 1701 1210 1740 eaque
1237 1689 1318 1728 iam
1349 1697 1425 1736 pro
1457 1694 1560 1724 uero
1614 1679 1619 1726 ζ

168 1764 357 1808 recepta,
404 1762 627 1807 postquam
673 1750 855 1791 mulieris
899 1754 1060 1788 uterum
1110 1756 1252 1786 semen
1309 1739 1562 1791 conceperit,
1594 1770 1616 1792 4

170 1815 280 1865 gigni
303 1814 511 1854 hominem
538 1809 713 1861 septimo
742 1810 947 1852 rarenter,
979 1813 1202 1852 numquam
1227 1800 1376 1841 octauo'
1393 1830 1402 1846 ‚
1435 1805 1564 1846 saepe
1598 1807 1616 1847 ξς

171 1882 281 1911 nono
298 1902 306 1918 ,
326 1869 667 1919 saepiusnumero
687 1863 847 1903 decimo
866 1871 1025 1907 mense,
1046 1868 1223 1907 eumque
1241 1867 1337 1896 esse
1353 1852 1564 1893 hominem
1598 1879 1615 1899 μ

172 1925 367 1976 gignendi
392 1935 595 1965 summum
621 1923 765 1960 finem:
800 1919 944 1957 decem
962 1926 1127 1954 menses
1145 1924 1227 1952 non
1245 1912 1456 1961 inceptos,
1488 1903 1566 1948 sed
1598 1905 1599 1910 ’

138 1994 160 2028 2
176 1987 359 2023 exactos.
392 1982 521 2030 quue
537 1980 792 2022 Plautum,
810 1979 994 2013 ueterem
1010 1974 1198 2021 poetam,
1217 1968 1357 2008 dicere
1371 1965 1565 2021 uidemus
1600 1976 1612 1998 1».

174 2038 214 2077 in
234 2037 449 2077 comoedia
468 2031 776 2076 Cistellaria
798 2029 860 2069 his
884 2027 1041 2068 uerbis:

233 2146 241 2154 .
318 2145 326 2154 .
404 2144 413 2154 .
489 2143 498 2152 .
656 2111 771 2150 Tum
804 2105 921 2153 illa,
956 2114 1106 2153 quam
1140 2097 1563 2157 compresserat3'
1612 2125 1615 2127 .

231 2168 454 2210 Decumo
480 2173 602 2219 post
626 2174 806 2205 mense
833 2159 1022 2201 exacto
1049 2158 1130 2197 hic
1153 2155 1363 2207 peperit
1389 2151 1603 2205 filia111‚3

139 2263 161 2295 3
176 2256 267 2295 Hoc
283 2254 391 2293 idem
406 2253 529 2292 tradit
547 2253 666 2291 etiam
682 2252 791 2290 Men
804 2261 827 2288 a
839 2261 864 2287 n
876 2249 901 2287 d
913 2259 935 2287 e
945 2259 980 2293 r.
999 2250 1123 2297 poeta
1137 2242 1353 2287 uetustior,
1372 2238 1560 2304 humanaj
1602 2267 1606 2271 >
