1603 2508
530 74 681 110 INDEX
720 73 1084 111 CAPITVLORVM.
1464 71 1519 114 21

206 187 360 227 XXVII.
390 187 559 224 Historia
585 186 633 223 de
657 189 798 235 populo
817 186 989 224 Romano
1017 187 1142 236 deque
1170 189 1313 236 populo
1337 188 1519 234 Poenico,

94 243 195 293 quod
212 245 296 292 pari
313 244 592 292 propemodum
609 244 742 291 uigore
760 245 897 281 suerint
920 246 1073 282 aemuli.

203 301 371 340 XXVIII.
411 301 466 337 De
492 306 658 338 aetatum
682 301 819 338 finibus
850 303 1059 348 pueritiae,
1090 303 1290 347 iuuentae,
1323 307 1518 348 senectae,

92 370 141 396 ex
156 358 370 396 Tuberonis
387 358 548 394 historia
566 363 770 405 sumptum.

205 415 391 452 XXVIIII.
424 415 534 460 Quod
557 416 745 462 particula
773 420 884 461 atque
918 426 993 451 non
1021 417 1265 463 complexiua
1292 421 1437 453 tantum
1458 417 1518 462 sit,

92 472 164 510 sed
181 474 258 509 uim
273 472 416 509 habeat
433 473 647 519 plusculam
667 473 902 519 uariamque.

430 562 692 603 CAPITVLA
732 563 871 602 LIBRI
908 563 982 601 VN
986 563 1182 603 DECIMI.

80 647 100 682 Q
204 640 232 676 1.
266 641 321 677 De
347 642 494 689 origine
516 641 693 677 uocabuli
712 645 837 677 terrae
854 641 1007 686 Italiae;
1037 642 1160 689 deque
1187 654 1233 678 ea
1259 644 1374 679 multa
1389 672 1397 687 ‚
1417 654 1518 690 quae

91 709 272 746 suprema
289 699 513 745 appellatur,
527 697 651 745 deque
671 699 752 734 eius
771 700 933 735 nomInis
950 700 1096 736 ratione
1115 710 1158 735 ac
1173 699 1221 735 de
1239 701 1325 747 lege
1340 699 1516 745 Aternia;

90 759 128 792 et
145 756 280 802 quibus
298 756 425 792 uerbis
444 756 648 802 antiquitus
671 757 787 791 multa
804 756 958 792 minima
978 755 1052 792 dici
1072 758 1183 793 solita
1202 758 1262 793 sit.

203 811 248 850 Π.
279 812 390 858 Quod
411 813 602 860 elegantia
621 811 723 859 apud
744 813 977 860 antiquiores
996 825 1070 849 non
1095 814 1142 849 de
1164 815 1382 850 amoeniore
1410 816 1517 862 inge-

90 871 173 915 nio,
205 869 277 906 sed
292 870 340 907 de
362 869 538 906 nitidiore
565 870 665 905 cultu
692 874 803 916 atque
835 871 935 906 uictu
961 871 1178 915 dIcebatur‚
1212 882 1334 918 eaque
1360 872 1398 907 in
1424 872 1515 908 uitio

87 928 315 974 ponebatur.

204 983 266 1019 III.
303 985 434 1030 Qualis
469 988 686 1031 quantaque
728 985 775 1019 sit
812 995 881 1030 pro
914 986 1125 1031 particulae
1161 986 1350 1029 uarietasg
1389 984 1515 1033 deque

90 1042 276 1088 exemplis
296 1043 377 1078 eius
395 1042 604 1078 uarietatis.
1414 1056 1419 1063 ·

202 1098 280 1134 IIII.
317 1098 438 1143 Quem
469 1099 506 1133 in
536 1096 689 1133 modum
731 1098 775 1142 Q.
801 1098 946 1135 Ennius
981 1110 1116 1134 uersus
1142 1099 1312 1147 Euripidi
1350 1101 1516 1137 aemula-

88 1158 149 1191 tus
179 1155 242 1190 sit.

201 1212 250 1247 V.
293 1211 347 1248 Dc
379 1213 560 1260 Pyrronis
592 1211 832 1259 philosophis
871 1211 1059 1259 quaedam
1101 1212 1224 1259 deque
1265 1212 1514 1251 AcademIcis

89 1269 246 1305 strictim
262 1273 413 1313 notata;
445 1269 570 1316 deque
589 1270 684 1304 inter
703 1280 768 1305 eos
787 1268 1018 1305 differentia.

30 1372 33 1373 ⁷
201 1325 267 1360 VI.
299 1325 409 1370 Quod
435 1326 614 1362 mulieres
632 1325 777 1362 Romae
799 1337 867 1373 per
884 1326 1088 1362 Herculem
1117 1338 1191 1362 non
1218 1328 1427 1364 iurauerint
1452 1339 1516 1365 ne-

90 1393 163 1429 que
181 1383 253 1418 uiri
268 1393 338 1429 per
356 1382 564 1419 Castorem.

201 1439 283 1474 VH.
312 1440 450 1477 Verbis
475 1440 748 1486 antiquissimis
781 1441 998 1488 relictisque
1032 1442 1107 1477 iam
1134 1446 1169 1477 et
1196 1441 1330 1478 desitis
1359 1444 1514 1479 minime

89 1495 285 1533 utendum.

202 1552 301 1588 VIII.
333 1553 432 1598 Quid
449 1554 613 1590 senserit
630 1553 843 1600 dixeritque
872 1555 922 1590 M.
943 1554 1032 1591 Cato
1061 1554 1107 1590 de
1126 1556 1285 1599 Albino,
1316 1558 1378 1604 qui
1399 1557 1511 1593 homo

87 1609 284 1646 Romanus
303 1610 450 1647 Graeca
474 1611 646 1646 oratione
672 1622 734 1647 res
752 1611 968 1656 Romanas,
1001 1613 1116 1648 uenia
1150 1614 1219 1649 sibi
1243 1618 1328 1650 ante
1349 1615 1429 1650 eius
1450 1615 1514 1650 im-

41 1683 53 1689 *
87 1666 250 1713 peritiae
265 1669 402 1713 petita,
422 1669 647 1714 composuit.

202 1723 316 1759 VIIII.
353 1723 520 1761 Historia
550 1724 597 1760 de
623 1725 760 1772 legatis
778 1725 928 1762 Milesia
956 1726 1034 1771 [ac]
1064 1726 1321 1763 Demosthene
1347 1727 1512 1772 rhetore,

0 1782 6 1802 s
32 1806 38 1809 -
87 1779 127 1815 in
144 1779 249 1817 libris
267 1779 419 1818 Critolai
434 1785 596 1829 reperta.

40 1829 48 1832 ’
200 1836 250 1872 Χ.
282 1837 393 1882 Quod
423 1837 463 1875 C.
482 1838 676 1875 Gracchus
702 1839 927 1875 irroratione
962 1851 1031 1876 sua
1058 1839 1257 1876 historiam
1281 1851 1396 1887 supra
1421 1841 1514 1877 seri-

0 1905 6 1922 ·
33 1891 41 1911 ⁵
86 1897 192 1940 ptam
206 1892 367 1930 Demadi
384 1894 547 1939 rhetori
567 1906 640 1930 non
658 1895 925 1942 Demostheni
945 1897 1143 1941 adtribuit;
1177 1898 1370 1944 uerbaque
1390 1897 1511 1944 ipsius

2 1952 6 1958 '
31 1984 46 2000 v,
89 1948 130 1986 C.
150 1949 312 1987 Gracchi
340 1952 476 1988 relata.

201 2006 266 2042 XI.
296 2008 513 2045 Verbapn
502 2008 664 2056 Nigidii
701 2011 835 2056 quibus
862 2010 1018 2046 differre
1046 2010 1135 2046 dicit
1161 2012 1309 2046 mentiri
1342 2015 1377 2047 et
1409 2022 1511 2047 men-

32 2050 70 2112 ξ
88 2062 241 2100 dacium
263 2063 405 2102 dicere.

35 2105 69 2135 ᾗ
201 2119 283 2156 XII.
316 2121 426 2166 Quod
444 2121 683 2170 Chrysippus
700 2122 952 2170 philosophus
979 2135 1090 2160 omne
1109 2126 1266 2161 uerbum
1292 2125 1511 2172 ambiguum

32 2156 77 2220 ξ’
71 2175 318 2224 dubiumque
339 2189 426 2214 esse
451 2178 561 2224 dicit,
587 2179 774 2216 Diodorus
795 2186 925 2216 contra
951 2182 1092 2217 nullum
1109 2183 1266 2218 uerbum
1293 2183 1511 2229 ambiguum

34 2208 75 2275 ᾗ
89 2242 179 2270 esse
197 2237 317 2281 putat.

41 2299 66 2351 s<
199 2289 298 2328 XIII.
328 2291 428 2337 Quid
452 2291 558 2330 Titus
577 2292 781 2330 Castricius
817 2293 864 2329 de
898 2295 1025 2331 uerbis
1052 2295 1176 2342 deque
1206 2296 1394 2331 sententia
1421 2305 1512 2342 qua-

40 2444 95 2472 ἕν’
146 2438 148 2442 ’
