1619 2476
178 42 260 84 112
745 43 866 90 XIIII.
898 53 926 82 1.
957 54 1003 83 11.

177 154 274 194 item
298 156 334 193 A
347 165 367 193 c
380 165 400 193 c
411 153 421 192 i
433 165 456 192 a
467 165 491 192 n
504 165 580 192 um
598 153 716 194 illud:

234 237 422 285 Ni(hi)l‚
440 236 586 286 inquit,
606 237 759 278 credo
785 238 1090 288 auguribus,
1112 239 1199 289 qui
1219 239 1367 281 aures
1391 240 1572 281 uerbis

1031 292 1260 336 diuitant

234 349 475 398 Alienas,
496 362 616 391 suas
645 356 697 390 ut
719 350 842 391 auro
871 350 1402 401 locupletentdomus.

121 441 165 477 35
266 433 378 472 ldem
403 434 733 481 Fauorinus,
768 436 977 474 deterrere
1006 436 1154 475 uolens
1176 446 1224 475 ac
1242 436 1449 485 depellere
1475 437 1573 475 adu-

178 491 385 529 lescentes
404 502 427 528 a
444 491 712 540 genethliacis
730 491 817 531 istis
837 497 876 530 et
899 491 1144 541 quibusdam
1165 491 1252 531 aliis
1274 491 1315 530 id
1332 502 1485 541 genus,
1506 492 1574 541 qui

180 545 431 596 prodigiosis
463 547 618 586 artibus
645 548 780 586 futura
803 547 939 587 omnia
959 547 1143 588 dicturos
1168 547 1436 597 pollicentur,
1461 549 1571 588 nullo

177 607 299 651 pacto
326 602 543 642 adeundos
562 614 635 642 cos
660 614 755 643 esse
783 604 1172 653 consulendosque,
1205 603 1492 644 huiuscemodi
1513 615 1573 643 ar-

119 664 164 700 36
175 657 381 707 gumentis
405 659 698 698 concludebat:
733 660 1057 707 ‘Amadum-sae,
1088 659 1237 709 inquit,
1269 663 1497 700 ‘euentura
1518 660 1573 698 di-

176 719 284 761 cunt,
317 719 386 753 aut
402 726 619 764 prospera.
664 714 706 754 Si
728 715 869 754 dicunt
888 727 1092 765 prospera
1112 720 1152 755 et
1168 717 1323 764 fallunt,
1351 716 1476 756 miser
1497 715 1572 755 fies

176 771 328 809 frustra
350 771 610 819 expectando
624 785 633 818 ;
663 771 697 810 si
721 772 899 811 aduersa
921 771 1062 811 dieunt
1083 776 1124 811 et
1147 771 1417 820 mentiuntur,
1449 771 1574 811 miser

175 826 250 865 fies
275 827 426 866 frustra
454 826 662 874 timendo;
696 828 757 866 sin
796 839 897 867 uera
927 827 1186 878 respondent
1211 838 1344 877 eaque
1365 833 1462 868 sunt
1489 839 1571 868 non

174 893 400 932 prospera,
431 882 510 921 iam
541 883 636 922 inde
658 895 710 922 ex
741 883 876 923 animo
911 883 1035 924 miser
1059 884 1155 932 fies,
1188 888 1409 934 antequam
1445 895 1467 924 e
1489 885 1571 922 fato

175 937 273 985 fias;
307 938 342 977 si
376 938 508 978 felicia
540 939 783 988 promittunt
807 951 939 989 eaque
969 946 1169 979 euentura
1196 944 1311 988 sunt,
1342 944 1428 980 tum
1451 941 1574 990 plane

176 994 258 1033 duo
284 994 703 1035 eruntincommoda:
737 1001 777 1034 et
794 995 1025 1046 expectatio
1052 1001 1092 1035 te
1112 995 1202 1045 spei
1219 1007 1470 1045 suspensum
1488 994 1573 1034 fati-

174 1050 285 1099 gabit
309 1055 349 1089 et
371 1052 552 1090 futurum
567 1051 705 1101 gaudii
731 1052 908 1092 fructum
930 1063 1030 1102 spes
1050 1051 1119 1091 tibi
1141 1051 1221 1091 iam
1244 1051 1571 1101 praeflorauerit.

173 1107 290 1146 Nullo
310 1106 433 1156 igitur
455 1112 575 1156 pacto
602 1108 802 1147 utendum
820 1113 883 1148 est
898 1107 1132 1148 istiusmodi
1155 1107 1402 1155 hominibus,
1426 1118 1492 1147 res
1514 1108 1570 1146 su·
1604 1110 1606 1112 '

173 1167 286 1202 turas
315 1163 713 1212 praesagientibus'.

850 1265 897 1304 Π.

206 1346 323 1389 Quem
341 1347 375 1381 in
394 1346 546 1381 modum
565 1346 785 1382 disseruerit
803 1346 1012 1380 Fauorinus
1025 1373 1033 1388 ,
1058 1345 1253 1380 consultus
1280 1355 1301 1380 a
1318 1354 1376 1380 me
1389 1372 1397 1388 ‚
1430 1355 1543 1391 super

726 1401 849 1436 officio
869 1400 1017 1437 iudicis.

138 1508 155 1540 1
260 1501 347 1549 Quo
365 1499 541 1550 primum
562 1505 749 1550 tempore
766 1511 789 1538 a
806 1497 1067 1549 praetoribus
1086 1500 1217 1538 lectus
1233 1497 1274 1537 in
1290 1497 1448 1537 iudices
1466 1509 1569 1545 sum,

172 1562 216 1595 ut
248 1556 418 1598 iudicia.
453 1567 558 1605 quae
584 1557 843 1606 appellantur
870 1555 1104 1605 ‘priuata’‚
1137 1554 1411 1604 susciperem,
1443 1553 1569 1603 libros

173 1612 387 1662 utriusque
409 1613 584 1662 linguae,
605 1613 664 1652 de
690 1611 877 1652 officio
900 1610 1094 1650 iudicis
1118 1609 1569 1661 scriptos‚conquisiui,

172 1674 215 1708 ut
240 1669 363 1709 homo
387 1669 654 1715 adulescens,
687 1680 711 1707 a
731 1672 948 1718 poetarum
974 1667 1121 1706 fabulis
1144 1671 1185 1706 et
1204 1677 1229 1705 a
1253 1665 1464 1706 rhetorum
1488 1665 1570 1716 epi-

172 1724 278 1774 logis
296 1725 349 1764 ad
369 1724 612 1764 iudicandas
636 1725 726 1763 lites
748 1728 944 1771 uocatus,
968 1735 1055 1762 rem
1076 1721 1349 1770 iudiciariam,
1374 1721 1571 1772 quoniam
1618 1722 1619 1727 ’

172 1780 347 1828 ‘uocis'‚
380 1786 425 1819 ut
442 1780 608 1828 dicitur,
639 1779 809 1819 ‘uiuae'
837 1778 1009 1829 penuria
1025 1784 1132 1827 erat,
1164 1789 1217 1818 ex
1237 1777 1425 1826 ‘mutis’‚
1457 1779 1571 1828 quod

172 1836 297 1883 aiunt,
330 1836 586 1886 ‘magistris'
606 1847 920 1886 cognoscerem.
980 1837 1120 1884 Atque
1141 1834 1181 1874 in
1218 1833 1376 1873 dierum
1403 1834 1570 1884 quidem

172 1891 475 1932 diffissionibus
514 1891 1092 1942 conperendinationibusque
1118 1895 1159 1929 et
1196 1889 1284 1929 aliis
1323 1889 1570 1939 quibusdam

171 1948 363 1998 legitimis
385 1948 529 1988 ritibus
547 1959 600 1987 ex
616 1948 708 1998 ipsa
730 1950 847 1997 lege
865 1947 996 1987 Iulia
1012 1951 1053 1986 et
1075 1957 1126 1986 ex
1148 1945 1326 1986 Sabini
1349 1945 1572 1986 Masurii

172 2010 213 2043 et
240 2004 567 2053 quorundam
599 2004 826 2044 aliorum
856 2001 1285 2053 iurisperitorum
1315 2013 1570 2042 commen-

132 2066 154 2100 2
173 2060 322 2099 tariis
365 2060 603 2100 commoniti
641 2065 682 2099 et
718 2058 996 2099 adminiculati
1025 2070 1183 2098 sumus.
1243 2060 1288 2098 In
1317 2058 1380 2098 his
1419 2062 1569 2106 autem,

173 2127 280 2164 quae
308 2115 487 2155 existere
518 2117 672 2164 solent,
704 2116 965 2166 negotiorum
996 2114 1240 2164 ambagibus
1267 2119 1308 2154 et
1341 2113 1382 2154 in
1403 2113 1570 2163 ancipiti

171 2171 375 2211 rationum
386 2171 643 2211 diuersarum
661 2171 966 2212 circumstantia
985 2170 1083 2210 nihil
1099 2171 1319 2220 quicquam
1336 2181 1415 2211 nos
1431 2169 1569 2210 huius-

135 2230 157 2264 3
174 2226 335 2266 cemodi
356 2227 446 2266 libri
469 2227 673 2267 iuuerunt.
732 2229 844 2275 Nam,
868 2227 945 2268 etsi
968 2226 1141 2266 consilia
1155 2226 1360 2266 iudicibus
1382 2237 1435 2266 ex
1452 2235 1582 2276 praes<
