1619 2476
162 55 246 97 242
793 53 881 92 XX.
912 63 940 91 1.

165 167 358 218 quicquid
375 166 543 206 lubitum
562 170 626 204 est
642 164 841 213 arguendi
858 163 1095 213 tuendique,
1113 162 1354 204 consideres
1372 162 1555 213 grauius,

105 232 150 265 22
163 222 394 263 cuiusmodi
417 222 498 261 sint
515 232 575 266 ea,
608 231 713 270 quae
730 219 1046 270 reprehendisti,
1078 230 1154 258 nec
1170 219 1264 262 ideo
1284 224 1556 269 contempnas

162 282 298 329 legum
319 279 486 317 istarum
504 277 781 326 antiquitates,
804 276 917 325 quod
936 276 1144 325 plerisque
1161 275 1262 325 ipsis
1278 275 1358 314 iam
1375 276 1555 326 populus

161 337 372 375 Romanus
394 334 453 373 uti
477 333 685 373 desiuerit.
745 333 835 371 Non
861 331 968 371 enim
993 333 1181 382 profecto
1206 331 1394 381 ignoras,
1418 333 1556 381 legum

163 390 463 440 oportunitates
482 395 522 429 et
532 390 727 428 medellas
745 400 820 438 pro
835 393 1065 438 temporum
1076 387 1259 428 moribus
1278 392 1318 427 et
1334 399 1408 438 pro
1419 399 1557 427 rerum

162 447 415 496 publicarum
440 446 661 496 generibus
681 456 729 484 ac
752 456 827 494 pro
851 444 1066 483 utilitatum
1090 443 1370 495 praesentium
1393 443 1557 484 rationi-

160 504 238 542 bus
262 514 424 552 proque
445 502 650 548 uitiorum,
683 501 831 550 quibus
853 501 1102 540 medendum
1119 505 1195 548 est,
1221 500 1453 540 feruoribus
1472 511 1556 539 mu-

161 559 237 598 tari
261 563 384 608 atque
405 558 515 598 flecti
544 569 680 607 neque
701 569 783 596 uno
803 562 911 596 statu
929 557 1180 605 consistere,
1215 556 1325 606 quin,
1355 561 1400 596 ut
1429 556 1556 595 facies

163 614 264 654 caeli
285 620 324 653 et
346 615 482 662 maris,
501 614 555 653 ita
572 625 708 653 rerum
725 619 850 662 atque
868 615 1056 653 fortunae
1066 612 1380 663 tempestatibus
1398 612 1556 652 uarien-

106 681 151 716 23
160 676 239 710 tur.
271 671 375 719 Quid
397 670 600 711 salubrius
618 670 752 709 uisum
770 675 833 708 cst
849 669 1065 719 rogatione
1084 668 1151 708 illa
1168 669 1352 709 Stolonis
1369 668 1555 718 iugerum

163 728 214 767 de
242 738 413 767 numero
442 726 687 777 praefinito?
733 725 827 775 quid
859 725 995 765 utilius
1028 724 1267 776 plebisscito
1290 724 1481 765 Voconio
1504 725 1556 763 de

163 783 405 823 coercendis
446 783 660 822 mulierum
689 782 1013 822 hereditatibus?
1051 782 1149 832 quid
1168 787 1251 821 tam
1272 780 1555 822 necessarium

163 839 437 879 existimatum
461 845 524 879 cst
546 839 852 888 propulsandae
875 838 1023 878 ciuium
1045 838 1243 886 luxuriae,
1276 850 1395 888 quam
1413 839 1479 876 lex
1495 837 1555 876 Li-

163 895 266 935 cinia
292 900 332 935 et
346 896 500 935 Fannia
523 895 710 945 aliaeque
729 895 823 933 item
846 896 960 944 leges
984 895 1290 945 sumptuariae?
1326 893 1469 934 Omnia
1498 898 1555 932 ta-

162 964 254 992 men
276 952 378 991 haec
404 951 620 992 obliterata
645 957 684 990 et
709 955 855 1001 operta
881 956 976 990 sunt
1001 951 1175 991 ciuitatis
1203 950 1412 1001 opulentia
1437 950 1555 1000 quasi

104 1015 149 1049 24
159 1008 403 1059 quibusdam
423 1008 615 1047 fluctibus
639 1007 933 1047 exaestuantis.
982 1007 1065 1047 Sed
1088 1019 1160 1047 cur
1178 1006 1251 1046 tibi
1268 1018 1363 1047 esse
1379 1007 1470 1046 uisa
1492 1011 1556 1046 est

160 1065 463 1104 inhumanalex
499 1064 678 1104 omnium
704 1075 795 1103 mea
819 1064 983 1113 quidem
1015 1063 1218 1103 sententia
1247 1063 1554 1109 humanissima,
1589 1106 1594 1107 ⁷

163 1132 268 1170 quae
298 1120 523 1160 iumentum
549 1120 635 1160 dari
669 1120 782 1159 iubet
812 1132 936 1170 aegro
977 1125 1046 1160 aut
1082 1120 1171 1159 seni
1210 1119 1250 1158 in
1277 1119 1340 1159 ius
1374 1119 1554 1159 uocato?

103 1178 296 1217 '25Verba
317 1183 413 1216 sunt
435 1179 538 1216 haec
560 1177 660 1226 legis
689 1176 757 1216 ‘si
786 1175 833 1215 in
864 1177 943 1216 ius
970 1189 997 1216 u
1013 1188 1036 1216 o
1053 1179 1242 1224 cat(o)'.
1301 1176 1441 1215 Verba
1460 1179 1554 1214 sunt

160 1234 262 1272 haec
280 1234 331 1272 de
352 1234 464 1282 lege:
500 1233 550 1273 Si
577 1233 623 1272 in
656 1233 733 1272 ius
766 1238 936 1280 uocat,
969 1233 1013 1272 si
1041 1232 1246 1272 morbus
1281 1231 1553 1271 aeuitasue

161 1289 347 1328 uitium
369 1289 520 1336 escit,
545 1289 627 1339 qui
646 1288 693 1327 in
718 1289 796 1327 ius
814 1289 1030 1328 uocabit
1050 1289 1325 1328 iumentum
1344 1288 1487 1335 dato;
1509 1286 1553 1326 si

104 1346 324 1391 26nolet‚
355 1356 583 1384 arceram
607 1356 668 1383 ne
699 1344 940 1383 sternito.
1002 1347 1067 1383 An
1085 1349 1129 1383 tu
1154 1345 1257 1383 forte
1278 1343 1467 1382 morbum
1484 1354 1552 1392 ap-

160 1401 304 1450 pellari
326 1400 391 1439 hic
414 1405 533 1450 putas
564 1400 888 1448 aegrotationem
910 1411 1080 1448 grauem
1104 1411 1195 1439 cum
1221 1399 1323 1438 febri
1346 1398 1489 1449 rapida
1513 1403 1554 1438 et

162 1467 374 1505 quercera,
406 1457 714 1505 iumentumque
737 1455 815 1494 dici
835 1467 964 1504 pecus
983 1455 1150 1505 aliquod
1167 1455 1333 1494 unicum
1348 1460 1465 1504 tergo
1483 1466 1551 1493 ue-

160 1513 290 1552 hens?
315 1523 363 1552 ac
380 1518 603 1562 propterea
619 1512 752 1551 minus
770 1512 898 1551 fuisse
916 1513 1136 1551 humanum
1155 1511 1390 1559 existumas,
1408 1522 1551 1560 aegro-

160 1573 246 1607 tum
277 1569 388 1608 domi
425 1580 525 1608 suae
562 1569 779 1607 cubantem
805 1568 985 1608 iumento
1018 1568 1242 1618 inpositum
1275 1568 1316 1607 in
1348 1567 1412 1607 ius
1437 1566 1552 1617 rapi?

106 1625 273 1673 27Hoc‚
307 1625 360 1664 mi
390 1624 666 1671 Fauorine,
699 1635 959 1674 nequaquam
994 1624 1050 1664 ita
1071 1629 1147 1664 est.
1206 1625 1307 1664 Nam
1337 1624 1550 1663 morbus

160 1681 199 1718 in
232 1683 321 1730 lege
343 1681 421 1720 ista
441 1693 524 1720 non
550 1680 822 1720 febriculosus
853 1692 989 1730 neque
1009 1681 1176 1720 nimium
1197 1680 1348 1730 grauis,
1381 1680 1456 1719 sed
1495 1679 1551 1718 ui-

161 1736 260 1775 tium
278 1737 445 1786 aliquod
459 1737 731 1776 inbecillitatis
745 1742 868 1786 atque
878 1737 1125 1777 inualentiae
1135 1737 1452 1783 demonstratur,
1466 1746 1549 1774 non

161 1793 388 1841 periculum
406 1793 514 1832 uitae
533 1792 775 1833 ostenditur.
818 1793 1038 1843 Ceteroqui
1059 1794 1249 1833 morbum
1272 1791 1550 1831 uehementio-

161 1860 259 1896 rem,
271 1849 352 1888 uim
371 1849 551 1898 grauiter
561 1849 738 1888 nocendi
748 1850 978 1896 habentem,
990 1851 1126 1899 legum
1135 1849 1306 1889 istarum
1323 1847 1548 1897 scriptores

162 1905 239 1944 alio
258 1905 297 1944 in
315 1907 421 1953 loco,
440 1917 522 1945 non
541 1917 670 1955 perse
687 1906 923 1953 ‘morbum’,
941 1905 1232 1946 sed‘morbum
1249 1904 1550 1952 sonticum'ap-

104 1964 148 1999 28
159 1962 322 2009 pellant.
383 1962 486 2000 Ium
503 1967 668 2000 entum
691 1973 858 2011 quoque
874 1973 956 2001 non
979 1962 1018 2000 id
1042 1963 1175 2001 solum
1198 1959 1413 2009 signifieat,
1437 1958 1551 2008 quod

162 2028 270 2056 nunc
287 2017 454 2064 dicitur,
486 2018 561 2057 sed
575 2018 837 2057 uectabulum
860 2017 1000 2065 etiam,
1032 2018 1144 2067 quod
1168 2015 1316 2056 iunctis
1339 2014 1550 2066 pec(t)ori-

160 2072 237 2112 bus
264 2074 519 2112 trahebatur:
552 2079 717 2113 ueteres
743 2073 873 2113 nostri
897 2074 1154 2113 ‘iumentum’
1178 2084 1201 2111 a
1229 2072 1471 2122 ‘iungendo'
1494 2070 1550 2109 di-

105 2131 152 2166 29
162 2135 324 2168 xerunt.
387 2132 575 2168 eArcera'
601 2134 738 2169 autem
759 2130 986 2169 uocabatur
1010 2131 1237 2179 plaustrum
1262 2133 1413 2168 tectum
1434 2126 1549 2167 undi-

165 2195 244 2231 que
262 2190 302 2223 et
315 2185 526 2232 munitum,
559 2185 676 2234 quasi
697 2197 792 2224 arca
811 2187 1011 2235 quaedam
1033 2197 1192 2235 magna,
1220 2182 1476 2224 uestimentis
1493 2181 1549 2221 in·
1591 2231 1596 2234 Δ

160 2243 306 2286 strata,
339 2252 419 2289 qua
440 2241 558 2280 nimis
580 2241 692 2290 aegri
718 2246 787 2280 aut
809 2253 931 2281 senes
955 2242 1108 2291 portari
1130 2242 1328 2281 cubantes
1346 2238 1548 2280 solebant.
1571 2245 1577 2249 ·
1604 2235 1606 2239 “
