1603 2508
0 0 51 81 ἓ
620 49 649 88 Ι,
672 59 794 88 xvm.
814 60 952 88 xvnii.
1424 47 1479 89 63

3 155 26 199 ἓ
72 161 186 210 quod
208 161 460 201 uocabulum
483 161 687 201 Graecum
709 167 833 202 uetus
855 163 1091 202 traductum
1120 161 1160 201 in
1191 161 1373 212 linguam
1397 163 1477 202 Ro-

68 228 252 266 manam,
285 217 463 267 proinde
488 222 613 268 atque
638 218 673 258 si
697 218 888 268 primitus
911 219 1053 258 Latine
1075 219 1217 258 fictum
1248 224 1382 267 esset,
1415 230 1478 258 re-

68 273 243 314 soluerit
263 273 304 313 in
329 286 461 315 uoces
486 275 652 315 Latinas
679 276 839 316 ratione
863 275 1144 327 etymologica
1168 276 1287 315 falsa.

151 331 292 370 Verba
313 331 407 382 ipsa
429 343 558 382 super
581 342 630 371 ea
652 343 697 371 re
718 332 979 372 Varronis
1011 332 1252 382 posuimus:
1287 333 1340 371 In
1374 344 1473 382 quo
1492 337 1514 371 2

0 417 2 419 .
65 387 325 428 L.Aelius
359 393 569 436 noster,
612 388 788 429 literis
829 388 1243 437 ornatissimus,
1278 400 1475 429 memo-

0 458 5 486 ·,
64 443 144 484 ria
167 449 350 484 nostra
375 445 577 484 errauit
599 445 943 495 aliquotiens.
981 447 1100 485 Nam
1125 446 1331 496 aliquot
1352 457 1474 485 uer-

0 521 6 545 ‚»
62 501 248 543 borum
280 502 602 541 Graecorum
631 503 1016 553 antiquiorum,
1050 502 1277 552 proinde
1315 508 1474 552 atque

0 579 6 592 ν
65 563 255 598 essent
286 558 508 609 propria
533 564 744 607 nostra,
782 559 1021 599 reddidit
1059 570 1251 599 causas
1290 560 1472 599 falsas.

61 615 169 655 Non
202 616 505 665 ‘leporem'
539 615 797 664 dicimus,
829 621 886 655 ut
918 616 1016 664 ait,
1053 617 1190 666 quod
1220 621 1305 655 est
1336 615 1471 655 leui-

62 683 183 722 pes,
232 672 326 711 sed
364 672 502 722 quod
536 678 617 712 est
645 674 965 714 uocabulum
1001 672 1282 722 antiquum
1319 673 1473 712 Grae-

63 739 185 768 cum.
243 729 405 768 Multa
440 733 624 769 uetera
674 731 883 770 illorum
937 731 1279 779 ignorantur,
1333 729 1474 779 quod

59 797 155 836 pro
191 784 258 825 iis
297 785 419 826 aliis
453 798 595 826 nunc
633 787 918 827 uocabulis
943 791 1180 826 utuntur.
1241 787 1307 825 Et
1344 786 1472 825 illo-

7 883 10 886 ,
60 854 168 882 rum
214 853 336 883 esse
380 843 625 894 plerique
668 844 923 894 ignorent
961 844 1283 891 ‘Graecum’,
1333 843 1471 892 quod

0 923 3 925 >
61 910 192 939 nunc
223 893 843 953 nominantf‘Ekstnvcc’,
881 903 1160 951 eputeum',
1203 900 1345 949 quod
1384 911 1471 939 uo-

61 960 179 996 cant
203 955 443 1009 (φρέαρζ
477 958 780 1008 <leporem’,
816 958 955 1007 quod
978 951 1249 1008 (λαγωότν
1277 956 1469 995 dicunt.

0 1060 2 1062 v
63 1013 118 1055 ln
157 1025 259 1064 quo
302 1025 404 1053 non
449 1014 599 1054 modo
638 1014 775 1053 Aelii
819 1014 1088 1064 ingenium
1130 1025 1231 1053 non
1279 1024 1471 1063 repre-

59 1069 259 1118 hendo,
293 1071 383 1110 sed
415 1070 740 1110 industriam
764 1072 945 1111 laudo:
982 1081 1302 1110 successum
1334 1069 1469 1109 enim

59 1127 293 1174 fortuna,
328 1126 718 1177 experientiam
742 1129 859 1167 laus
884 1127 1131 1177 sequitur.

130 1184 244 1223 Haec
260 1185 424 1223 Varro
449 1183 497 1222 in
522 1184 753 1234 primore
785 1184 921 1224 libro
942 1184 1121 1234 scripsit,
1147 1184 1198 1222 de
1216 1183 1376 1222 ratione
1394 1194 1466 1222 uo-
1483 1180 1506 1215 3

61 1241 304 1280 cabulorum
329 1240 562 1288 scitissime,
588 1241 639 1280 de
662 1253 742 1280 usu
764 1242 983 1290 utriusque
1009 1241 1174 1291 linguae
1201 1239 1466 1290 peritissime,

61 1298 114 1337 de
135 1297 229 1347 ipso
254 1296 404 1337 Aelio
431 1297 764 1337 clementissime.
813 1298 898 1337 Sed
922 1298 968 1337 in
991 1297 1299 1348 posteriore
1324 1295 1435 1335 eius
1454 1292 1506 1327 -4

0 1363 4 1367 ·
62 1354 178 1393 dem
200 1352 329 1393 libri
350 1358 497 1404 parte
530 1355 749 1394 ‘furem’
777 1354 873 1394 dicit
900 1366 960 1394 ex
992 1366 1050 1395 eo
1077 1353 1294 1401 dictum,
1329 1352 1468 1402 quod

60 1415 278 1450 ueteres
301 1409 517 1450 Romani
551 1414 562 1433 ξ
585 1412 791 1451 furuum
812 1416 825 1434 ’
859 1416 1028 1451 atrum
1064 1410 1468 1461 appellauerint

62 1468 279 1507 etfures
315 1478 405 1517 per
436 1472 670 1516 noctem,
703 1480 831 1517 quae
864 1474 977 1507 atra
1010 1468 1104 1515 sit,
1138 1466 1347 1506 facilius
1380 1467 1467 1504 fu-

3 1571 6 1575 ,
59 1529 254 1563 rentur.
313 1524 460 1563 Nonne
484 1524 543 1563 sic
566 1524 731 1564 uidetur
746 1527 912 1564 Varro
933 1526 985 1564 de
1011 1525 1112 1571 fure,
1137 1528 1347 1573 tamquam
1369 1524 1466 1562 Ae·
1484 1521 1505 1554 5

61 1579 164 1621 lius
190 1581 243 1620 de
267 1581 439 1631 lepore?
460 1581 562 1620 Nam
588 1582 702 1631 quod
725 1593 749 1620 a
773 1581 940 1621 Graecis
967 1592 1077 1621 nunc
1100 1578 1339 1631 ‘uadatus'
1368 1577 1465 1618 dici-

58 1641 145 1686 tur,
184 1637 419 1687 antiquiore
458 1637 617 1677 Graeca
654 1634 793 1688 lingua
831 1633 984 1689 ‘maio’
1018 1638 1171 1677 dictum
1211 1641 1288 1676 est.
1359 1635 1465 1675 Hinc

2 1722 10 1736 1
59 1704 136 1744 per
167 1694 420 1733 adfinitatem
460 1693 690 1742 literarum,
729 1695 798 1745 qui
829 1690 982 1746 ‘qanip'
1016 1695 1193 1741 Graece,
1227 1697 1291 1732 est
1321 1691 1464 1730 Latine

61 1750 174 1790 ‘fur’.
236 1750 321 1791 Sed
344 1762 393 1790 ea
414 1761 482 1790 res
507 1751 711 1801 fugeritne
735 1757 834 1791 tunc
856 1753 890 1790 V
906 1750 1114 1791 arronis
1140 1748 1393 1795 memoriam,
1413 1759 1464 1786 an
1479 1747 1501 1782 6

0 1807 12 1827 '‘-
61 1811 206 1847 contra
228 1807 364 1858 aptius
388 1812 429 1846 et
451 1808 741 1848 cohaerentius
767 1808 939 1858 putarit,
971 1811 981 1830 ³
996 1808 1151 1847 furem'
1176 1818 1200 1845 a
1223 1806 1397 1852 ‘furu0',
1422 1804 1465 1842 id

31 1866 36 1869 ’
61 1867 125 1903 est
148 1863 280 1914 nigro,
301 1863 512 1914 appellari,
531 1864 572 1903 in
590 1865 667 1904 hac
689 1876 734 1904 re
759 1866 810 1904 de
832 1865 923 1905 uiro
948 1871 1031 1905 tam
1055 1862 1295 1903 excellentis
1314 1860 1464 1901 doctri-

0 1916 2 1918 ’
61 1931 140 1960 nae
177 1932 259 1961 non
299 1931 437 1961 meum
473 1920 669 1961 iudicium
709 1927 785 1961 est.

684 2034 847 2076 XVIIII.

108 2111 274 2150 Historia
292 2124 406 2160 super
422 2114 526 2150 libris
545 2111 741 2160 Sibyllmis
769 2126 812 2150 ac
831 2114 878 2150 de
896 2113 1099 2160 Tarquinio
1117 2110 1289 2159 Superbo
1306 2121 1413 2157 rege.

95 2194 97 2197 '
146 2194 190 2233 In
230 2195 458 2245 antiquis
497 2195 774 2236 annalibus
813 2196 1013 2237 memoria
1042 2208 1170 2247 super
1202 2194 1360 2236 libris
1391 2196 1503 2237 Si-l

63 2247 283 2299 byllinis
317 2252 420 2292 haec
449 2252 617 2306 prodita
640 2257 716 2292 est.
776 2254 895 2293 Anus
919 2252 1085 2306 hospita
1108 2257 1233 2304 atque
1254 2252 1465 2304 incognita
1481 2259 1503 2292 2
