1635 2492
10 0 41 51 g

29 108 39 126 ἡ

22 134 36 144 h

720 18 807 58 XII.
835 28 928 57 x111.
1480 17 1534 59 67
1597 52 1601 55 .

117 131 222 173 adiri
235 135 392 183 potest,
417 143 526 183 quae
543 136 642 172 sunt
659 130 780 171 ‘citra
798 136 1032 183 oceanum’‚
1051 143 1135 172 non
1159 130 1216 170 ‘in
1235 133 1438 179 oceano'3
1467 141 1538 171 ne-

118 201 201 241 que
217 189 326 229 enim
346 189 482 230 uideri
497 193 643 240 potest
662 188 822 228 insulas
840 188 1077 238 significare
1101 187 1246 229 nescio
1269 199 1395 238 quas,
1430 199 1538 238 quae

115 246 284 298 penitus
306 257 405 287 esse
421 246 530 286 intra
545 256 733 296 aequora
755 245 848 296 ipsa
868 245 1015 286 oceani
1033 245 1256 285 dicuntur’.

200 303 316 343 Tunc
358 303 630 354 Sulpicius
662 302 998 353 Apollinaris
1041 302 1263 342 renidens:
1318 306 1426 344 ‘non
1472 306 1596 343 mel9

115 361 287 400 hercule
310 359 542 411 inargute',
568 359 720 410 inquit,
744 363 840 399 ‘nec
855 360 1047 399 incallide
1066 359 1306 410 opposuisti
1326 360 1408 401 hoc
1423 360 1538 399 Tul-

115 417 327 458 lianum:
360 418 438 457 sed
470 417 654 458 Cicero
690 416 826 456 intra
859 428 1131 465 oceanum,
1156 422 1262 465 non,
1294 417 1538 457 uttuinter-

115 478 300 526 pretam,
319 475 442 515 ‘citra
457 477 679 515 oceanum'
700 473 814 513 dixit.
878 474 981 524 Quid
1010 474 1118 513 enim
1147 478 1288 524 potest
1312 474 1393 513 dici
1411 479 1422 496 ³
1437 475 1538 513 citra
1551 479 1598 514 20

118 535 342 572 oceanum'
367 542 477 579 esse,
502 542 595 572 cum
625 530 812 581 undique
836 542 1022 571 oceanus
1055 531 1371 571 circumscribat
1403 531 1537 572 omnis

116 594 254 629 terras
280 593 321 628 et
347 589 528 628 ambiat?
558 589 660 628 Nam
678 587 814 627 ‘citra'
836 589 950 638 quod
970 592 1045 636 est,
1070 588 1111 627 id
1135 594 1254 628 extra
1272 594 1356 636 est;
1382 588 1452 638 qui
1471 600 1539 627 au-

121 651 202 685 tem
218 650 363 696 potest
379 646 519 685 ‘intra'
545 657 642 685 esse
660 645 760 693 dici,
795 646 910 695 quod
941 651 1059 685 extra
1082 647 1174 685 est?
1205 645 1288 685 Sed
1313 645 1348 684 si
1381 657 1433 685 ex
1456 657 1540 685 una

118 707 278 742 tantum
312 707 431 754 parte
458 702 570 742 orbis
599 713 783 742 oceanus
817 704 944 750 foret,
976 707 1061 741 tum
1095 713 1202 752 quae
1231 708 1339 742 terra
1365 704 1416 742 ad
1449 714 1540 742 eam

117 763 280 810 partem
298 761 418 808 foret,
441 759 560 799 ‘citra
578 762 797 799 oceanum’
822 770 918 799 esse
936 760 1015 798 dici
1032 766 1182 809 posset
1197 761 1265 799 uel
1283 763 1396 799 ‘ante
1419 770 1540 799 ocea-

116 819 232 856 num'
246 830 256 865 ;
292 828 385 857 cum
412 828 513 856 uero
535 816 668 857 omnis
686 822 821 856 terras
845 817 1101 857 omnifariam
1125 822 1166 856 et
1182 817 1540 866 undiqueuersum

119 873 402 921 circumfluat,
425 873 524 913 nihil
547 874 649 913 citra
676 885 771 913 eum
797 879 881 921 est,
906 874 1000 921 sed,
1025 874 1231 913 undarum
1258 874 1365 914 illius
1384 874 1541 913 ambitu

116 929 240 970 terris
274 931 469 971 omnibus
502 930 764 972 conuallatis.
797 932 837 970 in
860 931 997 970 medio
1021 931 1109 970 eius
1134 936 1231 970 sunt
1254 931 1404 979 omnia,
1431 942 1539 981 quae

117 986 225 1027 intra
259 999 357 1028 oras
390 988 480 1028 eius
511 988 674 1028 inclusa
697 993 814 1035 sunt,
838 988 959 1028 sicuti
985 988 1124 1028 hercle
1144 990 1208 1028 sol
1225 999 1309 1028 non
1329 988 1431 1028 citra
1449 999 1539 1027 cae-

117 1044 202 1083 lum
221 1044 423 1097 uertitur,
447 1045 578 1084 sedin
602 1046 720 1085 caelo
740 1050 781 1084 et
797 1044 906 1084 intra
924 1046 1120 1084 caelum'.

203 1101 321 1140 Haec
339 1106 441 1140 tunc
458 1104 495 1141 A
509 1102 673 1151 pollin
688 1101 760 1140 ari
773 1114 792 1141 5
817 1102 920 1141 scite
937 1108 1144 1151 acuteque
1163 1102 1303 1142 dicere
1323 1102 1442 1141 uisus
1462 1107 1539 1141 est.

118 1157 192 1196 Set
230 1162 384 1207 postea
411 1157 451 1197 in
490 1159 623 1198 libro
664 1158 718 1197 M.
748 1158 904 1197 Tullii
947 1159 1298 1208 epistularum
1330 1159 1390 1198 ad
1424 1158 1596 1200 Ser-21

115 1213 254 1253 uium
284 1214 583 1265 Sulpicium
611 1214 671 1254 sic
698 1214 852 1254 dictum
882 1227 978 1254 esse
1006 1215 1241 1256 inuenimus
1276 1216 1415 1255 intra
1440 1227 1539 1255 mo-

116 1270 252 1318 dum,
285 1276 331 1310 ut
347 1271 473 1311 ‘intra
492 1272 723 1311 Kalendas’
746 1271 899 1319 dicunt,
920 1272 990 1322 qui
1009 1273 1147 1312 dicere
1168 1273 1288 1312 ‘citra
1309 1273 1538 1312 Kalendas'

35 1359 49 1364 -
114 1327 278 1368 uolunt.
339 1328 483 1368 Verba
533 1329 636 1368 haec
688 1328 963 1369 Ciceronis
1018 1335 1134 1377 sunt,
1181 1341 1288 1380 quae
1340 1329 1598 1379 adposui:·22

116 1383 218 1424 Sed
254 1388 445 1434 tamen,
482 1385 729 1436 quoniam
774 1386 939 1436 effugi
973 1386 1085 1426 eius
1118 1391 1142 1433 †
1176 1387 1538 1433 occasionem,

54 1461 58 1470 2
115 1439 204 1490 qui
245 1441 481 1483 fortasse
527 1442 898 1490 arbitraretur,
939 1455 1013 1482 me
1066 1444 1196 1483 hanc
1242 1455 1346 1483 rem
1395 1448 1420 1490 †
1455 1443 1540 1482 im-

12 1496 13 1502 ’
54 1519 64 1538 :
113 1497 312 1548 pertire
351 1510 452 1540 non
493 1505 702 1550 putare,
753 1499 795 1539 si
843 1505 1095 1550 perpetuo
1144 1506 1395 1548 tacerem,
1437 1512 1540 1541 mo-

47 1551 60 1596 2'
115 1553 233 1594 dice
264 1555 363 1596 hoc
409 1557 591 1596 faciam
625 1561 714 1596 aut
745 1556 898 1596 etiam
940 1558 1076 1596 intra
1118 1559 1342 1606 modum,
1390 1562 1443 1596 ut
1493 1563 1540 1596 et

112 1611 262 1652 illius
303 1613 567 1653 uoluntati
607 1618 655 1651 et
697 1613 821 1653 meis
872 1614 1068 1653 studiis
1116 1615 1363 1654 seruiam.
1438 1615 1597 1655 Nlo-23

49 1671 67 1711 <3
115 1667 233 1708 dice
269 1668 435 1710 dixerat
464 1670 562 1710 hoc
595 1670 851 1718 [faciam],
882 1670 923 1709 id
948 1676 1012 1711 est
1045 1683 1137 1710 cum
1168 1671 1294 1712 modo
1328 1683 1465 1722 aequo
1496 1676 1596 1711 et24

113 1725 226 1777 pari;
263 1726 434 1775 deinde,
465 1726 585 1777 quasi
619 1727 700 1767 hoc
738 1726 977 1776 displiceret
1012 1733 1052 1767 et
1086 1728 1295 1778 corrigere
1329 1728 1371 1768 id
1398 1728 1537 1777 uellet,

116 1782 253 1822 addit:
287 1788 375 1824 aut
405 1784 561 1824 etiam
592 1783 733 1823 intra
770 1785 993 1832 modum,
1025 1796 1102 1834 per
1124 1786 1238 1835 quod
1261 1785 1446 1826 ostendit
1467 1785 1538 1824 mi-

51 1842 63 1896 j
114 1850 194 1879 nus
214 1850 313 1880 sese
329 1839 371 1880 id
393 1842 598 1881 facturum
620 1852 728 1888 0550,
751 1852 874 1890 quam
894 1842 1007 1891 quod
1025 1841 1114 1881 fieri
1127 1843 1292 1883 modice
1308 1843 1536 1890 uideretur,

114 1894 156 1935 id
181 1900 248 1936 est
278 1908 363 1938 non
396 1898 448 1937 ad
481 1897 620 1949 ipsum
653 1898 845 1946 modum,
886 1899 961 1937 sed
986 1904 1096 1939 retro
1124 1900 1337 1950 paululum
1364 1905 1405 1939 et
1435 1899 1538 1938 citra

60 1967 75 1984 ==
114 1953 302 1994 modum.

199 2010 246 2049 In
289 2010 532 2051 oratione
577 2011 718 2059 etiam,
764 2023 887 2060 quain
929 2023 1020 2060 pro
1052 2014 1096 2052 P.
1131 2013 1310 2054 Sestio
1353 2013 1592 2062 scribsit,25

83 2063 253 2113 ssintra
291 2072 510 2108 montem
541 2068 759 2108 Taurum
790 2068 850 2108 sic
896 2068 1014 2117 dicit,
1050 2075 1095 2110 ut
1130 2082 1213 2111 non
1241 2070 1448 2121 significet
1476 2071 1534 2110 ‘in

0 2167 1 2171 η
58 2136 67 2140 ’
115 2127 259 2163 monte
291 2123 466 2173 Tam-0³,
506 2125 584 2165 sed
612 2128 772 2175 ‘usque
810 2125 863 2164 ad
894 2131 1076 2166 montem
1112 2138 1205 2166 cum
1233 2128 1326 2178 ipso
1358 2131 1532 2168 monte'.

0 2181 26 2224 ’ζ’
114 2177 257 2220 Verba
286 2185 385 2221 sunt
405 2181 511 2221 haec
546 2181 679 2232 ipsius
702 2183 757 2221 M.
789 2181 949 2221 Tullii
979 2194 1031 2223 ex
1062 2194 1131 2232 ea,
1161 2196 1287 2234 quam
1305 2184 1409 2232 dixi,
1442 2195 1532 2225 ora·
1545 2191 1591 2227 26

113 2232 246 2276 tione:
291 2237 612 2278 Antiochum
645 2240 880 2289 Magnum
918 2238 1063 2280 illum
1097 2241 1321 2281 maiores
1361 2242 1532 2282 nostri

1251 2298 1308 2338 5*
