1603 2508
491 80 642 117 INDEX
679 79 1040 117 CAPITVLORVM.
1423 75 1476 119 15

171 194 258 230 XV.
288 193 410 239 Quam
427 204 561 230 seuere
579 194 746 230 moribus
763 195 948 230 maiorum
964 195 1001 230 in
1027 195 1128 231 sures
1151 194 1381 231 uindicatum
1408 196 1475 240 sit;

59 250 203 302 etquid
220 250 415 298 scripserit
430 250 578 286 Mucius
596 249 784 287 Scaeuola
802 262 916 298 super
932 263 976 287 eo
991 280 998 296 ,
1026 251 1128 298 quod
1154 252 1385 289 seruandum
1414 252 1478 288 da-

57 311 135 345 tum
152 307 481 344 commodatumue
498 311 612 343 esset.

170 364 272 400 XVI.
315 365 440 400 Locus
472 364 685 410 exscriptus
719 374 767 399 ex
798 370 925 401 satura
950 365 1001 400 M.
1027 365 1233 410 Varronis,
1267 376 1363 413 quae
1387 361 1478 415 περὶ

58 413 474 470 ἕδεσμᾶτωνίηεοτίρῐει
491 425 566 465 est,
595 420 642 456 de
659 422 872 467 peregrinis
898 422 1066 458 ciborum
1090 423 1318 469 generibus3
1352 426 1387 458 et
1413 433 1478 469 ap-

55 478 170 526 positi
195 489 331 515 uersus
351 477 543 541 Euripidi,
576 478 710 523 quibus
738 477 983 514 delicatorum
1006 478 1201 515 hominum
1227 480 1477 515 luxuriantem

58 535 187 582 gulam
204 517 422 573 consutauit.

165 591 288 628 XVII
316 591 449 629 Sermo
477 591 628 628 habitus
657 602 742 626 cum
759 593 1026 638 grammatico,
1054 593 1340 628 insolentiarum
1366 597 1401 628 et
1425 593 1477 628 in-

53 649 275 696 peritiarum
299 649 434 695 pleno,
467 648 513 684 de
532 648 809 696 significatione
831 650 1026 693 uocabuli,
1057 649 1159 696 quod
1184 654 1241 686 est
1266 650 1475 694 obnoxius;

58 705 181 759 dgque
197 705 279 742 eius
298 706 404 742 uocis
421 706 582 753 origine.

168 762 302 799 XVIII.
333 762 387 798 De
404 764 606 798 obseruata
623 762 884 809 custoditaque
903 763 1005 809 apud
1022 763 1214 799 Romanos
1232 763 1476 800 iurisiurandi

56 819 306 856 sanctimonia
315 829 326 865 ;
359 824 469 866 atque
495 820 586 855 inibi
614 819 660 854 de
680 819 812 855 decem
840 821 1020 866 captiuis,
1050 831 1145 866 quos
1163 820 1321 856 Romam
1338 821 1476 856 Hanni-

22 903 28 914 ss
54 877 137 921 bal,
155 875 303 912 deiurio
327 877 373 912 ab
389 876 449 912 his
467 880 644 923 accepto,
671 877 824 923 legauit.

169 931 320 970 XVIIII.
347 933 513 969 Historia
545 944 593 968 ex
621 934 818 969 annalibus
853 938 1001 979 sumpta
1034 933 1080 969 de
1113 934 1262 970 Tiberio
1289 933 1474 978 Graccho,

57 989 312 1027 Gracchorum
336 994 463 1036 patre,
492 991 638 1026 tribuno
665 991 808 1037 plebis;
841 994 950 1036 atque
981 990 1068 1026 inibi
1097 991 1293 1027 tribunicia
1325 989 1476 1026 decreta

57 1057 142 1082 cum
159 1046 253 1094 ipsis
272 1048 400 1083 uerbis
414 1048 545 1083 relata.

168 1103 256 1139 XX.'
284 1103 395 1148 Quod
407 1104 600 1150 Vergilius
627 1114 648 1138 a
667 1103 822 1139 Nolanis
841 1104 887 1139 ob
910 1114 1046 1149 aquam
1065 1105 1135 1140 sibi
1155 1115 1229 1139 non
1248 1105 1474 1151 permissam

57 1161 207 1196 sustulit
222 1170 242 1194 e
258 1171 373 1196 uersu
390 1172 458 1196 suo
477 1161 610 1196 Nolam
628 1165 663 1195 et
689 1161 815 1206 posuit
833 1171 958 1204 oram;
991 1165 1100 1207 atque
1126 1162 1175 1196 ibi
1196 1161 1383 1207 quaedam
1401 1162 1475 1196 alia

57 1216 105 1253 de
122 1216 289 1253 iucunda
305 1217 553 1253 consonantia
571 1218 776 1253 literarum.

169 1273 269 1309 XXI.
301 1273 436 1318 Quoad
454 1274 556 1310 uiuet
572 1273 771 1320 quoadque
790 1275 988 1317 morietur,
1015 1285 1080 1310 cur
1098 1274 1136 1309 id
1153 1275 1277 1321 ipsum
1294 1274 1474 1321 temporis

0 1374 2 1378 .
28 1378 31 1379 ⁷
57 1329 293 1378 significent,
312 1341 398 1367 cum
416 1342 465 1366 ex
488 1330 634 1367 duobus
653 1331 725 1366 sint
744 1331 838 1366 sacta
856 1332 1068 1366 contrzuiis.

168 1387 282 1424 XXII.
329 1387 440 1432 Quod
467 1398 647 1423 censores
679 1399 816 1434 equum
847 1388 1012 1423 adimere
1045 1389 1143 1423 soliti
1174 1393 1258 1424 sunt
1288 1388 1473 1434 equitibus

26 1484 29 1486 ,
55 1445 286 1492 corpulentis
315 1448 350 1480 et
375 1445 697 1492 praepinguibus;
730 1445 1035 1491 quaesitumque
1069 1451 1190 1481 utrum
1219 1456 1264 1481 ca
1294 1456 1356 1481 res
1389 1455 1474 1481 cum

43 1501 264 1549 ignominia
281 1511 330 1536 an
346 1502 523 1537 incolumi
542 1501 721 1548 dignitate
737 1502 901 1547 equitum
919 1502 1017 1537 lacta
1036 1502 1094 1537 sit.

203 1591 469 1631 CAPITVLA
507 1592 648 1631 LIBRI
688 1591 896 1631 SEPTIMI
923 1593 1116 1640 [VOLGO
1151 1592 1337 1639 SEXTIJ.

38 1708 47 1713 ,
167 1671 198 1707 Ι.
231 1670 350 1716 Quem
374 1671 412 1706 in
436 1670 590 1706 modum
623 1671 864 1717 responderit
895 1671 1132 1718 Chrystpus
1161 1671 1366 1706 aduersum
1392 1682 1472 1715 eos,

0 1736 5 1775 J
55 1728 119 1776 qui
134 1728 416 1775 prouidentiam
433 1728 642 1763 consistere
662 1733 910 1775 negauerunt.

3 1775 8 1787 ⁸
36 1825 41 1829 ⁵
169 1784 215 1820 ΙΙ.
246 1784 328 1829 Quo
348 1783 477 1819 itidem
494 1784 607 1819 modo
625 1789 659 1819 et
680 1785 753 1820 uim
781 1785 1122 1830 necessitatemque
1150 1784 1214 1819 sati
1241 1785 1475 1821 constituerit

4 1884 5 1887 Ἰ
44 1846 93 1883 ,εἰ
123 1851 210 1877 esse
239 1846 366 1877 tamen
397 1841 434 1876 in
464 1842 573 1877 nobis
607 1842 755 1877 consilii
788 1842 990 1888 iudiciique
1017 1841 1133 1876 nostri
1163 1841 1354 1877 arbitrium
1386 1852 1473 1876 con-

52 1897 274 1939 firmauerit.

169 1954 231 1990 ΠΙ.
261 1954 427 1991 Historia
452 1959 600 2002 sumpta
627 1966 675 1990 ex
699 1955 803 1991 libris
830 1955 1038 1990 &subelonis
1071 1954 1116 1989 de
1146 1959 1318 2000 selpente
1344 1954 1473 1990 inuisi-

36 2014 157 2049 tatae
172 2011 435 2058 longitudinis.

60 2076 63 2078 ·
169 2067 248 2104 ΙΠΙ.
286 2067 386 2112 Quid
411 2068 499 2104 item
516 2068 665 2104 Tubero
691 2079 813 2104 nouae
839 2068 1020 2104 historiae
1050 2067 1096 2103 de
1113 2068 1227 2104 Atilio
1245 2067 1408 2114 Regulo,
1448 2077 1470 2102 a

2 2152 4 2156 .
35 2119 435 2172 Carthaginiensibus
462 2129 593 2172 capto,
629 2126 746 2161 literis
771 2137 818 2161 m·
813 2124 1032 2169 mdauerit3
1060 2124 1150 2171 quid
1180 2125 1293 2160 etiarn
1318 2123 1473 2159 Tudita-

42 2191 128 2227 gnus
145 2191 260 2228 super
276 2181 412 2218 eodem
428 2182 575 2229 Regulo
594 2183 801 2229 scripserit.

55 2237 66 2246 ”
168 2237 219 2273 V.
250 2237 361 2283 Quod
376 2239 536 2275 Alfenus
560 2239 839 2303 iureconsultus
866 2240 903 2275 in
924 2238 1048 2275 uerbis
1074 2239 1266 2274 ueteribus
1287 2238 1467 2283 interpre

58 2291 182 2334 ndis
198 2295 349 2331 errauit.
