1619 2476
138 48 220 90 164
688 8 693 21 =
775 50 827 87 V.
841 59 898 88 v1.

794 160 864 201 VI.

136 243 189 279 De
220 243 370 277 coronis
408 242 649 286 militaribus3
690 253 786 289 quae
816 243 863 278 sit
893 253 1022 278 earum
1051 242 1306 289 triumphalis,
1346 253 1442 290 quae
1468 247 1533 282 ob-

196 298 410 341 sidionalis,
437 309 533 344 quae
557 299 699 342 ciuica,
732 310 828 345 quae
854 299 1031 343 muralis,
1058 309 1153 345 quae
1178 301 1406 343 castrensis,
1435 311 1530 347 quae

196 355 359 397 naualis,
393 365 488 400 quae
521 355 659 398 oualis,
694 366 790 401 quae
823 355 1033 402 oleaginea.

82 450 140 485 l.2
215 440 409 480 Militares
433 452 615 480 coronae
633 441 875 481 multifariae
891 446 999 480 sunt.
1041 441 1222 490 Quarum
1239 452 1345 490 quae
1367 441 1530 482 nobilis-

138 497 267 540 simae
290 502 404 544 sunt,
434 498 508 536 has
528 498 654 537 ferme
673 509 768 537 esse
792 497 1051 547 accepimus:
1096 496 1427 548 ‘triumphaleim
1461 499 1530 538 ob-

93 563 116 597 3
134 554 398 601 sidionalem,
426 553 618 600 ciuicam,
652 555 868 601 muralem,
896 558 1171 601 castrensem,
1202 555 1438 601 naualem’;
1468 561 1534 594 est

93 618 117 653 4
134 624 182 651 ea
200 621 367 660 quoque
385 621 561 657 corona,
595 622 700 659 quae
719 614 729 632 ³
745 610 898 650 oualis'
919 610 1083 657 dicitur,
1112 615 1176 649 est
1201 610 1297 649 item
1318 616 1532 660 postrema

139 666 414 715 ‘oleaginea’‚
449 677 529 716 qua
547 666 604 705 uti
631 668 784 714 solent,
817 666 941 716 quiin
959 666 1117 717 proelio
1137 678 1220 706 non
1243 667 1426 714 fuerunt,
1456 667 1532 707 sed

137 724 387 773 triumphum
404 728 643 772 procurant.

95 790 116 821 5
219 779 552 829 ‘Triumphales'
582 790 763 818 coronae
781 783 1061 827 suntauoeae,
1092 790 1197 829 quae
1213 778 1531 829 imperatoribus

95 840 117 874 6
136 837 188 876 ob
221 837 423 875 honorem
451 835 647 885 triumphi
677 835 902 875 mittuntur.
963 836 1008 874 Id
1030 837 1155 884 uulgo
1189 835 1335 874 dicitur
1364 839 1531 875 ‘aurum

96 898 116 934 7
134 892 435 933 coronarium’.
497 893 608 931 Haec
635 891 859 941 antiquitus
883 903 904 931 e
921 893 1037 931 lauru
1063 896 1199 939 erant,
1232 896 1330 942 post
1360 891 1449 930 fieri
1481 903 1526 931 ex

138 961 238 989 auro
264 953 451 998 coeptae.

95 1011 119 1046 8
218 1008 230 1027 ³
245 1005 519 1044 Obsidionalis
535 1009 546 1025 '
571 1010 654 1052 est,
685 1015 807 1054 quam
830 1004 874 1052 ii,
908 1004 977 1054 qui
1002 1004 1159 1044 liberati
1180 1004 1397 1044 obsidione
1422 1009 1531 1051 sunt,

101 1068 123 1102 9
139 1063 238 1101 dant
255 1061 292 1100 ei
307 1061 420 1108 duci,
450 1062 519 1111 qui
537 1061 734 1100 liberauit.
796 1061 854 1099 Ea
876 1072 1032 1100 corona
1048 1060 1258 1110 graminea
1276 1066 1359 1109 est,
1392 1061 1534 1101 obser-

139 1118 311 1168 uarique
341 1118 527 1167 solitum,
560 1122 605 1157 ut
632 1118 750 1157 fieret
774 1128 795 1156 e
813 1117 1016 1167 gramine,
1051 1117 1218 1167 quodin
1237 1128 1286 1157 eo
1313 1119 1406 1157 loco
1436 1127 1532 1166 gna-

82 1179 221 1216 lotum
240 1179 370 1221 esset,
403 1174 508 1213 intra
526 1186 646 1225 quem
663 1173 791 1213 clausi
816 1178 951 1221 erant,
981 1173 1050 1223 qui
1067 1173 1375 1214 obsidebantur.
1417 1175 1533 1212 Hanc

139 1242 337 1270 coronam
360 1230 611 1280 gramineam
637 1236 806 1270 senatus
828 1232 1094 1280 populusque
1110 1231 1322 1270 Romanus
1343 1231 1388 1279 Q.
1405 1228 1531 1268 Fabio

137 1287 316 1326 Maximo
336 1287 448 1326 dedit
466 1287 572 1327 bello
591 1288 825 1326 Poenorum
843 1287 1049 1333 secundo,
1071 1286 1182 1335 quod
1200 1287 1344 1325 urbem
1360 1287 1531 1325 Romam

140 1343 357 1382 obsidione
379 1342 559 1382 hostium
577 1343 806 1382 liberasset.

83 1406 127 1440 ll
223 1398 408 1438 ‘Ciuica'
434 1410 590 1438 corona
624 1399 872 1448 appellatur,
904 1408 1026 1446 quam
1058 1397 1159 1437 ciuis
1193 1397 1288 1445 ciui,
1321 1409 1344 1437 a
1380 1410 1461 1447 quo
1493 1398 1532 1437 in

138 1455 299 1505 proelio
333 1460 522 1495 seruatus
550 1459 632 1502 est,
663 1460 810 1494 testem
829 1453 937 1493 uitae
959 1454 1187 1502 salutisque
1202 1459 1427 1505 perceptae
1449 1455 1531 1493 dat.

84 1512 196 1554 12Ea
216 1511 261 1550 fit
281 1522 304 1550 e
329 1512 476 1551 fronde
495 1522 697 1561 quei-nea,
728 1510 921 1561 quoniam
952 1509 1067 1549 cibus
1097 1511 1315 1560 uictusque
1337 1510 1533 1560 antiquis-

139 1567 268 1607 simus
287 1579 465 1617 quercus
490 1567 581 1618 capi
598 1568 763 1614 solitus;
797 1567 868 1607 suit
891 1566 1010 1605 etiam
1039 1577 1090 1606 ex
1119 1566 1228 1615 ilice,
1263 1568 1376 1618 quod
1400 1578 1532 1616 genus

140 1623 346 1673 superiori
361 1624 595 1674 proximum
613 1629 694 1672 est,
720 1623 839 1663 sicuti
861 1622 1058 1674 scriptum
1076 1628 1140 1662 est
1154 1623 1200 1663 in
1218 1624 1432 1673 quadam
1454 1634 1533 1662 co-

141 1680 345 1719 moedia
378 1680 607 1720 Caecilii:

196 1756 510 1805 Aduehitur,
533 1757 683 1807 inquit,
717 1767 825 1795 cum
849 1753 1078 1805 ilign(e)a
1103 1767 1299 1795 corona
1324 1759 1373 1794 et
1399 1752 1532 1794 chla-

777 1813 941 1862 myde:
976 1811 1023 1850 di
1052 1810 1279 1851 uestram
1303 1811 1473 1850 fidem!

85 1900 395 1942 13Masurius
443 1906 579 1940 autem
622 1900 841 1940 Sabinus
888 1900 933 1938 in
973 1898 1240 1939 undecimo
1278 1897 1532 1936 librorum

141 1956 514 1996 memorialium
553 1957 724 1996 ciuicam
764 1967 961 1996 coronam
999 1960 1086 1995 tum
1116 1955 1204 1995 dari
1230 1953 1393 1994 solitam
1424 1952 1531 1999 dicit,

143 2024 235 2052 cum
251 2013 306 2060 is,
331 2013 400 2062 qui
418 2013 550 2052 ciuem
568 2017 828 2060 seruauerat,
856 2013 1003 2052 eodem
1018 2017 1207 2061 tempore
1232 2009 1354 2050 etiam
1369 2010 1534 2049 hostem

143 2069 353 2108 occiderat
372 2081 507 2119 neque
526 2071 662 2110 locum
685 2069 724 2108 in
743 2080 790 2107 ea
806 2080 945 2118 pugna
962 2068 1202 2118 reliquerat;
1223 2066 1338 2106 aliter
1355 2065 1419 2106 ius
1439 2065 1533 2105 ciui-

86 2129 213 2165 l4cae
245 2136 425 2165 coronae
453 2131 577 2175 negat
609 2136 872 2165 concessum.
933 2124 1138 2164 Tiberium
1159 2128 1296 2163 tamen
1315 2123 1534 2163 Caesarem

143 2183 395 2229 consultum,
430 2193 479 2220 an
513 2182 682 2221 ciuicam
709 2192 905 2221 coronam
932 2192 1081 2231 capere
1104 2184 1270 2230 posset,
1304 2178 1373 2229 qui
1402 2177 1534 2218 ciuem

143 2235 184 2275 in
206 2237 363 2286 proelio
383 2244 596 2278 seruasset
616 2243 656 2278 et
678 2239 822 2277 hostes
838 2237 988 2278 ibidem
1007 2237 1112 2276 duos
1131 2234 1426 2283 interfecisset,
1457 2233 1534 2274 sed
