1635 2492
693 40 744 80 X.
774 51 880 79 xx11.
1448 39 1502 80 23

78 149 279 208 τριβὰς
325 152 536 194 ἔλθωσι
580 149 671 193 καὶ
718 147 851 201 τοὺς
903 148 1140 206 λόγους,
1191 150 1504 205 καταγέλα-

80 210 205 251 στοί
232 210 354 251 εἰσι.

166 268 296 309 Paulo
317 273 417 319 post
439 267 553 307 add1t
573 267 699 307 haec
758 260 897 308 Ἀλλ’
911 297 923 320 ,
958 261 1132 319 οἶμαι,
1169 261 1225 306 τὸ
1259 260 1561 318 &pedm-10

77 318 175 363 τόν
225 322 433 389 ἐστιν,
467 321 685 376 ἀμφοτέ
735 337 809 363 ων
864 328 1184 387 μετασχεῖν.
1263 324 1502 365 Φιλοσο-

75 378 203 432 φίας
241 378 363 434 μέν,
405 376 542 422 ὅσον
582 393 677 421 παι
729 380 846 428 είας
890 377 1074 434 χάριν,
1127 374 1299 420 καλὸν
1340 380 1502 433 μετέ-

76 449 219 490 χειν,
252 435 342 478 καὶ
374 432 476 478 οὐκ
515 432 750 505 αἰσχρὸν
791 437 1060 501 μειρακίῳ
1099 430 1221 477 ὅντι
1262 439 1503 502 φιλοσο-

75 499 230 545 φεῖν·
272 490 511 535 ἐπειδὰν
542 488 599 534 δε
623 489 728 547 ἠδη
753 490 1153 547 πρεσβύτερος
1175 506 1248 533 ων
1277 488 1496 547 &wipto-

78 561 175 599 πος
200 549 282 592 ἔτι
308 551 616 605 φιλοσοφῇ,
649 549 1090 620 καταγέλαστον,
1117 548 1150 590 ω
1169 545 1500 616 Σώκρατες,

76 601 133 647 τὸ
165 607 345 673 χρῆμα
374 608 653 673 γίγνεται,
695 605 786 648 καὶ
812 607 985 660 ἔγωγε
1018 603 1361 673 ὁμοιότατον
1390 605 1497 674 nc{—
1514 617 1559 652 ll

76 672 184 728 σχω
227 659 362 717 πρὸς
404 660 538 714 τοὺς
591 665 1085 718 φιλοσοφοῦντας,
1134 658 1320 730 ω’σπερ
1364 660 1503 718 πρὸς

77 715 212 769 τοὺς
248 720 721 790 ψελλιζομένους,Ι
732 720 822 762 καὶ
862 721 1174 770 παίζοντας.
1205 715 1370 762 Όταν
1402 719 1559 774 μὲν12

76 773 180 843 γὰρ
216 776 449 818 παιδίον
480 777 600 832 ἴδω,
631 776 665 835 ᾧ
698 777 778 819 ἔτι
817 774 1097 832 προσήκει
1131 776 1502 831 διαλέγεσθαι

74 828 245 888 οὕτω,
277 810 691 888 ψελλιζόμενον
722 835 811 876 καὶ
844 835 1058 887 παῖζον,
1101 836 1269 887 χαίρω
1301 849 1378 888 τε,
1412 834 1502 877 καὶ

72 891 275 945 χαρίεν
315 904 407 944 μοι
450 892 713 944 φαίνεται
756 890 844 932 καὶ
891 890 1227 958 ελευθεριον
1252 906 1339 932 και
1370 890 1502 945 πρέ-

74 961 182 989 πον
236 948 297 1003 τῇ
341 948 439 989 τοῦ
486 949 717 991 παιδίου
763 944 975 1002 ἡλικία·
1038 944 1175 991 ὅταν
1221 946 1276 990 δὲ
1315 950 1558 1014 σαφως13

74 991 496 1058 διαλεγομένου
551 1005 858 1064 παιδαρίου
899 1002 1157 1074 ακούσω,
1201 1002 1405 1060 πικρόν
1450 1007 1505 1047 τί

73 1075 166 1114 μοι
199 1059 360 1102 δοκεῖ
386 1062 570 1114 χρῆμα
603 1065 746 1103 εἰναι
775 1061 861 1103 καὶ
886 1059 1014 1121 ἀνιᾷ
1046 1077 1164 1128 μου
1180 1059 1241 1103 τὰ
1272 1077 1379 1103 ωτα
1413 1063 1506 1103 καί

74 1132 166 1182 μοι
209 1116 374 1184 δρκει
409 1118 799 1170 δουλοπρεπές
842 1134 889 1160 τι
924 1114 1088 1160 εἶναι·
1137 1114 1274 1160 ὅταν
1307 1115 1364 1160 δὲ
1401 1134 1501 1161 αν-

72 1169 204 1226 δρὸς
229 1168 445 1242 ἀκούσῃ
468 1189 553 1224 τις
585 1174 990 1229 ψελλιζομένου
1013 1170 1040 1229 ἢ
1070 1176 1341 1225 παίζοντα
1372 1171 1494 1232 ὁρᾷ,
1514 1184 1559 1219 14

71 1228 488 1297 καταγέλαστον
520 1233 794 1298 φαίνεται
813 1232 904 1274 καὶ
940 1230 1223 1286 ἄνανδρον
1249 1230 1336 1273 καὶ
1362 1235 1501 1286 πλη-

72 1287 187 1340 γῶν
225 1282 400 1337 ἄξιον.
466 1283 682 1330 Ταύτὸν
728 1289 830 1330 οὐν
874 1290 1047 1343 ἔγωγε
1089 1290 1260 1331 τοῦτο
1311 1287 1557 1343 πάσχωΙῦ

73 1341 162 1386 καὶ
195 1339 332 1398 πρὸς
363 1339 496 1394 τούς
532 1347 1011 1412 φιλοσοφοῦντας.
1073 1342 1230 1397 Παρὰ
1258 1344 1361 1387 νέω
1397 1344 1557 1399 μὲν16

73 1396 178 1469 γὰρ
215 1402 486 1458 μειρακίω
537 1403 685 1456 ὁρῶν
735 1404 1105 1470 φιλοσοφίαν,
1154 1400 1364 1456 ἄγαμαι
1411 1400 1501 1444 καὶ

73 1455 306 1527 πρέπειν
330 1472 421 1511 μοι
454 1444 615 1500 δοκεῖ
634 1456 724 1501 καὶ
756 1455 1002 1514 ἡγοῦμαι
1035 1457 1354 1512 ἐλεύθερόν
1378 1474 1500 1501 τινα

72 1509 222 1556 εἶναι
253 1515 459 1556 τοῦτον
489 1511 586 1557 τὸν
617 1511 949 1581 ἄνθρωπον,
989 1514 1084 1559 τὸν
1111 1514 1181 1561 δὲ
1220 1514 1288 1570 μὴ
1314 1519 1501 1584 φιλο-

72 1580 388 1638 σοφουντα,
422 1566 810 1623 ἀνελεύθερον
842 1572 931 1614 και
957 1569 1231 1616 οὐδέποτε
1259 1567 1501 1624 ου’δενὸς

71 1603 389 1677 ἀξιώσοντα
420 1625 630 1670 ἑαυτὸν
671 1644 802 1671 ουτε
840 1631 1017 1672 καλοῦ
1060 1626 1190 1672 ου’τε
1231 1631 1499 1682 γενναίου

71 1682 422 1738 πράγματος·
457 1680 593 1727 ὅταν
622 1684 681 1727 δὲ
716 1683 828 1754 [δὴ]
866 1685 1260 1753 πρεσβύτερον
1292 1686 1389 1728 ἴδω
1417 1686 1558 1732 ἔτι17

71 1742 505 1796 φιλοσοφοῦντα
548 1741 635 1784 καὶ
676 1739 746 1797 μὴ
788 1739 1320 1799 ἀπαλλαττόμενον,
1365 1745 1500 1797 πλη-

70 1798 182 1851 γῶν
204 1812 315 1866 μοι
361 1798 522 1840 δοκεῖ
547 1794 651 1866 ῄδη
688 1799 937 1865 δεῖσθαι,
978 1800 1011 1841 ω’
1045 1798 1364 1867 Σώκρατες,
1398 1813 1500 1841 ου-

71 1867 165 1904 τος
195 1849 219 1895 6
242 1850 397 1923 ἀνήρ.
419 1849 475 1897 Ὃ
501 1853 604 1910 γὰρ
629 1858 735 1898 νῦν
760 1853 823 1910 δὴ
853 1856 1074 1924 ἔλεγον,
1098 1852 1351 1928 ὑπάρχει
1366 1854 1498 1898 τού-
1513 1865 1559 1901 18

70 1925 141 1966 τῳ
176 1911 247 1967 τῷ
298 1906 601 1980 ἀνθρώπω,
649 1907 755 1954 κᾶν
796 1909 942 1954 πάνυ
978 1909 1196 1967 εὐφυὴς
1234 1909 1284 1970 ᾗ,
1325 1909 1499 1955 ἀνάν-

72 1952 183 2038 δρω
216 1953 516 2036 γενέσθαι,
557 1968 841 2041 φεύγοντι
878 1965 939 2010 τὰ
971 1969 1124 2037 με’σα
1162 1970 1255 2022 τῆς
1287 1968 1499 2020 πόλεως

71 2009 163 2064 και
191 2020 285 2074 τὰς
324 2020 554 2080 ἀγοράς,
597 2025 653 2068 ἐν
693 2019 779 2076 αἷς
818 2026 923 2080 ἔφη
962 2022 985 2067 6
1027 2024 1262 2080 ποιητὴς
1288 2023 1500 2095 ἄνδρας

73 2074 462 2147 ει>ἰριπρεπεεῖς’
501 2084 827 2150 γίγνεσθαι,
869 2081 1278 2124 καταδεδυκότι
1317 2079 1374 2124 δὲ
1403 2078 1500 2123 τὸν

72 2134 280 2179 λοιπὸν
279 2139 440 2205 βίον
469 2141 672 2206 βιῶναι
696 2154 830 2193 μετα
860 2141 1195 2192 μειρακίων,
1234 2137 1290 2180 ἐν
1325 2140 1499 2193 γωνία

72 2206 241 2244 τριων
247 2189 298 2262 ἢ
329 2193 639 2262 τεττάρων
650 2197 1053 2250 ψιθυρίζοντα,
1089 2194 1404 2248 ἐλεύθερον
1439 2195 1499 2237 δὲ

73 2246 164 2290 καὶ
192 2249 328 2304 μέγα
364 2251 453 2293 καὶ
484 2248 684 2295 ικανόν
730 2252 1013 2306 μηδέποτε
1048 2251 1422 2306 φθέγξασθαι.
