1603 2508
35 2385 54 2460 5⁷⁸⁷*
57 2355 64 2362 ·
30 2331 44 2342 ’ί

79 2470 95 2498 >d

623 84 675 121 V.
700 93 819 121 xv111.
837 93 974 122 xvrm.
1420 81 1503 123 179

95 209 193 237 non
224 196 537 247 praedicare
568 201 655 235 aut
686 195 890 236 interea
920 196 1041 246 quid
1071 201 1289 236 senatus
1319 196 1502 235 decre-

95 253 229 293 uerit
256 258 342 293 aut
373 264 501 303 quae
537 254 621 292 lex
649 252 927 302 rogatioue
959 254 1064 292 lata
1097 252 1163 292 sit
1191 264 1364 303 neque
1395 252 1500 302 qui-

94 311 188 350 bus
219 309 464 350 consiliis
497 321 552 349 ea
589 314 736 360 gesta
772 309 876 348 sint
911 309 1175 357 (iterare):
1208 309 1259 349 id
1298 310 1501 349 fabulas

94 366 270 417 pueris
304 371 385 406 est
415 377 639 414 narrare,
672 377 770 406 non
797 365 1054 406 historias
1090 366 1336 406 seribere.

710 480 872 521 XVIIII.

95 561 193 606 Quid
210 562 257 598 sit
274 561 466 609 adoptatio
479 590 487 606 ,
510 561 599 608 quid
618 562 704 597 item
722 564 767 598 sit
782 561 999 609 adrog‘aIIO,
1021 567 1276 608 quantumque
1295 561 1389 597 haee
1407 563 1503 597 inter

150 629 190 654 se
209 617 410 663 differant;
448 620 637 665 uerbaque
657 619 736 654 eius
755 630 851 665 quae
871 619 1072 665 qualiaque
1094 620 1191 662 sint,
1224 620 1285 665 qui
1312 619 1349 654 in
1374 619 1501 654 liberis

151 674 383 722 adrogandis
402 686 516 722 super
533 686 578 710 ea
594 686 635 711 re
650 677 831 722 populum
848 680 969 723 rogat.

176 764 275 803 Cum
304 762 344 801 in
373 763 550 803 alienam
578 763 775 803 familiam
806 763 931 813 inque
954 763 1179 803 liberorum
1202 765 1340 803 locum
1367 768 1499 802 extra·
1520 769 1537 801 1

91 819 158 859 nei
201 824 441 868 sumuntur,
481 824 551 859 aut
581 832 657 870 per
686 825 924 870 praetorem
962 820 1025 867 fit,
1062 827 1131 860 aut
1170 831 1246 870 per
1281 821 1497 870 populum.

92 876 212 926 Quod
232 887 308 926 per
322 881 562 926 praetorem
584 877 640 924 fit,
675 877 923 927 ‘adoptatio’
950 876 1111 925 dieitur,
1146 878 1259 927 quod
1277 888 1353 926 per
1369 888 1500 927 popu·
1521 881 1543 914 2

91 935 193 981 lum,
227 933 502 982 ‘arrogatio'.
563 934 832 984 Adoptantur
862 939 1020 981 autem,
1053 945 1145 973 cum
1178 945 1201 972 a
1229 939 1424 984 parente,
1456 933 1496 971 in
1522 937 1545 972 3

92 989 208 1029 cuius
238 994 447 1039 potestate
473 995 589 1038 sunt,
622 990 742 1030 tertia
766 990 1072 1041 mancipatione
1102 991 1142 1030 in
1174 991 1262 1030 iure
1297 990 1501 1029 ceduntur

92 1051 217 1097 atque
235 1046 286 1085 ab
314 1057 378 1094 eo,
409 1046 478 1096 qui
501 1047 685 1097 adoptat,
716 1048 828 1097 apud
847 1059 952 1091 eum,
987 1048 1098 1096 apud
1117 1059 1240 1097 quem
1262 1046 1366 1097 legis
1390 1047 1497 1086 actio

91 1107 175 1150 est,
202 1102 486 1151 uindicantur3
516 1103 772 1153 adrogantur
791 1103 851 1151 hi,
880 1103 967 1153 qui,
993 1115 1085 1143 cum
1105 1104 1170 1144 sui
1192 1104 1292 1144 iuris
1317 1108 1434 1151 sunt,
1458 1103 1499 1142 in
1520 1107 1544 1142 4

90 1159 265 1198 alienam
297 1170 393 1199 sese
421 1164 672 1209 potestatem
704 1160 873 1199 tradunt
901 1160 1074 1210 eiusque
1104 1161 1162 1199 rei
1191 1160 1273 1210 ipsi
1303 1165 1496 1200 auctores

90 1216 207 1255 fiunt.
270 1215 354 1255 Sed
383 1215 679 1266 adrogationes
709 1227 791 1256 non
814 1221 969 1255 temere
994 1227 1071 1256 nec
1100 1216 1361 1267 inexplorate
1387 1228 1496 1256 eom-
1521 1222 1541 1255 5

89 1272 324 1312 mittuntui:
360 1283 454 1312 nam
487 1272 672 1320 comitia,
710 1272 872 1312 albitus
902 1273 1190 1323 pontificibus,
1228 1274 1495 1329 piaebentur,
1518 1277 1541 1313 6

92 1340 199 1379 quae
231 1327 438 1369 curiata'
470 1334 753 1380 appeliantm,
795 1334 996 1379 aetasque
1037 1329 1147 1378 eius,
1190 1330 1259 1380 qui
1294 1331 1499 1380 adrogare

89 1386 198 1434 uult,
227 1397 279 1425 an
304 1385 443 1425 liberis
470 1385 612 1437 potius
639 1385 862 1436 gignundis
892 1386 1045 1426 idonea
1068 1386 1142 1435 sit,
1177 1388 1373 1436 bonaque
1395 1387 1497 1434 eius,

92 1442 161 1492 qui
187 1443 422 1492 adrogatur,
454 1454 506 1482 ne
528 1442 730 1482 insidiose
753 1443 935 1493 adpetita
952 1443 1045 1491 sint,
1083 1443 1385 1492 consideratur,
1417 1445 1498 1484 ius-

91 1510 172 1548 que
202 1498 420 1538 iurandum
442 1511 466 1538 a
490 1500 535 1548 Q.
564 1499 757 1547 Mucio,
786 1500 984 1549 pontifice
1013 1500 1216 1548 maximo,
1249 1506 1497 1551 conceptum

90 1555 258 1603 dicitur,
293 1556 406 1619 quod
438 1555 477 1595 in
511 1556 755 1598 adrogando
786 1556 1004 1596 iuraretur.
1069 1556 1153 1596 Sed
1186 1557 1382 1606 adrogari
1410 1569 1494 1597 non
1519 1565 1540 1600 7

87 1616 248 1662 potest,
275 1611 354 1651 nisi
376 1612 698 1663 iamuestieeps.
763 1613 1045 1662 <Adrogatio’
1079 1618 1217 1653 autem
1242 1612 1368 1661 dieta,
1404 1615 1542 1664 quia&

87 1680 220 1718 genus
246 1668 358 1708 hoe
349 1681 388 1707 ln
414 1668 588 1735 alienam
619 1669 809 1708 familiam
832 1669 1029 1709 transitus
1055 1681 1131 1720 per
1150 1669 1295 1719 populi
1317 1681 1402 1713 rog
1396 1671 1496 1710 itio

88 1736 182 1764 nem
203 1725 261 1764 fit.

168 1781 268 1822 Eius
298 1782 527 1832 rogationis
555 1783 685 1822 uerba
705 1783 808 1822 haee
841 1788 956 1821 sunt:
987 1781 1207 1829 Velitis,
1241 1782 1496 1833 iubeatis,
1515 1793 1538 1828 9

89 1838 164 1878 uti
197 1839 241 1877 L.
272 1838 522 1879 Valerius
569 1840 613 1878 L.
642 1839 780 1879 Titio
811 1844 910 1878 tam
941 1838 1050 1878 iure
1082 1840 1311 1888 legeque
1350 1839 1495 1881 filius

59 1908 63 1909 ⁷
89 1895 209 1943 siet,
240 1906 387 1945 quam
414 1895 457 1935 si
483 1907 542 1935 ex
571 1907 627 1935 eo
657 1901 803 1946 patre
835 1900 1103 1945 matreque
1132 1895 1356 1935 familias
1380 1896 1494 1937 eius

88 1956 239 1991 natus
275 1957 441 2000 esset,
470 1952 649 2002 utique
682 1953 729 1991 ei
758 1953 893 1992 uitae
922 1952 1171 2001 necisque
1198 1952 1244 1990 in
1278 1963 1386 1992 eum
1407 1964 1494 2002 po-

86 2011 256 2048 testas
289 2007 406 2056 siet,
437 2008 512 2048 uti
540 2009 677 2057 patri
711 2009 841 2048 endo
870 2009 980 2048 filio
1014 2014 1106 2048 est.
1168 2009 1399 2048 Haecita
1422 2010 1496 2048 uti

90 2062 214 2111 dixi,
247 2064 320 2104 ita
348 2076 444 2105 uos
475 2064 712 2114 Quirites
736 2077 878 2115 rogo.

173 2121 317 2170 Neque
346 2121 528 2170 pupillus
557 2127 693 2161 autem
725 2133 861 2172 neque
895 2121 1060 2168 mulier,
1101 2132 1207 2170 quae
1237 2120 1276 2159 in
1306 2121 1490 2170 parentis
1509 2129 1552 2161 10

37 2214 43 2218 .
90 2179 298 2224 potestate
321 2189 405 2217 non
428 2183 509 2226 est,
537 2178 668 2228 adrog
671 2177 730 2216 aii
757 2184 956 2241 possunt:
986 2177 1180 2226 quoniam
1206 2182 1356 2217 etcum
1381 2178 1492 2218 femi-

49 2252 51 2255 .
91 2230 155 2271 nis
185 2234 295 2272 nulla
320 2233 579 2274 comitioium
602 2234 835 2274 communio
866 2240 930 2273 est
953 2239 992 2273 et
1012 2233 1218 2273 tutoribus
1251 2233 1290 2272 in
1311 2234 1492 2284 pupillos

55 2307 61 2310 ·
95 2290 248 2327 tantam
269 2303 364 2332 esse
385 2293 670 2333 auctoritatem
689 2295 1025 2343 potestatemque
1043 2291 1104 2329 fas
1135 2296 1326 2386 ηοῗῡθεῐ,
1357 2296 1401 2330 ut
1428 2302 1492 2330 ea-

1225 2357 1235 2366 ·
1260 2347 1281 2368 *

75 2445 112 2463 θ’.
