1619 2476
112 31 166 71 22
714 33 763 72 Χ.
791 42 894 71 xxii.

742 176 864 216 XXII.

109 269 232 304 Locus
251 271 445 314 exemptus
465 277 511 301 ex
528 267 698 302 Platonis
720 267 828 309 libr0‚
856 266 917 312 qui
942 265 1153 301 inscribitur
1176 264 1357 312 Gorgias,
1382 264 1429 300 de
1446 264 1513 300 fal-

167 334 230 359 sae
254 322 520 369 philosophiae
537 322 685 369 probris
699 351 707 366 ,
731 322 864 368 quibus
881 320 1132 369 philosophos
1151 324 1290 356 temere
1306 321 1511 364 incessunt,

167 380 227 426 qui
249 380 498 415 emolumenta
518 389 631 415 uerae
660 377 926 425 philosophiae
947 379 1134 425 ignorant.

73 483 91 516 1
193 479 358 526 Plato,
390 478 576 518 ueritatis
598 478 722 518 1101110
752 477 1026 517 amicissimus
1045 475 1219 525 eiusque
1237 475 1426 516 omnibus
1444 485 1512 514 ex-

109 535 315 574 hibendae
339 534 694 585 promptissimus,
727 545 833 583 quae
857 534 1022 574 omnino
1055 532 1134 572 dici
1157 532 1322 582 possint
1344 532 1384 571 in
1408 531 1513 571 desi-

111 592 186 631 des
213 591 317 631 istos
338 592 610 641 ignauosqne,
636 591 703 639 qui
726 592 896 630 obtentu
916 588 1207 640 philosophiae
1227 587 1404 628 nominis
1428 587 1513 628 inu·

109 647 179 686 tile
204 647 330 687 otium
355 653 394 686 et
411 647 573 696 linguae
595 647 787 696 uitaeque
808 647 1002 686 tenebras
1021 650 1236 693 secuntur,
1260 656 1311 684 ex
1332 655 1515 694 persona

112 703 278 753 quidem
310 715 393 744 non
424 704 541 752 graui
571 714 705 752 neque
735 704 906 750 idonea,
941 714 1041 742 uere
1078 707 1215 741 tamen
1250 701 1513 750 ingenueque

66 765 89 800 2
107 760 220 799 dixit.
273 761 375 799 Nam
392 759 468 799 etsi
491 760 693 807 Callicles,
720 771 842 809 quem
865 759 1002 798 dicere
1024 759 1127 797 haec
1144 758 1259 805 facit,
1281 768 1407 796 uerae
1427 756 1513 807 phi-

110 816 329 866 losophiae
344 816 531 865 ignarus,
552 816 773 856 inhonesta
787 816 1037 865 indignaque
1056 815 1096 854 in
1119 814 1394 864 philosophos
1418 824 1514 853 con·

111 874 207 920 sert,
243 872 418 922 proinde
445 878 579 912 tamen
605 872 847 922 accipienda
868 876 964 911 sunt
986 882 1091 921 quae
1124 870 1334 917 dicuntur,
1370 874 1415 908 ut
1434 880 1513 910 nos

111 929 266 968 sensim
308 928 467 968 moneri
507 928 812 978 intellegamus,
853 940 903 967 ne
935 928 1015 978 ipsi
1047 938 1214 977 quoque
1254 926 1512 976 culpationes

109 984 397 1025 huiuscemodi
423 996 654 1024 mereamur
681 997 787 1025 neue
815 984 935 1024 inerti
962 983 1157 1034 inanique
1181 982 1340 1022 desidia
1362 983 1513 1022 cultum

111 1046 151 1079 et
174 1041 354 1080 studium
377 1041 663 1091 philosophiae
689 1041 943 1081 mentiamur.

70 1104 93 1139 3
193 1099 334 1137 Verba
350 1097 442 1147 ipsa
459 1109 586 1148 super
607 1099 684 1137 hae
707 1110 750 1137 re
771 1097 1002 1137 Platonis
1027 1108 1079 1135 ex
1099 1096 1224 1144 libro,
1248 1095 1318 1146 qui
1333 1096 1513 1145 appella-

110 1159 177 1192 tur
206 1154 444 1203 Gorgias,
480 1154 647 1204 scripsi,
688 1154 882 1204 quoniam
911 1158 1075 1192 uertere
1106 1163 1155 1192 ea
1185 1151 1401 1192 consilium
1429 1162 1513 1191 non

112 1210 202 1257 suit,
237 1221 329 1249 cum
358 1211 409 1249 ad
437 1211 714 1260 piopiietates
747 1221 891 1250 eorum
923 1220 1188 1258 nequaquam
1212 1207 1350 1258 possit
1370 1206 1512 1246 Latina

72 1265 239 1327 401ati0
271 1266 456 1334 aspirare
482 1278 529 1306 ac
554 1269 679 1306 multo
704 1267 838 1306 minus
864 1265 987 1305 etiam
1018 1276 1130 1304 mea:
1192 1261 1513 1327 Φιλοσοφία

112 1318 211 1385 γάρ
257 1322 343 1361 τοί
378 1319 550 1374 ἐστιν,
599 1321 632 1361 (ὁ
678 1318 1007 1384 Σώκρατες,
1047 1320 1270 1383 χαρίεν,
1307 1314 1401 1358 ἐάν
1431 1331 1514 1366 τις

114 1371 288 1417 αὐτοῦ
317 1378 550 1430 μετρίως
581 1372 777 1444 ἅψηται
810 1375 865 1416 ἐν
893 1376 953 1429 τῇ
985 1370 1187 1430 ἡλικίᾳ·
1221 1369 1313 1414 ἐὰν
1336 1369 1392 1414 δε
1418 1386 1513 1414 πε·-

113 1431 352 1499 ραιτέρω
399 1434 495 1473 τοῦ
550 1430 779 1500 δέοντος
812 1417 1182 1502 ἐνδιατρίψῃ,
1228 1425 1514 1497 Qaaeptffopq‘e

70 1490 218 1531 ὃτι-ὄν
250 1484 582 1541 ἀνθρώπων.
614 1484 732 1530 Ἐὰν
763 1486 862 1541 γὰρ
902 1486 991 1528 καὶ
1033 1485 1178 1529 πάνυ
1219 1480 1443 1553 εὐφυὴς
1483 1483 1513 1541 ῂ

112 1543 201 1586 καὶ
254 1543 439 1613 πόρρω
491 1547 585 1599 τῆς
641 1540 866 1600 ἡλικίας
921 1545 1232 1613 φιλοσοφῇ,
1293 1538 1513 1596 ἀνάγκη

114 1598 341 1643 πάντων
368 1598 608 1662 ἄπειρον
637 1615 934 1655 γεγονεναι
967 1598 1145 1654 ἐστίν,
1179 1615 1253 1642 ων
1289 1598 1394 1666 χρὴ
1426 1598 1515 1666 ἔ-(ι

112 1671 313 1724 πειρον
367 1654 515 1700 εἶναι
568 1657 666 1699 τὸν
719 1656 993 1722 μέλλοντα
1036 1653 1214 1698 καλὸν
1257 1651 1515 1722 κᾶγαθον

75 1715 202 1756 final
244 1711 548 1781 εὐδόκιμον
590 1715 825 1756 ἔσεσθαι
865 1709 1059 1765 ἄνδρα.
1115 1711 1222 1754 Καὶ
1262 1709 1366 1778 γὰρ
1406 1713 1515 1752 τῶν

113 1768 295 1824 νόμων
333 1767 557 1824 ἄπειροι
590 1773 884 1841 γίννονται
915 1770 1025 1810 τῶν
1055 1765 1189 1810 κατὰ
1203 1764 1316 1835 τὴν
1347 1766 1514 1809 πόλιν

114 1827 204 1868 και
242 1829 351 1868 τῶν
387 1825 590 1880 λόγων,
631 1829 713 1877 οἱς
754 1827 840 1868 δεῖ
868 1839 1160 1893 χρωμενον
1193 1819 1418 1878 ὁμιλεῖν
1456 1823 1514 1865 ἐν

114 1889 231 1933 τοῖς
274 1886 649 1953 συμβολαίοις
693 1889 813 1932 τοῖς
865 1879 1210 1934 ἀνθρώποις,
1263 1879 1354 1922 καὶ
1399 1879 1514 1935 ἰδίᾳ

114 1939 203 1980 καὶ
244 1941 506 2008 δημοσίᾳ,
556 1939 642 1981 καὶ
679 1954 788 1980 των
824 1932 1046 1991 ἡδονῶν
1083 1951 1137 1977 τε
1179 1934 1267 1978 καὶ
1308 1922 1514 1978 ἐπιθυ-

115 1997 256 2061 μιῶν
309 1997 413 2037 τῶν
458 1992 856 2062 ἀνθρωπείων,
907 1992 997 2035 καὶ
1041 1990 1367 2060 συλλήβδην
1409 2007 1515 2034 των

79 2046 272 2116 Ὶήθων
313 2050 669 2094 παντάπασιν
713 2047 936 2103 ἄπειροι
983 2050 1285 2115 γίγνονται.
1342 2044 1514 2090 Ἐπει-

117 2102 214 2147 δάν
259 2108 363 2149 οὐν
407 2109 653 2150 ἔλθωσιν
692 2111 768 2156 εἴς
809 2120 935 2148 τινα
972 2105 1122 2146 ἰδίαν
1157 2099 1183 2158 ἢ
1216 2100 1514 2158 πολιτικὴν

118 2163 341 2217 πρᾶξιν,
364 2164 763 2229 καταγέλαστοι
790 2165 1090 2231 γίγνονται
1111 2156 1512 2227 ὥσπερ,οἶμαι,

118 2218 172 2259 οἱ
197 2222 501 2274 πολιτικοί,
533 2216 758 2261 ἐπειδὰν
790 2213 859 2260 αὖ
885 2218 960 2267 εἰς
982 2214 1073 2267 τὰς
1096 2231 1370 2271 υμετερας
1391 2217 1515 2258 δια-
