1603 2508
655 91 720 129 111.
747 100 787 128 x.
805 99 863 127 xi.
1382 86 1464 129 125

59 200 212 243 tudinis
250 201 409 241 habens
441 206 624 252 septem,
666 213 772 252 quae
810 201 965 241 faciunt
996 201 1128 251 pedes
1166 200 1387 241 duodecim
1425 206 1466 239 et

59 258 353 309 quadrantem,
386 257 466 297 nisi
488 259 543 307 si,
577 260 764 298 utHom
777 270 899 298 erus
931 258 1126 308 opinatus
1160 262 1244 305 est,
1279 257 1467 297 uastiora

57 314 370 366 prolixioraque
416 315 585 355 fuerunt
634 326 813 365 corpora
854 315 1066 354 hominum
1106 314 1384 364 antiquiorum
1427 318 1468 353 et

58 382 170 411 nunc
185 403 195 420 ‚
224 371 344 421 quasi
359 371 439 410 iam
465 373 620 412 mundo
640 376 909 419 senescente,
944 383 1083 412 rerum
1105 375 1229 421 atque
1252 371 1466 411 hominum

59 429 326 468 decrementa
363 433 472 468 sunt.
533 430 688 468 Dentes
714 439 882 478 quoque
909 433 950 467 et
978 428 1018 467 in
1057 433 1218 478 septem
1248 427 1462 467 mensibus
1483 433 1526 468 12

0 479 1 539 ξ
57 484 204 536 primis
230 488 271 524 et
300 490 502 535 septenos
527 497 579 525 ex
602 490 780 535 utraque
802 489 921 535 parte
945 485 1057 535 gigni
1082 485 1136 523 ait
1163 490 1203 524 et
1226 485 1376 524 cadere
1400 495 1467 523 an-

0 545 2 559 *
57 541 123 582 nis
160 540 348 591 septimis
387 546 428 581 et
456 541 661 591 genuinos
688 542 859 582 adnasci
889 542 1006 581 annis
1041 543 1128 581 fere
1161 542 1224 581 bis
1265 540 1465 592 septenis.

0 611 3 634 1
58 600 201 638 Venas
217 597 339 637 etiam
356 597 396 638 in
414 598 648 638 hominibus
660 631 669 647 ,
687 601 754 639 uel
771 598 911 648 potius
931 598 1115 646 arterias,
1135 597 1322 637 medicos
1341 597 1464 637 musi·
1483 605 1526 639 13

61 666 136 695 cos
155 654 295 694 dicere
311 654 365 694 ait
384 667 556 695 numero
577 655 737 695 moueri
753 656 1006 706 septenario,
1028 656 1141 705 quod
1160 654 1240 706 ipsi
1257 655 1468 704 appellant

61 707 169 763 ετὴν
194 706 270 751 διὰ
285 707 518 764 τεσσάρων
535 712 848 764 συμφωνίαν’,
882 724 989 762 quae
1009 713 1054 751 fit
1070 712 1109 751 in
1129 711 1352 751 collatione
1371 722 1467 761 qua-

59 767 229 809 ternarii
260 768 430 808 numeri.
491 769 738 809 Discrimina
769 769 891 809 etiam
920 769 1203 819 periculorum
1236 769 1275 807 in
1309 767 1464 808 morbis
1483 774 1527 808 14

60 825 217 865 maiore
233 825 275 864 ui
291 825 381 864 fieri
400 830 518 876 putat
541 826 580 865 in
606 826 773 873 diebus,
810 826 879 876 qui
913 827 1190 866 conficiuntur
1213 837 1266 865 ex
1293 836 1467 865 numero

62 881 324 932 septenario,
367 893 528 932 eosque
559 883 647 922 dies
681 883 863 923 omnium
897 883 1093 930 maxime,
1138 883 1193 921 ita
1230 887 1276 921 ut
1319 881 1469 920 medici

62 939 291 989 appellant,
317 939 601 991 ‘xenoduovg'
628 944 656 988 (.
685 939 773 987 Cui)
801 939 932 979 uideri
963 940 1136 990 primam
1160 939 1467 979 hebdomadam

63 1000 105 1035 et
133 996 362 1035 secundam
395 1001 436 1035 et
470 997 646 1036 tertiam.
723 998 867 1046 Neque
901 1008 983 1036 non
1016 997 1057 1035 id
1098 996 1220 1035 etiam
1256 995 1382 1035 sumit
1413 996 1465 1033 ad
1485 1002 1527 1036 15

60 1052 146 1092 uim
186 1053 490 1102 facultatesque
529 1053 617 1093 eius
653 1054 814 1092 numeri
851 1054 1086 1103 augendas,
1135 1053 1269 1102 quod,
1318 1051 1468 1102 quibus

61 1107 200 1148 inedia
225 1108 331 1148 mori
355 1109 572 1149 consilium
602 1114 684 1157 est,
718 1109 894 1160 septimo
926 1110 1091 1149 demum
1113 1109 1177 1148 die
1205 1114 1380 1148 mortem
1399 1120 1471 1158 op-

63 1170 222 1216 petunt.

149 1222 263 1261 Haec
286 1223 454 1262 Varro
491 1223 542 1261 de
573 1234 745 1263 numero
782 1223 1019 1274 septenario
1047 1222 1214 1272 scripsit
1240 1222 1466 1261 admodum
1489 1227 1529 1262 16

65 1278 313 1328 conquisite.
377 1279 462 1318 Sed
486 1279 564 1318 alia
582 1291 751 1329 quoque
776 1280 929 1319 ibidem
950 1279 1137 1329 congerit
1165 1278 1469 1328 frigidiuscula:

64 1335 194 1375 ueluti
223 1340 385 1385 septem
418 1347 547 1386 opera
571 1348 667 1376 esse
692 1336 732 1375 in
760 1338 861 1376 orbe
887 1342 1021 1376 terrae
1042 1336 1229 1375 miranda
1254 1340 1294 1374 et
1311 1334 1472 1384 sapien-

48 1396 130 1431 'tes
157 1391 255 1431 item
280 1396 448 1432 ueteres
476 1398 636 1443 septem
661 1394 791 1433 fuisse
818 1399 858 1433 et
885 1393 1088 1433 curricula
1104 1393 1299 1432 ludorum
1319 1391 1474 1430 circen-

67 1448 174 1488 sium
185 1449 432 1498 sollempnia
442 1454 604 1499 septem
617 1461 712 1489 esse
731 1455 771 1489 et
783 1451 835 1489 ad
848 1450 1154 1500 oppugnandas
1166 1449 1328 1488 Thebas
1342 1448 1472 1487 duces

50 1509 229 1555 septem
246 1505 447 1545 delectos.
495 1507 596 1545 Tum
613 1506 667 1545 ibi
685 1507 810 1555 addit,
830 1519 876 1546 se
895 1517 1063 1557 quoque
1077 1506 1157 1545 iam
1181 1504 1471 1545 duodecimam
1487 1511 1530 1546 17

69 1562 587 1602 annorumhebdomadam
605 1563 841 1613 ingressum
856 1575 951 1603 esse
969 1568 1009 1602 et
1021 1563 1072 1602 ad
1083 1575 1176 1602 eum
1190 1562 1298 1601 diem
1310 1568 1475 1612 septua-

67 1617 182 1667 ginta
194 1618 482 1658 hebdomadas
502 1619 699 1660 librorum
712 1620 1032 1670 conscripsisse,
1048 1631 1099 1659 ex
1118 1619 1267 1669 quibus
1279 1618 1475 1667 aliquam-

38 1675 242 1723 ³ssmultos‚
263 1686 356 1714 cum
369 1675 632 1726 proscriptus
653 1682 778 1725 esset,
797 1676 969 1727 direptis
987 1675 1249 1715 bibliothecis
1269 1674 1371 1722 suis,
1391 1685 1474 1713 non

40 1736 55 1788 1,,
71 1731 369 1782 comparuisse.

734 1837 803 1876 XI.

43 1907 214 1969 {Quibus
236 1920 273 1953 et
297 1928 408 1964 quam
432 1918 576 1954 friuolis
606 1920 837 1966 argumentis
856 1919 994 1955 Accius
1017 1920 1054 1954 in
1073 1916 1317 1954 didascalicis
1339 1920 1476 1959 utatur,

65 1989 67 1991 ·
129 1973 263 2019 quibus
281 1973 419 2010 docere
442 1975 590 2019 nititur,
624 1976 832 2012 Hesiodum
861 1988 970 2020 esse,
999 1987 1110 2022 quam
1132 1974 1358 2017 Homerum,
1391 1977 1479 2008 natu

87 2051 92 2056 -
131 2029 392 2076 antiquiorem.

160 2128 295 2180 Super
335 2135 470 2169 aetate
500 2131 709 2171 Homeri
740 2137 864 2182 atque
894 2131 1116 2171 Hesiodi
1151 2143 1233 2171 non
1269 2128 1509 2170 consenti-l

9 2203 19 2220 ι
45 2186 156 2223 tur
215 2185 297 2225 Alii
322 2188 624 2236 Homerum
656 2200 779 2237 quam
810 2189 966 2228 Hesio
981 2190 1120 2236 dum,
1150 2187 1350 2227 maiorem
1380 2191 1511 2225 natu2

43 2239 208 2280 ..fuisse
225 2243 495 2293 scripserunt,
514 2243 553 2283 in
574 2244 665 2294 quis
684 2245 1032 2285 Philochorus
1050 2250 1090 2284 et
1108 2244 1482 2295 Xenophanes,

0 2322 6 2330 .
39 2291 147 2334 31’911
175 2296 395 2363 minorem,
424 2298 464 2339 in
498 2301 589 2350 quis
622 2302 666 2340 L.
696 2301 890 2342 Accius
921 2308 1049 2352 poeta
1080 2307 1120 2342 et
1151 2302 1222 2352 Ep
1234 2302 1327 2341 ho1
1336 2311 1394 2340 us
1424 2298 1482 2337 hi-
