<?xml version="1.0" encoding="UTF-8"?>
<!DOCTYPE html PUBLIC "-//W3C//DTD XHTML 1.0 Transitional//EN"
    "http://www.w3.org/TR/xhtml1/DTD/xhtml1-transitional.dtd">
<html xmlns="http://www.w3.org/1999/xhtml" xml:lang="en" lang="en">
 <head>
  <title>
</title>
<meta http-equiv="Content-Type" content="text/html;charset=utf-8" />
  <meta name='ocr-system' content='tesseract 3.04.00' />
  <meta name='ocr-capabilities' content='ocr_page ocr_carea ocr_par ocr_line ocrx_word'/>
</head>
<body>
  <div class='ocr_page' id='page_1' title='image "./agelliinoctivmat00gelluoft_0469.png"; bbox 0 0 1635 2492; ppageno 0'>
   <div class='ocr_carea' id='block_1_1' title="bbox 595 65 1514 107">
    <p class='ocr_par' dir='ltr' id='par_1_1' title="bbox 595 65 1514 107">
     <span class='ocr_line' id='line_1_1' title="bbox 595 65 1514 107; baseline 0.001 -1"><span class='ocrx_word' id='word_1_1' title='bbox 595 91 603 100; x_wconf 86' lang='grc'>-.</span> <span class='ocrx_word' id='word_1_2' title='bbox 633 66 761 106; x_wconf 89' lang='lat' dir='ltr'>XVII.</span> <span class='ocrx_word' id='word_1_3' title='bbox 799 76 905 106; x_wconf 87' lang='lat' dir='ltr'>vnn.</span> <span class='ocrx_word' id='word_1_4' title='bbox 937 77 980 105; x_wconf 88' lang='lat' dir='ltr'>x.</span> <span class='ocrx_word' id='word_1_5' title='bbox 1431 65 1514 107; x_wconf 79' lang='lat'>183</span> 
     </span>
    </p>
   </div>
   <div class='ocr_carea' id='block_1_2' title="bbox 79 178 1610 1929">
    <p class='ocr_par' dir='ltr' id='par_1_2' title="bbox 79 178 1610 968">
     <span class='ocr_line' id='line_1_2' title="bbox 98 178 1610 232; baseline 0 -9"><span class='ocrx_word' id='word_1_6' title='bbox 98 185 334 232; x_wconf 85' lang='lat' dir='ltr'>acceperat,</span> <span class='ocrx_word' id='word_1_7' title='bbox 365 180 535 220; x_wconf 89' lang='lat' dir='ltr'>surculo</span> <span class='ocrx_word' id='word_1_8' title='bbox 555 178 740 230; x_wconf 81' lang='lat' dir='ltr'>conpari,</span> <span class='ocrx_word' id='word_1_9' title='bbox 774 191 899 229; x_wconf 91' lang='lat' dir='ltr'>quem</span> <span class='ocrx_word' id='word_1_10' title='bbox 920 179 1112 226; x_wconf 89' lang='lat' dir='ltr'>habebat,</span> <span class='ocrx_word' id='word_1_11' title='bbox 1145 178 1280 230; x_wconf 91' lang='lat' dir='ltr'>capite</span> <span class='ocrx_word' id='word_1_12' title='bbox 1302 180 1356 218; x_wconf 87' lang='lat' dir='ltr'>ad</span> <span class='ocrx_word' id='word_1_13' title='bbox 1372 179 1512 229; x_wconf 86' lang='lat' dir='ltr'>finem,</span> <span class='ocrx_word' id='word_1_14' title='bbox 1582 205 1610 223; x_wconf 73' lang='lat'>.-</span> 
     </span>
     <span class='ocr_line' id='line_1_3' title="bbox 97 235 1514 291; baseline -0.001 -13"><span class='ocrx_word' id='word_1_15' title='bbox 97 237 275 291; x_wconf 82' lang='lat' dir='ltr'>proinde</span> <span class='ocrx_word' id='word_1_16' title='bbox 290 241 336 277; x_wconf 90' lang='lat' dir='ltr'>ut</span> <span class='ocrx_word' id='word_1_17' title='bbox 354 236 509 277; x_wconf 88' lang='lat' dir='ltr'>debere</span> <span class='ocrx_word' id='word_1_18' title='bbox 525 235 616 275; x_wconf 89' lang='lat' dir='ltr'>fieri</span> <span class='ocrx_word' id='word_1_19' title='bbox 635 235 806 284; x_wconf 91' lang='lat' dir='ltr'>sciebat,</span> <span class='ocrx_word' id='word_1_20' title='bbox 839 236 1188 287; x_wconf 89' lang='lat' dir='ltr'>circumplicabat,</span> <span class='ocrx_word' id='word_1_21' title='bbox 1215 240 1341 286; x_wconf 89' lang='lat' dir='ltr'>atque</span> <span class='ocrx_word' id='word_1_22' title='bbox 1356 235 1413 276; x_wconf 86' lang='lat' dir='ltr'>ita</span> <span class='ocrx_word' id='word_1_23' title='bbox 1427 236 1514 276; x_wconf 82' lang='lat' dir='ltr'>lite-</span> 
     </span>
     <span class='ocr_line' id='line_1_4' title="bbox 97 292 1513 345; baseline -0.003 -9"><span class='ocrx_word' id='word_1_24' title='bbox 97 306 170 336; x_wconf 87' lang='lat' dir='ltr'>rae</span> <span class='ocrx_word' id='word_1_25' title='bbox 190 305 269 345; x_wconf 88' lang='lat' dir='ltr'>per</span> <span class='ocrx_word' id='word_1_26' title='bbox 291 293 473 334; x_wconf 88' lang='lat' dir='ltr'>eundem</span> <span class='ocrx_word' id='word_1_27' title='bbox 504 292 702 333; x_wconf 89' lang='lat' dir='ltr'>ambitum</span> <span class='ocrx_word' id='word_1_28' title='bbox 724 293 880 332; x_wconf 90' lang='lat' dir='ltr'>surculi</span> <span class='ocrx_word' id='word_1_29' title='bbox 914 294 1203 333; x_wconf 82' lang='lat' dir='ltr'>coalescentes</span> <span class='ocrx_word' id='word_1_30' title='bbox 1229 304 1398 333; x_wconf 91' lang='lat' dir='ltr'>rursum</span> <span class='ocrx_word' id='word_1_31' title='bbox 1431 292 1513 333; x_wconf 90' lang='lat' dir='ltr'>coi-</span> 
     </span>
     <span class='ocr_line' id='line_1_5' title="bbox 96 349 1513 401; baseline -0.003 -9"><span class='ocrx_word' id='word_1_32' title='bbox 96 352 197 392; x_wconf 83' lang='lat' dir='ltr'>bant</span> <span class='ocrx_word' id='word_1_33' title='bbox 218 351 509 401; x_wconf 85' lang='lat' dir='ltr'><strong>integramque</strong></span> <span class='ocrx_word' id='word_1_34' title='bbox 541 354 581 389; x_wconf 92' lang='lat' dir='ltr'>et</span> <span class='ocrx_word' id='word_1_35' title='bbox 601 349 887 398; x_wconf 84' lang='lat' dir='ltr'>incorruptam</span> <span class='ocrx_word' id='word_1_36' title='bbox 924 350 1145 400; x_wconf 85' lang='lat' dir='ltr'>epistulam</span> <span class='ocrx_word' id='word_1_37' title='bbox 1176 355 1217 389; x_wconf 89' lang='lat' dir='ltr'>et</span> <span class='ocrx_word' id='word_1_38' title='bbox 1245 349 1407 389; x_wconf 87' lang='lat' dir='ltr'>facilem</span> <span class='ocrx_word' id='word_1_39' title='bbox 1431 350 1513 399; x_wconf 89' lang='lat' dir='ltr'>legi</span> 
     </span>
     <span class='ocr_line' id='line_1_6' title="bbox 97 401 1570 460; baseline -0.002 -13"><span class='ocrx_word' id='word_1_40' title='bbox 97 408 384 460; x_wconf 86' lang='lat' dir='ltr'>praestabant.</span> <span class='ocrx_word' id='word_1_41' title='bbox 423 408 515 447; x_wconf 92' lang='lat' dir='ltr'>Hoc</span> <span class='ocrx_word' id='word_1_42' title='bbox 536 417 670 456; x_wconf 90' lang='lat' dir='ltr'>genus</span> <span class='ocrx_word' id='word_1_43' title='bbox 688 406 893 457; x_wconf 85' lang='lat' dir='ltr'>epistulae</span> <span class='ocrx_word' id='word_1_44' title='bbox 909 407 1230 446; x_wconf 89' lang='lat' dir='ltr'>Lacedaemonii</span> <span class='ocrx_word' id='word_1_45' title='bbox 1247 401 1512 458; x_wconf 60' lang='lat' dir='ltr'>‘oxvtoiknv’</span> <span class='ocrx_word' id='word_1_46' title='bbox 1525 408 1570 443; x_wconf 88' lang='grc'>15</span> 
     </span>
     <span class='ocr_line' id='line_1_7' title="bbox 96 463 1569 516; baseline -0.003 -12"><span class='ocrx_word' id='word_1_47' title='bbox 96 465 323 516; x_wconf 86' lang='lat' dir='ltr'>appellant.</span> <span class='ocrx_word' id='word_1_48' title='bbox 383 464 644 513; x_wconf 84' lang='lat' dir='ltr'>Legebamus</span> <span class='ocrx_word' id='word_1_49' title='bbox 667 463 709 502; x_wconf 90' lang='lat' dir='ltr'>id</span> <span class='ocrx_word' id='word_1_50' title='bbox 731 474 902 513; x_wconf 91' lang='lat' dir='ltr'>quoque</span> <span class='ocrx_word' id='word_1_51' title='bbox 930 463 970 502; x_wconf 90' lang='lat' dir='ltr'>in</span> <span class='ocrx_word' id='word_1_52' title='bbox 995 468 1135 502; x_wconf 85' lang='lat' dir='ltr'>uetere</span> <span class='ocrx_word' id='word_1_53' title='bbox 1164 463 1338 503; x_wconf 88' lang='lat' dir='ltr'>historia</span> <span class='ocrx_word' id='word_1_54' title='bbox 1374 475 1513 503; x_wconf 85' lang='lat' dir='ltr'>rerum</span> <span class='ocrx_word' id='word_1_55' title='bbox 1524 463 1569 499; x_wconf 87' lang='lat'>16</span> 
     </span>
     <span class='ocr_line' id='line_1_8' title="bbox 95 520 1512 570; baseline -0.001 -9"><span class='ocrx_word' id='word_1_56' title='bbox 95 521 388 568; x_wconf 89' lang='lat' dir='ltr'>Poenicarum,</span> <span class='ocrx_word' id='word_1_57' title='bbox 420 520 557 560; x_wconf 92' lang='lat' dir='ltr'>uirum</span> <span class='ocrx_word' id='word_1_58' title='bbox 583 520 767 559; x_wconf 87' lang='lat' dir='ltr'>indidem</span> <span class='ocrx_word' id='word_1_59' title='bbox 793 521 1030 570; x_wconf 83' lang='lat' dir='ltr'>quempiam</span> <span class='ocrx_word' id='word_1_60' title='bbox 1057 520 1294 567; x_wconf 86' lang='lat' dir='ltr'>inlustrem,</span> <span class='ocrx_word' id='word_1_61' title='bbox 1327 520 1417 559; x_wconf 87' lang='lat' dir='ltr'>siue</span> <span class='ocrx_word' id='word_1_62' title='bbox 1444 520 1512 559; x_wconf 92' lang='lat' dir='ltr'>ille</span> 
     </span>
     <span class='ocr_line' id='line_1_9' title="bbox 96 576 1511 627; baseline -0.001 -10"><span class='ocrx_word' id='word_1_63' title='bbox 96 578 335 618; x_wconf 85' lang='lat' dir='ltr'>Hasdrubal</span> <span class='ocrx_word' id='word_1_64' title='bbox 356 577 446 617; x_wconf 91' lang='lat' dir='ltr'>siue</span> <span class='ocrx_word' id='word_1_65' title='bbox 478 577 570 627; x_wconf 90' lang='lat' dir='ltr'>quis</span> <span class='ocrx_word' id='word_1_66' title='bbox 605 577 710 617; x_wconf 91' lang='lat' dir='ltr'>alius</span> <span class='ocrx_word' id='word_1_67' title='bbox 736 582 801 616; x_wconf 89' lang='lat' dir='ltr'>est</span> <span class='ocrx_word' id='word_1_68' title='bbox 831 587 916 616; x_wconf 90' lang='lat' dir='ltr'>non</span> <span class='ocrx_word' id='word_1_69' title='bbox 943 576 1125 624; x_wconf 86' lang='lat' dir='ltr'>retineo,</span> <span class='ocrx_word' id='word_1_70' title='bbox 1159 576 1381 626; x_wconf 84' lang='lat' dir='ltr'>epistulam</span> <span class='ocrx_word' id='word_1_71' title='bbox 1411 577 1511 616; x_wconf 89' lang='lat' dir='ltr'>scri-</span> 
     </span>
     <span class='ocr_line' id='line_1_10' title="bbox 96 633 1565 686; baseline -0.002 -12"><span class='ocrx_word' id='word_1_72' title='bbox 96 639 210 686; x_wconf 85' lang='lat' dir='ltr'>ptam</span> <span class='ocrx_word' id='word_1_73' title='bbox 234 646 364 685; x_wconf 91' lang='lat' dir='ltr'>super</span> <span class='ocrx_word' id='word_1_74' title='bbox 379 634 505 674; x_wconf 92' lang='lat' dir='ltr'>rebus</span> <span class='ocrx_word' id='word_1_75' title='bbox 527 633 690 674; x_wconf 90' lang='lat' dir='ltr'>arcanis</span> <span class='ocrx_word' id='word_1_76' title='bbox 713 634 793 674; x_wconf 90' lang='lat' dir='ltr'>hoc</span> <span class='ocrx_word' id='word_1_77' title='bbox 816 634 943 673; x_wconf 91' lang='lat' dir='ltr'>modo</span> <span class='ocrx_word' id='word_1_78' title='bbox 965 633 1263 673; x_wconf 87' lang='lat' dir='ltr'>abscondisse:</span> <span class='ocrx_word' id='word_1_79' title='bbox 1294 633 1512 683; x_wconf 87' lang='lat' dir='ltr'>pugillaria</span> <span class='ocrx_word' id='word_1_80' title='bbox 1525 635 1565 671; x_wconf 84' lang='lat'>17</span> 
     </span>
     <span class='ocr_line' id='line_1_11' title="bbox 95 690 1512 741; baseline 0 -10"><span class='ocrx_word' id='word_1_81' title='bbox 95 702 219 738; x_wconf 87' lang='lat' dir='ltr'>noua,</span> <span class='ocrx_word' id='word_1_82' title='bbox 253 692 439 731; x_wconf 89' lang='lat' dir='ltr'>nondum</span> <span class='ocrx_word' id='word_1_83' title='bbox 461 690 583 731; x_wconf 91' lang='lat' dir='ltr'>etiam</span> <span class='ocrx_word' id='word_1_84' title='bbox 607 702 703 731; x_wconf 87' lang='lat' dir='ltr'>cera</span> <span class='ocrx_word' id='word_1_85' title='bbox 724 690 849 738; x_wconf 87' lang='lat' dir='ltr'>inlita,</span> <span class='ocrx_word' id='word_1_86' title='bbox 879 690 1109 741; x_wconf 89' lang='lat' dir='ltr'>accepisse,</span> <span class='ocrx_word' id='word_1_87' title='bbox 1133 690 1273 730; x_wconf 89' lang='lat' dir='ltr'>literas</span> <span class='ocrx_word' id='word_1_88' title='bbox 1292 690 1331 729; x_wconf 89' lang='lat' dir='ltr'>in</span> <span class='ocrx_word' id='word_1_89' title='bbox 1355 691 1512 740; x_wconf 88' lang='lat' dir='ltr'>lignum</span> 
     </span>
     <span class='ocr_line' id='line_1_12' title="bbox 79 743 1511 798; baseline 0 -11"><span class='ocrx_word' id='word_1_90' title='bbox 79 743 315 797; x_wconf 83' lang='lat' dir='ltr'>incidisse,</span> <span class='ocrx_word' id='word_1_91' title='bbox 349 754 499 798; x_wconf 87' lang='lat' dir='ltr'>postea</span> <span class='ocrx_word' id='word_1_92' title='bbox 528 748 712 795; x_wconf 89' lang='lat' dir='ltr'>tabulas,</span> <span class='ocrx_word' id='word_1_93' title='bbox 743 747 803 787; x_wconf 91' lang='lat' dir='ltr'>uti</span> <span class='ocrx_word' id='word_1_94' title='bbox 829 747 998 786; x_wconf 91' lang='lat' dir='ltr'>solitum</span> <span class='ocrx_word' id='word_1_95' title='bbox 1030 752 1113 795; x_wconf 90' lang='lat' dir='ltr'>est,</span> <span class='ocrx_word' id='word_1_96' title='bbox 1147 758 1243 786; x_wconf 86' lang='lat' dir='ltr'>cera</span> <span class='ocrx_word' id='word_1_97' title='bbox 1273 747 1511 787; x_wconf 87' lang='lat' dir='ltr'>conleuisse</span> 
     </span>
     <span class='ocr_line' id='line_1_13' title="bbox 97 803 1512 856; baseline 0 -12"><span class='ocrx_word' id='word_1_98' title='bbox 97 816 258 856; x_wconf 90' lang='lat' dir='ltr'>easque</span> <span class='ocrx_word' id='word_1_99' title='bbox 276 805 452 854; x_wconf 90' lang='lat' dir='ltr'>tabulas,</span> <span class='ocrx_word' id='word_1_100' title='bbox 482 810 693 855; x_wconf 86' lang='lat' dir='ltr'>tamquam</span> <span class='ocrx_word' id='word_1_101' title='bbox 714 816 798 844; x_wconf 92' lang='lat' dir='ltr'>non</span> <span class='ocrx_word' id='word_1_102' title='bbox 822 803 1013 854; x_wconf 86' lang='lat' dir='ltr'>scriptas,</span> <span class='ocrx_word' id='word_1_103' title='bbox 1035 804 1100 843; x_wconf 89' lang='lat' dir='ltr'>cui</span> <span class='ocrx_word' id='word_1_104' title='bbox 1125 805 1329 843; x_wconf 79' lang='lat' dir='ltr'>facturum</span> <span class='ocrx_word' id='word_1_105' title='bbox 1352 804 1393 843; x_wconf 92' lang='lat' dir='ltr'>id</span> <span class='ocrx_word' id='word_1_106' title='bbox 1416 815 1512 854; x_wconf 90' lang='lat' dir='ltr'>pro-</span> 
     </span>
     <span class='ocr_line' id='line_1_14' title="bbox 97 860 1512 911; baseline 0 -11"><span class='ocrx_word' id='word_1_107' title='bbox 97 861 287 908; x_wconf 84' lang='lat' dir='ltr'>miserat,</span> <span class='ocrx_word' id='word_1_108' title='bbox 319 862 508 910; x_wconf 81' lang='lat' dir='ltr'>misisse3</span> <span class='ocrx_word' id='word_1_109' title='bbox 550 872 644 901; x_wconf 89' lang='lat' dir='ltr'>eum</span> <span class='ocrx_word' id='word_1_110' title='bbox 675 861 826 900; x_wconf 90' lang='lat' dir='ltr'>deinde</span> <span class='ocrx_word' id='word_1_111' title='bbox 861 872 999 900; x_wconf 87' lang='lat' dir='ltr'>ceram</span> <span class='ocrx_word' id='word_1_112' title='bbox 1032 861 1245 901; x_wconf 85' lang='lat' dir='ltr'>derasisse</span> <span class='ocrx_word' id='word_1_113' title='bbox 1284 860 1512 911; x_wconf 84' lang='lat' dir='ltr'>literasque</span> 
     </span>
     <span class='ocr_line' id='line_1_15' title="bbox 94 917 822 968; baseline -0.003 -11"><span class='ocrx_word' id='word_1_114' title='bbox 94 917 326 958; x_wconf 86' lang='lat' dir='ltr'>incolumes</span> <span class='ocrx_word' id='word_1_115' title='bbox 348 919 458 968; x_wconf 87' lang='lat' dir='ltr'>ligno</span> <span class='ocrx_word' id='word_1_116' title='bbox 484 918 637 958; x_wconf 89' lang='lat' dir='ltr'>incisas</span> <span class='ocrx_word' id='word_1_117' title='bbox 655 918 822 968; x_wconf 84' lang='lat' dir='ltr'>legisse.</span> 
     </span>
    </p>

    <p class='ocr_par' dir='ltr' id='par_1_3' title="bbox 94 974 1570 1929">
     <span class='ocr_line' id='line_1_16' title="bbox 181 974 1570 1024; baseline 0.001 -10"><span class='ocrx_word' id='word_1_118' title='bbox 181 976 257 1015; x_wconf 91' lang='lat' dir='ltr'>Est</span> <span class='ocrx_word' id='word_1_119' title='bbox 278 980 319 1015; x_wconf 90' lang='lat' dir='ltr'>et</span> <span class='ocrx_word' id='word_1_120' title='bbox 334 975 412 1014; x_wconf 87' lang='lat' dir='ltr'>alia</span> <span class='ocrx_word' id='word_1_121' title='bbox 431 975 478 1014; x_wconf 92' lang='lat' dir='ltr'>in</span> <span class='ocrx_word' id='word_1_122' title='bbox 505 974 861 1014; x_wconf 87' lang='lat' dir='ltr'>monumentis</span> <span class='ocrx_word' id='word_1_123' title='bbox 881 986 1053 1014; x_wconf 88' lang='lat' dir='ltr'>rerum</span> <span class='ocrx_word' id='word_1_124' title='bbox 1081 975 1398 1013; x_wconf 86' lang='lat' dir='ltr'>Graecarum</span> <span class='ocrx_word' id='word_1_125' title='bbox 1420 979 1570 1024; x_wconf 87' lang='lat' dir='ltr'>pro-18</span> 
     </span>
     <span class='ocr_line' id='line_1_17' title="bbox 96 1030 1511 1082; baseline 0 -12"><span class='ocrx_word' id='word_1_126' title='bbox 96 1032 227 1072; x_wconf 83' lang='lat' dir='ltr'>funda</span> <span class='ocrx_word' id='word_1_127' title='bbox 254 1033 460 1081; x_wconf 89' lang='lat' dir='ltr'>quaedam</span> <span class='ocrx_word' id='word_1_128' title='bbox 491 1037 532 1071; x_wconf 86' lang='lat' dir='ltr'>et</span> <span class='ocrx_word' id='word_1_129' title='bbox 559 1030 823 1082; x_wconf 86' lang='lat' dir='ltr'>inopinabilis</span> <span class='ocrx_word' id='word_1_130' title='bbox 856 1031 1033 1079; x_wconf 85' lang='lat' dir='ltr'>latebra,</span> <span class='ocrx_word' id='word_1_131' title='bbox 1065 1032 1283 1071; x_wconf 83' lang='lat' dir='ltr'>barbarico</span> <span class='ocrx_word' id='word_1_132' title='bbox 1319 1036 1414 1070; x_wconf 87' lang='lat' dir='ltr'>astu</span> <span class='ocrx_word' id='word_1_133' title='bbox 1442 1042 1511 1070; x_wconf 86' lang='lat' dir='ltr'>ex-</span> 
     </span>
     <span class='ocr_line' id='line_1_18' title="bbox 96 1087 1568 1138; baseline 0.001 -10"><span class='ocrx_word' id='word_1_134' title='bbox 96 1087 292 1138; x_wconf 89' lang='lat' dir='ltr'>cogitata.</span> <span class='ocrx_word' id='word_1_135' title='bbox 355 1089 568 1128; x_wconf 86' lang='lat' dir='ltr'>Histiaeus</span> <span class='ocrx_word' id='word_1_136' title='bbox 591 1088 759 1128; x_wconf 89' lang='lat' dir='ltr'>nomine</span> <span class='ocrx_word' id='word_1_137' title='bbox 786 1087 881 1135; x_wconf 79' lang='lat' dir='ltr'>fuit,</span> <span class='ocrx_word' id='word_1_138' title='bbox 915 1089 1009 1127; x_wconf 93' lang='lat' dir='ltr'>loco</span> <span class='ocrx_word' id='word_1_139' title='bbox 1044 1093 1166 1127; x_wconf 90' lang='lat' dir='ltr'>natus</span> <span class='ocrx_word' id='word_1_140' title='bbox 1202 1088 1240 1126; x_wconf 92' lang='lat' dir='ltr'>in</span> <span class='ocrx_word' id='word_1_141' title='bbox 1273 1092 1385 1127; x_wconf 89' lang='lat' dir='ltr'>terra</span> <span class='ocrx_word' id='word_1_142' title='bbox 1409 1088 1568 1129; x_wconf 87' lang='lat' dir='ltr'>Asia19</span> 
     </span>
     <span class='ocr_line' id='line_1_19' title="bbox 97 1143 1570 1194; baseline -0.001 -11"><span class='ocrx_word' id='word_1_143' title='bbox 97 1156 180 1184; x_wconf 92' lang='lat' dir='ltr'>non</span> <span class='ocrx_word' id='word_1_144' title='bbox 223 1145 407 1194; x_wconf 82' lang='lat' dir='ltr'>ignobili.</span> <span class='ocrx_word' id='word_1_145' title='bbox 482 1144 628 1184; x_wconf 90' lang='lat' dir='ltr'>Asiam</span> <span class='ocrx_word' id='word_1_146' title='bbox 668 1150 768 1184; x_wconf 88' lang='lat' dir='ltr'>tunc</span> <span class='ocrx_word' id='word_1_147' title='bbox 809 1144 979 1183; x_wconf 89' lang='lat' dir='ltr'>tenebat</span> <span class='ocrx_word' id='word_1_148' title='bbox 1020 1143 1193 1194; x_wconf 88' lang='lat' dir='ltr'>imperio</span> <span class='ocrx_word' id='word_1_149' title='bbox 1233 1155 1310 1183; x_wconf 79' lang='lat' dir='ltr'>rex</span> <span class='ocrx_word' id='word_1_150' title='bbox 1349 1144 1570 1184; x_wconf 81' lang='lat' dir='ltr'>Darius.2o</span> 
     </span>
     <span class='ocr_line' id='line_1_20' title="bbox 96 1200 1567 1250; baseline 0.001 -10"><span class='ocrx_word' id='word_1_151' title='bbox 96 1202 136 1241; x_wconf 90' lang='lat' dir='ltr'>Is</span> <span class='ocrx_word' id='word_1_152' title='bbox 157 1200 382 1249; x_wconf 87' lang='lat' dir='ltr'>Histiaeus,</span> <span class='ocrx_word' id='word_1_153' title='bbox 415 1212 507 1240; x_wconf 88' lang='lat' dir='ltr'>cum</span> <span class='ocrx_word' id='word_1_154' title='bbox 529 1201 569 1240; x_wconf 91' lang='lat' dir='ltr'>in</span> <span class='ocrx_word' id='word_1_155' title='bbox 586 1201 725 1241; x_wconf 88' lang='lat' dir='ltr'>Persis</span> <span class='ocrx_word' id='word_1_156' title='bbox 745 1201 857 1250; x_wconf 88' lang='lat' dir='ltr'>apud</span> <span class='ocrx_word' id='word_1_157' title='bbox 882 1200 1049 1239; x_wconf 83' lang='lat' dir='ltr'>Darium</span> <span class='ocrx_word' id='word_1_158' title='bbox 1075 1206 1209 1248; x_wconf 83' lang='lat' dir='ltr'>esset,</span> <span class='ocrx_word' id='word_1_159' title='bbox 1239 1201 1567 1250; x_wconf 85' lang='lat' dir='ltr'>Aristagorae2l</span> 
     </span>
     <span class='ocr_line' id='line_1_21' title="bbox 97 1257 1510 1307; baseline 0 -10"><span class='ocrx_word' id='word_1_160' title='bbox 97 1257 276 1307; x_wconf 88' lang='lat' dir='ltr'>cuipiam</span> <span class='ocrx_word' id='word_1_161' title='bbox 316 1269 384 1297; x_wconf 91' lang='lat' dir='ltr'>res</span> <span class='ocrx_word' id='word_1_162' title='bbox 430 1258 634 1307; x_wconf 89' lang='lat' dir='ltr'>quasdam</span> <span class='ocrx_word' id='word_1_163' title='bbox 682 1259 867 1297; x_wconf 88' lang='lat' dir='ltr'>occultas</span> <span class='ocrx_word' id='word_1_164' title='bbox 916 1257 1105 1296; x_wconf 88' lang='lat' dir='ltr'>nuntiare</span> <span class='ocrx_word' id='word_1_165' title='bbox 1153 1257 1304 1297; x_wconf 86' lang='lat' dir='ltr'>furtiuo</span> <span class='ocrx_word' id='word_1_166' title='bbox 1353 1258 1510 1307; x_wconf 89' lang='lat' dir='ltr'>scripto</span> 
     </span>
     <span class='ocr_line' id='line_1_22' title="bbox 96 1314 1570 1364; baseline 0.001 -11"><span class='ocrx_word' id='word_1_167' title='bbox 96 1315 279 1354; x_wconf 90' lang='lat' dir='ltr'>uolebat.</span> <span class='ocrx_word' id='word_1_168' title='bbox 315 1314 647 1354; x_wconf 90' lang='lat' dir='ltr'>Comminiscitur</span> <span class='ocrx_word' id='word_1_169' title='bbox 666 1319 857 1364; x_wconf 90' lang='lat' dir='ltr'>opertum</span> <span class='ocrx_word' id='word_1_170' title='bbox 877 1314 958 1352; x_wconf 88' lang='lat' dir='ltr'>hoc</span> <span class='ocrx_word' id='word_1_171' title='bbox 981 1314 1191 1353; x_wconf 87' lang='lat' dir='ltr'>literarum</span> <span class='ocrx_word' id='word_1_172' title='bbox 1210 1314 1570 1356; x_wconf 78' lang='lat' dir='ltr'>admirandum.22</span> 
     </span>
     <span class='ocr_line' id='line_1_23' title="bbox 96 1370 1510 1420; baseline 0 -10"><span class='ocrx_word' id='word_1_173' title='bbox 96 1370 231 1410; x_wconf 87' lang='lat' dir='ltr'>Seruo</span> <span class='ocrx_word' id='word_1_174' title='bbox 264 1381 364 1418; x_wconf 90' lang='lat' dir='ltr'>suo,</span> <span class='ocrx_word' id='word_1_175' title='bbox 398 1370 467 1410; x_wconf 91' lang='lat' dir='ltr'>diu</span> <span class='ocrx_word' id='word_1_176' title='bbox 494 1371 642 1410; x_wconf 91' lang='lat' dir='ltr'>oculos</span> <span class='ocrx_word' id='word_1_177' title='bbox 665 1381 817 1420; x_wconf 86' lang='lat' dir='ltr'>aegros</span> <span class='ocrx_word' id='word_1_178' title='bbox 852 1370 1038 1418; x_wconf 85' lang='lat' dir='ltr'>habenti,</span> <span class='ocrx_word' id='word_1_179' title='bbox 1073 1370 1267 1420; x_wconf 86' lang='lat' dir='ltr'>capillum</span> <span class='ocrx_word' id='word_1_180' title='bbox 1299 1383 1351 1410; x_wconf 82' lang='lat' dir='ltr'>ex</span> <span class='ocrx_word' id='word_1_181' title='bbox 1375 1371 1510 1420; x_wconf 89' lang='lat' dir='ltr'>capite</span> 
     </span>
     <span class='ocr_line' id='line_1_24' title="bbox 97 1426 1510 1477; baseline 0.001 -11"><span class='ocrx_word' id='word_1_182' title='bbox 97 1426 209 1467; x_wconf 90' lang='lat' dir='ltr'>omni</span> <span class='ocrx_word' id='word_1_183' title='bbox 234 1431 446 1476; x_wconf 89' lang='lat' dir='ltr'>tamquam</span> <span class='ocrx_word' id='word_1_184' title='bbox 469 1427 664 1467; x_wconf 90' lang='lat' dir='ltr'>medendi</span> <span class='ocrx_word' id='word_1_185' title='bbox 685 1426 817 1477; x_wconf 88' lang='lat' dir='ltr'>gratia</span> <span class='ocrx_word' id='word_1_186' title='bbox 835 1427 996 1466; x_wconf 87' lang='lat' dir='ltr'>deradit</span> <span class='ocrx_word' id='word_1_187' title='bbox 1019 1433 1227 1477; x_wconf 85' lang='lat' dir='ltr'>caputque</span> <span class='ocrx_word' id='word_1_188' title='bbox 1250 1428 1339 1467; x_wconf 89' lang='lat' dir='ltr'>eius</span> <span class='ocrx_word' id='word_1_189' title='bbox 1357 1429 1450 1467; x_wconf 89' lang='lat' dir='ltr'>leue</span> <span class='ocrx_word' id='word_1_190' title='bbox 1471 1428 1510 1467; x_wconf 90' lang='lat' dir='ltr'>in</span> 
     </span>
     <span class='ocr_line' id='line_1_25' title="bbox 95 1483 1508 1534; baseline 0.001 -12"><span class='ocrx_word' id='word_1_191' title='bbox 95 1483 309 1523; x_wconf 86' lang='lat' dir='ltr'>literarum</span> <span class='ocrx_word' id='word_1_192' title='bbox 350 1484 507 1524; x_wconf 88' lang='lat' dir='ltr'>formas</span> <span class='ocrx_word' id='word_1_193' title='bbox 546 1484 802 1534; x_wconf 80' lang='lat' dir='ltr'>compungit.</span> <span class='ocrx_word' id='word_1_194' title='bbox 864 1484 937 1523; x_wconf 92' lang='lat' dir='ltr'>His</span> <span class='ocrx_word' id='word_1_195' title='bbox 975 1484 1125 1531; x_wconf 83' lang='lat' dir='ltr'>literis,</span> <span class='ocrx_word' id='word_1_196' title='bbox 1159 1496 1268 1534; x_wconf 90' lang='lat' dir='ltr'>quae</span> <span class='ocrx_word' id='word_1_197' title='bbox 1303 1486 1508 1532; x_wconf 90' lang='lat' dir='ltr'>uoluerat,</span> 
     </span>
     <span class='ocr_line' id='line_1_26' title="bbox 94 1539 1570 1591; baseline 0.001 -11"><span class='ocrx_word' id='word_1_198' title='bbox 94 1539 360 1591; x_wconf 88' lang='lat' dir='ltr'>perscripsit,</span> <span class='ocrx_word' id='word_1_199' title='bbox 394 1541 604 1580; x_wconf 90' lang='lat' dir='ltr'>hominem</span> <span class='ocrx_word' id='word_1_200' title='bbox 637 1546 811 1591; x_wconf 87' lang='lat' dir='ltr'>postea,</span> <span class='ocrx_word' id='word_1_201' title='bbox 847 1541 986 1590; x_wconf 91' lang='lat' dir='ltr'>quoad</span> <span class='ocrx_word' id='word_1_202' title='bbox 1027 1541 1199 1591; x_wconf 82' lang='lat' dir='ltr'>capillus</span> <span class='ocrx_word' id='word_1_203' title='bbox 1234 1542 1570 1589; x_wconf 78' lang='lat' dir='ltr'>adolesceret‚23</span> 
     </span>
     <span class='ocr_line' id='line_1_27' title="bbox 95 1592 1570 1647; baseline 0.002 -11"><span class='ocrx_word' id='word_1_204' title='bbox 95 1598 223 1637; x_wconf 90' lang='lat' dir='ltr'>domo</span> <span class='ocrx_word' id='word_1_205' title='bbox 249 1597 463 1636; x_wconf 91' lang='lat' dir='ltr'>contiuuit.</span> <span class='ocrx_word' id='word_1_206' title='bbox 507 1597 589 1636; x_wconf 88' lang='lat' dir='ltr'>Vbi</span> <span class='ocrx_word' id='word_1_207' title='bbox 605 1592 646 1636; x_wconf 92' lang='lat' dir='ltr'>id</span> <span class='ocrx_word' id='word_1_208' title='bbox 673 1599 825 1637; x_wconf 83' lang='lat' dir='ltr'>factum</span> <span class='ocrx_word' id='word_1_209' title='bbox 849 1603 925 1642; x_wconf 82' lang='lat' dir='ltr'>est,</span> <span class='ocrx_word' id='word_1_210' title='bbox 950 1598 1009 1637; x_wconf 92' lang='lat' dir='ltr'>ire</span> <span class='ocrx_word' id='word_1_211' title='bbox 1028 1598 1079 1636; x_wconf 89' lang='lat' dir='ltr'>ad</span> <span class='ocrx_word' id='word_1_212' title='bbox 1097 1597 1372 1647; x_wconf 84' lang='lat' dir='ltr'>Aristagoran</span> <span class='ocrx_word' id='word_1_213' title='bbox 1400 1598 1570 1639; x_wconf 69' lang='lat' dir='ltr'>iubet24</span> 
     </span>
     <span class='ocr_line' id='line_1_28' title="bbox 95 1653 1569 1703; baseline 0.001 -10"><span class='ocrx_word' id='word_1_214' title='bbox 95 1658 138 1693; x_wconf 90' lang='lat' dir='ltr'>et</span> <span class='ocrx_word' id='word_1_215' title='bbox 163 1658 276 1693; x_wconf 68' lang='lat' dir='ltr'>‘cum</span> <span class='ocrx_word' id='word_1_216' title='bbox 301 1654 353 1692; x_wconf 88' lang='lat' dir='ltr'>ad</span> <span class='ocrx_word' id='word_1_217' title='bbox 379 1656 503 1702; x_wconf 82' lang='lat' dir='ltr'>eum&#39;,</span> <span class='ocrx_word' id='word_1_218' title='bbox 530 1653 681 1703; x_wconf 92' lang='lat' dir='ltr'>inquit,</span> <span class='ocrx_word' id='word_1_219' title='bbox 713 1654 919 1701; x_wconf 73' lang='lat' dir='ltr'>eueneris,</span> <span class='ocrx_word' id='word_1_220' title='bbox 952 1655 1177 1693; x_wconf 82' lang='lat' dir='ltr'>mandasse</span> <span class='ocrx_word' id='word_1_221' title='bbox 1203 1666 1267 1692; x_wconf 90' lang='lat' dir='ltr'>me</span> <span class='ocrx_word' id='word_1_222' title='bbox 1291 1653 1436 1702; x_wconf 87' lang='lat' dir='ltr'>dicito,</span> <span class='ocrx_word' id='word_1_223' title='bbox 1470 1659 1569 1696; x_wconf 84' lang='lat' dir='ltr'>ut25</span> 
     </span>
     <span class='ocr_line' id='line_1_29' title="bbox 97 1710 1569 1761; baseline 0.003 -12"><span class='ocrx_word' id='word_1_224' title='bbox 97 1715 224 1761; x_wconf 89' lang='lat' dir='ltr'>caput</span> <span class='ocrx_word' id='word_1_225' title='bbox 239 1715 356 1750; x_wconf 92' lang='lat' dir='ltr'>tuum</span> <span class='ocrx_word' id='word_1_226' title='bbox 375 1710 482 1750; x_wconf 91' lang='lat' dir='ltr'>sicut</span> <span class='ocrx_word' id='word_1_227' title='bbox 503 1722 637 1760; x_wconf 88' lang='lat' dir='ltr'>nuper</span> <span class='ocrx_word' id='word_1_228' title='bbox 663 1715 830 1760; x_wconf 83' lang='lat' dir='ltr'>egomet</span> <span class='ocrx_word' id='word_1_229' title='bbox 848 1711 948 1759; x_wconf 82' lang='lat' dir='ltr'>feci,</span> <span class='ocrx_word' id='word_1_230' title='bbox 983 1711 1195 1750; x_wconf 89' lang='lat' dir='ltr'>deradat’.</span> <span class='ocrx_word' id='word_1_231' title='bbox 1259 1710 1440 1759; x_wconf 85' lang='lat' dir='ltr'>Seruus,</span> <span class='ocrx_word' id='word_1_232' title='bbox 1469 1716 1569 1754; x_wconf 83' lang='lat' dir='ltr'>ut26</span> 
     </span>
     <span class='ocr_line' id='line_1_30' title="bbox 95 1766 1510 1817; baseline 0.001 -11"><span class='ocrx_word' id='word_1_233' title='bbox 95 1766 344 1817; x_wconf 90' lang='lat' dir='ltr'>imperatum</span> <span class='ocrx_word' id='word_1_234' title='bbox 370 1772 470 1815; x_wconf 83' lang='lat' dir='ltr'>erat,</span> <span class='ocrx_word' id='word_1_235' title='bbox 501 1768 553 1806; x_wconf 89' lang='lat' dir='ltr'>ad</span> <span class='ocrx_word' id='word_1_236' title='bbox 570 1767 844 1817; x_wconf 85' lang='lat' dir='ltr'>Aristagoran</span> <span class='ocrx_word' id='word_1_237' title='bbox 872 1767 986 1806; x_wconf 89' lang='lat' dir='ltr'>uenit</span> <span class='ocrx_word' id='word_1_238' title='bbox 1007 1768 1333 1817; x_wconf 87' lang='lat' dir='ltr'>mandatumque</span> <span class='ocrx_word' id='word_1_239' title='bbox 1355 1768 1510 1807; x_wconf 88' lang='lat' dir='ltr'>domini</span> 
     </span>
     <span class='ocr_line' id='line_1_31' title="bbox 95 1824 1568 1873; baseline 0.003 -10"><span class='ocrx_word' id='word_1_240' title='bbox 95 1824 243 1863; x_wconf 84' lang='lat' dir='ltr'>adfert.</span> <span class='ocrx_word' id='word_1_241' title='bbox 282 1825 422 1873; x_wconf 89' lang='lat' dir='ltr'>Atque</span> <span class='ocrx_word' id='word_1_242' title='bbox 438 1824 505 1863; x_wconf 90' lang='lat' dir='ltr'>ille</span> <span class='ocrx_word' id='word_1_243' title='bbox 526 1824 567 1863; x_wconf 93' lang='lat' dir='ltr'>id</span> <span class='ocrx_word' id='word_1_244' title='bbox 592 1835 675 1863; x_wconf 88' lang='lat' dir='ltr'>non</span> <span class='ocrx_word' id='word_1_245' title='bbox 700 1835 795 1863; x_wconf 80' lang='lat' dir='ltr'>esse</span> <span class='ocrx_word' id='word_1_246' title='bbox 822 1825 975 1864; x_wconf 86' lang='lat' dir='ltr'>frustra</span> <span class='ocrx_word' id='word_1_247' title='bbox 1001 1829 1128 1871; x_wconf 88' lang='lat' dir='ltr'>ratus,</span> <span class='ocrx_word' id='word_1_248' title='bbox 1150 1824 1264 1873; x_wconf 92' lang='lat' dir='ltr'>quod</span> <span class='ocrx_word' id='word_1_249' title='bbox 1292 1829 1380 1863; x_wconf 90' lang='lat' dir='ltr'>erat</span> <span class='ocrx_word' id='word_1_250' title='bbox 1401 1832 1568 1867; x_wconf 84' lang='lat' dir='ltr'>man-27</span> 
     </span>
     <span class='ocr_line' id='line_1_32' title="bbox 95 1880 1023 1929; baseline -0.001 -10"><span class='ocrx_word' id='word_1_251' title='bbox 95 1880 259 1928; x_wconf 88' lang='lat' dir='ltr'>datum,</span> <span class='ocrx_word' id='word_1_252' title='bbox 292 1881 401 1920; x_wconf 80' lang='lat' dir='ltr'>fecit.</span> <span class='ocrx_word' id='word_1_253' title='bbox 463 1882 523 1921; x_wconf 91' lang='lat' dir='ltr'>Ita</span> <span class='ocrx_word' id='word_1_254' title='bbox 541 1881 686 1919; x_wconf 92' lang='lat' dir='ltr'>literae</span> <span class='ocrx_word' id='word_1_255' title='bbox 710 1882 894 1929; x_wconf 85' lang='lat' dir='ltr'>perlatae</span> <span class='ocrx_word' id='word_1_256' title='bbox 915 1886 1023 1920; x_wconf 90' lang='lat' dir='ltr'>sunt.</span> 
     </span>
    </p>
   </div>
   <div class='ocr_carea' id='block_1_3' title="bbox 775 1967 826 2005">
    <p class='ocr_par' dir='ltr' id='par_1_4' title="bbox 775 1967 826 2005">
     <span class='ocr_line' id='line_1_33' title="bbox 775 1967 826 2005; baseline 0 0"><span class='ocrx_word' id='word_1_257' title='bbox 775 1967 826 2005; x_wconf 88' lang='lat' dir='ltr'>X.</span> 
     </span>
    </p>
   </div>
   <div class='ocr_carea' id='block_1_4' title="bbox 95 2024 1512 2187">
    <p class='ocr_par' dir='ltr' id='par_1_5' title="bbox 95 2024 1512 2187">
     <span class='ocr_line' id='line_1_34' title="bbox 95 2024 1512 2073; baseline 0.003 -13"><span class='ocrx_word' id='word_1_258' title='bbox 95 2024 196 2070; x_wconf 79' lang='lat' dir='ltr'>Quid</span> <span class='ocrx_word' id='word_1_259' title='bbox 215 2024 261 2060; x_wconf 90' lang='lat' dir='ltr'>dc</span> <span class='ocrx_word' id='word_1_260' title='bbox 284 2026 458 2062; x_wconf 87' lang='lat' dir='ltr'>uersibus</span> <span class='ocrx_word' id='word_1_261' title='bbox 479 2026 640 2073; x_wconf 86' lang='lat' dir='ltr'>Vergilii</span> <span class='ocrx_word' id='word_1_262' title='bbox 660 2026 870 2062; x_wconf 85' lang='lat' dir='ltr'>Fauorinus</span> <span class='ocrx_word' id='word_1_263' title='bbox 889 2027 1134 2071; x_wconf 71' lang='lat' dir='ltr'>existimarit,</span> <span class='ocrx_word' id='word_1_264' title='bbox 1155 2029 1288 2073; x_wconf 86' lang='lat' dir='ltr'>quibus</span> <span class='ocrx_word' id='word_1_265' title='bbox 1312 2029 1349 2063; x_wconf 88' lang='lat' dir='ltr'>in</span> <span class='ocrx_word' id='word_1_266' title='bbox 1369 2028 1512 2064; x_wconf 80' lang='lat' dir='ltr'>descri-</span> 
     </span>
     <span class='ocr_line' id='line_1_35' title="bbox 153 2081 1508 2130; baseline 0.003 -13"><span class='ocrx_word' id='word_1_267' title='bbox 153 2081 278 2117; x_wconf 86' lang='lat' dir='ltr'>benda</span> <span class='ocrx_word' id='word_1_268' title='bbox 303 2081 504 2129; x_wconf 86' lang='lat' dir='ltr'>flagrantia</span> <span class='ocrx_word' id='word_1_269' title='bbox 526 2085 663 2118; x_wconf 86' lang='lat' dir='ltr'>montis</span> <span class='ocrx_word' id='word_1_270' title='bbox 691 2084 835 2118; x_wconf 87' lang='lat' dir='ltr'>Aetnae</span> <span class='ocrx_word' id='word_1_271' title='bbox 853 2083 1057 2119; x_wconf 84' lang='lat' dir='ltr'>Pindarum</span> <span class='ocrx_word' id='word_1_272' title='bbox 1080 2088 1231 2130; x_wconf 87' lang='lat' dir='ltr'>poetam</span> <span class='ocrx_word' id='word_1_273' title='bbox 1257 2088 1408 2120; x_wconf 84' lang='lat' dir='ltr'>seculus</span> <span class='ocrx_word' id='word_1_274' title='bbox 1431 2089 1508 2130; x_wconf 84' lang='lat' dir='ltr'>est;</span> 
     </span>
     <span class='ocr_line' id='line_1_36' title="bbox 154 2139 1509 2187; baseline 0.004 -15"><span class='ocrx_word' id='word_1_275' title='bbox 154 2139 378 2185; x_wconf 84' lang='lat' dir='ltr'>conlataque</span> <span class='ocrx_word' id='word_1_276' title='bbox 401 2140 447 2175; x_wconf 87' lang='lat' dir='ltr'>ab</span> <span class='ocrx_word' id='word_1_277' title='bbox 469 2150 514 2174; x_wconf 89' lang='lat' dir='ltr'>eo</span> <span class='ocrx_word' id='word_1_278' title='bbox 534 2151 648 2186; x_wconf 86' lang='lat' dir='ltr'>super</span> <span class='ocrx_word' id='word_1_279' title='bbox 670 2140 803 2175; x_wconf 83' lang='lat' dir='ltr'>eadem</span> <span class='ocrx_word' id='word_1_280' title='bbox 820 2151 859 2174; x_wconf 90' lang='lat' dir='ltr'>re</span> <span class='ocrx_word' id='word_1_281' title='bbox 878 2141 1071 2187; x_wconf 81' lang='lat' dir='ltr'>utriusque</span> <span class='ocrx_word' id='word_1_282' title='bbox 1095 2141 1263 2176; x_wconf 87' lang='lat' dir='ltr'>earmina</span> <span class='ocrx_word' id='word_1_283' title='bbox 1280 2144 1315 2176; x_wconf 81' lang='lat' dir='ltr'>et</span> <span class='ocrx_word' id='word_1_284' title='bbox 1331 2140 1509 2178; x_wconf 86' lang='lat' dir='ltr'>iudicata.</span> 
     </span>
    </p>
   </div>
   <div class='ocr_carea' id='block_1_5' title="bbox 97 2216 1543 2327">
    <p class='ocr_par' dir='ltr' id='par_1_6' title="bbox 97 2216 1543 2327">
     <span class='ocr_line' id='line_1_37' title="bbox 181 2216 1543 2269; baseline 0.003 -13"><span class='ocrx_word' id='word_1_285' title='bbox 181 2216 493 2258; x_wconf 87' lang='lat' dir='ltr'>Fauorinum</span> <span class='ocrx_word' id='word_1_286' title='bbox 513 2218 824 2269; x_wconf 88' lang='lat' dir='ltr'>philosophum,</span> <span class='ocrx_word' id='word_1_287' title='bbox 849 2231 940 2260; x_wconf 89' lang='lat' dir='ltr'>curn</span> <span class='ocrx_word' id='word_1_288' title='bbox 961 2220 1000 2259; x_wconf 91' lang='lat' dir='ltr'>in</span> <span class='ocrx_word' id='word_1_289' title='bbox 1019 2220 1196 2269; x_wconf 90' lang='lat' dir='ltr'>hospitis</span> <span class='ocrx_word' id='word_1_290' title='bbox 1219 2219 1283 2259; x_wconf 88' lang='lat' dir='ltr'>sui</span> <span class='ocrx_word' id='word_1_291' title='bbox 1299 2220 1508 2260; x_wconf 87' lang='lat' dir='ltr'>Antiatem</span> <span class='ocrx_word' id='word_1_292' title='bbox 1527 2227 1543 2260; x_wconf 89' lang='lat'><strong>1</strong></span> 
     </span>
     <span class='ocr_line' id='line_1_38' title="bbox 97 2271 1510 2327; baseline 0.004 -16"><span class='ocrx_word' id='word_1_293' title='bbox 97 2271 235 2313; x_wconf 89' lang='lat' dir='ltr'>uillam</span> <span class='ocrx_word' id='word_1_294' title='bbox 266 2279 386 2314; x_wconf 89' lang='lat' dir='ltr'>aestu</span> <span class='ocrx_word' id='word_1_295' title='bbox 412 2275 508 2315; x_wconf 90' lang='lat' dir='ltr'>anni</span> <span class='ocrx_word' id='word_1_296' title='bbox 547 2275 833 2316; x_wconf 86' lang='lat' dir='ltr'>concessisset</span> <span class='ocrx_word' id='word_1_297' title='bbox 869 2289 1033 2327; x_wconf 91' lang='lat' dir='ltr'>nosque</span> <span class='ocrx_word' id='word_1_298' title='bbox 1064 2278 1118 2316; x_wconf 88' lang='lat' dir='ltr'>ad</span> <span class='ocrx_word' id='word_1_299' title='bbox 1155 2289 1249 2317; x_wconf 91' lang='lat' dir='ltr'>eum</span> <span class='ocrx_word' id='word_1_300' title='bbox 1280 2276 1510 2316; x_wconf 87' lang='lat' dir='ltr'>uidendum</span> 
     </span>
    </p>
   </div>
   <div class='ocr_carea' id='block_1_6' title="bbox 407 2411 428 2427">
    <p class='ocr_par' dir='ltr' id='par_1_7' title="bbox 407 2411 428 2427">
     <span class='ocr_line' id='line_1_39' title="bbox 407 2411 428 2427; baseline 0 -5"><span class='ocrx_word' id='word_1_301' title='bbox 407 2411 428 2427; x_wconf 57' lang='grc' dir='ltr'>ς.</span> 
     </span>
    </p>
   </div>
  </div>
 </body>
</html>
