1619 2476
155 38 211 79 64
620 66 624 79 ,
712 37 739 76 Ι.
758 48 895 76 xv1111.
916 48 986 76 xx.

157 154 210 192 ad
232 151 496 201 Tarquinium
521 150 754 199 Superbum
779 161 921 199 regem
943 148 1052 197 adiit,
1077 159 1230 188 nouem
1251 146 1380 188 libros
1405 148 1558 197 ferens,
1605 171 1609 187 ς

160 221 267 259 quos
294 220 389 247 esse
409 207 571 246 dicebat
589 207 729 247 diuina
754 208 923 246 oracula
935 219 944 254 ;
964 217 1039 246 eos
1057 205 1165 245 uelle
1183 204 1284 244 dixit
1300 205 1557 244 uenundare.
1606 226 1607 229 =

119 272 141 308 3
158 264 403 313 Tarquinius
430 263 606 313 pretium
630 267 900 314 percontatus
925 267 1001 302 cst.
1063 260 1210 301 Mulier
1240 260 1407 300 nimium
1434 265 1559 309 atque
1609 295 1612 302 .

119 323 390 364 4imnensum
407 321 603 371 poposcit
614 334 624 368 3
658 332 752 368 rex,
787 319 906 369 quasi
923 330 1028 358 anus
1048 322 1182 358 aetate
1207 317 1430 368 desiperet,
1455 316 1560 356 deri-
1606 319 1608 322 ’

121 387 141 419 5
159 379 223 418 sit.
285 379 387 416 Tum
412 377 479 415 illa
502 378 683 417 foculum
708 388 848 416 coram
873 387 964 415 cum
987 375 1070 424 igni
1092 373 1284 424 apponit,
1323 373 1396 413 tris
1430 373 1558 414 libros

158 448 209 474 cx
231 446 381 474 nouem
396 433 530 473 deurit
547 438 598 481 et,
619 433 768 483 ecquid
791 432 972 481 reliquos
993 443 1068 471 sex
1093 431 1241 470 eodem
1263 430 1396 481 pretio
1422 440 1560 469 emere

120 499 142 533 6
160 493 305 538 uellet,
344 502 485 540 regem
507 489 792 539 interrogauit.
855 489 939 528 Sed
965 488 1070 527 enim
1097 487 1344 537 Tarquinius
1367 487 1408 526 id
1430 487 1558 526 multo

122 554 142 589 7
162 548 248 587 risit
271 547 400 596 magis
425 547 629 596 dixitque,
657 558 779 585 anum
802 545 880 584 iam
905 546 1051 596 procul
1077 544 1201 584 dubio
1227 543 1415 583 delirare.
1474 544 1561 582 Mu-

159 606 233 644 lier
263 604 413 642 ibidem
447 603 583 643 statim
614 604 687 643 tris
723 603 826 642 alios
861 602 987 641 libros
1021 600 1181 640 exussit
1203 605 1328 650 atque
1351 599 1394 639 id
1423 599 1562 650 ipsum

161 662 297 700 denuo
313 661 473 710 placide
492 664 622 708 rogat,
642 665 686 699 ut
708 660 780 698 tris
805 659 987 708 reliquos
1015 658 1164 697 eodem
1187 657 1255 696 illo
1279 656 1412 706 pretio
1438 659 1560 694 emat.

121 718 410 767 &Tarquinius
447 729 518 755 ore
549 717 629 755 ium
666 716 775 755 serio
811 720 935 765 atque
967 714 1185 754 attentiore
1209 713 1344 752 animo
1371 713 1437 760 fit,
1470 723 1562 751 eam

163 775 436 814 constantiam
462 773 839 822 confidentiamque
872 783 954 811 non
981 771 1152 820 insuper
1181 770 1414 808 habendam
1447 768 1562 808 intel-

161 831 278 880 legit,
321 831 447 869 libros
478 831 552 870 tris
592 830 774 879 reliquos
810 833 1017 868 mcrcatur
1052 827 1176 866 nihilo
1216 826 1376 866 minore
1412 824 1561 875 pretio,

123 898 144 933 9
164 899 285 937 quam
312 888 424 936 quod
448 892 535 927 erut
559 887 730 936 petitum
753 898 828 935 pro
858 884 1062 925 omnibus.
1115 883 1200 922 Sed
1229 894 1319 922 eam
1348 881 1564 921 mulierem

162 950 258 983 tunc
282 956 305 982 a
321 944 541 993 Tarquinio
569 943 798 992 digressam
816 946 965 992 postea
988 951 1194 990 nusquam
1216 939 1298 980 loci
1314 939 1446 979 uisam
1466 949 1564 977 con-

106 1013 150 1046 10
166 1001 279 1040 stitit.
341 1001 449 1040 Libri
474 1006 570 1047 tres,
589 1000 628 1038 in
653 999 877 1039 sacrarium
903 997 1070 1045 conditi,
1090 1000 1101 1018 ³
1116 995 1327 1047 Sibyllini'
1354 993 1562 1045 appellati.

107 1070 148 1103 ll
167 1057 233 1096 Ad
257 1069 351 1104 eos,
381 1057 498 1107 quasi
522 1058 574 1095 ad
601 1057 833 1103 oraculum,
865 1053 1177 1104 quindecimuiri
1199 1053 1372 1100 adeunt,
1406 1062 1499 1090 cum
1525 1048 1565 1088 di

165 1114 417 1154 immortales
442 1113 604 1163 publice
630 1111 875 1152 consulendi
897 1116 1005 1151 sunt.

818 1225 906 1264 XX.

165 1307 263 1353 Quid
301 1309 523 1365 geomeliae
557 1294 681 1339 dicant
719 1299 919 1346 ἐπίπεδον,
959 1301 1047 1348 quid
1085 1291 1258 1349 στερεόν,
1298 1300 1388 1348 quid
1426 1291 1566 1347 κύβον,

242 1362 332 1410 quid
362 1352 566 1410 γραμμήν,
607 1361 815 1406 quibusque
854 1360 926 1394 ista
958 1358 1083 1394 onmia
1113 1357 1254 1392 Latinis
1286 1356 1485 1393 vocabulis
1615 1352 1617 1358 '

740 1417 986 1462 appellentur.

127 1517 147 1550 1
221 1503 484 1552 Figurarum‚
505 1511 611 1549 quae
637 1503 647 1520 ⁶
663 1494 883 1551 σχήματα’
909 1502 1212 1548 geometrae
1236 1497 1464 1548 appellant,
1498 1507 1568 1545 ge—

127 1573 150 1606 2
167 1571 268 1600 nera
296 1563 393 1598 sunt
421 1559 524 1605 duo,
559 1558 776 1607 ‘planum’
802 1561 842 1595 et
865 1555 1107 1596 ‘solidumffi
1168 1555 1284 1593 Haec
1312 1552 1392 1603 ipsi
1413 1557 1568 1592 uocant

168 1614 416 1656 <5715mc50v2
435 1611 507 1653 καὶ
525 1608 756 1664 (στερεόν.
791 1614 992 1652 ‘Planum'
1012 1616 1089 1659 est,
1109 1611 1225 1660 quod
1246 1610 1286 1649 in
1310 1611 1414 1648 duas
1438 1608 1567 1658 partis

167 1675 302 1714 solum
328 1672 459 1710 lineas
485 1670 628 1718 habet,
663 1680 744 1718 qua
775 1671 900 1708 latum
933 1673 997 1707 est
1028 1672 1068 1706 et
1101 1678 1183 1717 qua
1207 1667 1396 1715 longum:
1431 1665 1571 1714 qualia

167 1735 264 1770 sunt
284 1729 485 1778 triquetra
507 1733 548 1766 et
564 1726 778 1776 quamam,
805 1737 910 1775 quae
926 1725 965 1764 in
983 1734 1080 1763 area
1096 1723 1211 1770 fiunt,
1231 1722 1321 1762 sine
1339 1721 1568 1760 altitudine.

128 1791 151 1825 3
169 1786 390 1826 <Solidum’
418 1789 494 1831 est,
519 1783 684 1832 quando
710 1794 792 1822 non
815 1780 1093 1831 longitudines
1117 1779 1242 1818 modo
1270 1782 1310 1817 et
1331 1777 1568 1818 latitudines

168 1845 312 1893 planas
336 1840 496 1880 numeri
520 1840 718 1879 lineaium
744 1839 938 1886 efficiunt,
964 1838 1040 1877 sed
1064 1836 1182 1875 etiam
1209 1835 1412 1884 extollunt
1437 1834 1568 1874 altitu-

171 1899 311 1938 dines:
347 1899 490 1947 quales
522 1901 619 1936 sunt
650 1898 778 1935 selme
801 1900 934 1934 metae
956 1893 1205 1942 triangulae,
1233 1894 1374 1941 quas
1388 1889 1568 1955 pyrami·
1589 1922 1591 1926 Α

170 1957 260 1994 das’
286 1956 507 2004 appellant,
527 1954 593 1992 uel
618 1952 753 2001 qualia
775 1956 871 1992 sunt
897 1951 1097 2015 quadlata
1117 1948 1314 2014 undique,
1347 1956 1455 2010 quae
1479 1942 1568 1986 ικυ-
1586 1994 1592 1998 ,

131 2018 154 2052 4
172 2012 292 2065 βους’
310 2011 378 2058 illi,
397 2022 475 2050 nos
501 2008 824 2059 ‘quadrantalia’
843 2008 1029 2047 dicimus.
1085 1998 1283 2057 Kv'ssog’
1305 2004 1413 2043 enim
1438 2008 1502 2043 est
1524 2003 1568 2042 fi-

169 2079 272 2117 guia
296 2078 348 2106 cx
380 2066 490 2106 omni
522 2067 650 2104 lateie
683 2066 902 2115 quadiata:
951 2063 1133 2113 quales
1172 2065 1316 2108 sunt,
1350 2059 1482 2110 inquit
1511 2059 1567 2098 Μ

169 2126 661 2171 Va1r0‚tesse1ae‚
697 2120 957 2171 quibusin
989 2119 1202 2158 alueolo
1238 2116 1466 2164 luditur3
1501 2126 1568 2155 ex

132 2186 153 2220 5
173 2191 270 2230 quo
295 2179 445 2229 ipsae
470 2189 675 2244 quoque
702 2178 1008 2243 appellatae
1033 2167 1251 2227 “κύβοι’.
1313 2174 1358 2212 111
1381 2170 1567 2212 numeris

171 2236 292 2275 etiam
332 2235 514 2275 similitei
532 2228 712 2287 εκύβοᾷ
733 2234 898 2282 dicitui,
941 2244 1033 2272 cum
1072 2242 1194 2271 omne
1230 2231 1337 2270 latus
1379 2228 1570 2269 eiusdem
