1619 2476
169 81 249 123 178
759 83 811 120 V.
843 92 959 120 xvm.

167 200 302 234 tamen
327 193 495 242 proprie
526 204 662 231 rerum
693 192 744 231 sit
769 192 999 240 ‘historia',
1029 193 1176 242 quibus
1206 193 1330 233 rebus
1361 194 1557 243 gerendis

128 259 150 292 2
164 249 390 290 interfuerit
406 249 454 295 is,
473 248 542 297 qui
554 253 712 295 narret3
732 259 906 297 eamque
923 259 1018 288 esse
1037 249 1273 298 opinionem
1284 251 1555 299 quorundam,

165 305 379 344 Verrius
399 305 612 343 Flaccus
636 306 761 342 refert
787 304 834 342 in
858 304 991 344 libro
1017 305 1077 343 de
1109 304 1415 354 significatu
1444 317 1556 345 uer-

166 364 189 400 b
204 372 342 400 orum
371 365 573 408 quarto.
633 362 696 398 Ac
713 371 759 399 se
779 359 942 409 quidem
959 360 1145 400 dubitare
1169 372 1295 411 super
1313 371 1362 399 ea
1377 372 1422 400 re
1446 362 1554 410 dicit,

163 428 293 467 posse
318 421 453 455 autem
485 416 616 456 uideri
638 421 773 465 putat,
805 416 986 455 nonnihil
1011 427 1106 456 esse
1130 416 1299 456 rationis
1324 416 1364 455 in
1396 427 1444 456 ea
1471 417 1555 467 opi·
1598 446 1600 448 -

165 473 307 519 nione,
350 473 462 521 quod
495 470 710 522 (ἱστορίοθ
743 472 898 511 Graece
936 471 1140 521 significet
1178 483 1315 511 rerum
1358 473 1554 522 cognitio-

126 536 148 570 3
165 540 257 568 nem
281 528 573 577 praesentium.
636 527 719 566 Sed
744 539 821 567 nos
841 527 983 567 audire
1007 527 1115 567 soliti
1141 540 1302 575 sumus,
1336 530 1554 567 ‘annales’

127 596 149 625 4
167 584 331 624 omnino
350 583 391 622 id
410 595 523 631 esse,
548 584 659 633 quod
677 583 904 622 ‘historiae'
923 583 1022 631 sint,
1042 584 1267 623 ‘historias'
1286 595 1368 623 non
1387 584 1553 623 omnino

130 649 150 680 5
169 651 263 680 esse
284 640 345 686 id,
377 640 488 688 quod
507 640 723 678 eannales'
743 639 843 678 sint:
872 639 1010 686 sicuti,
1043 640 1155 688 quod
1173 645 1236 679 est
1251 640 1397 687 homo,
1428 639 1469 678 id
1486 651 1553 678 ne-

167 696 349 735 cessario
368 695 516 734 animal
537 706 650 742 esse,
684 696 796 744 quod
820 700 882 734 est
911 695 1078 743 animal,
1110 707 1192 734 non
1220 695 1262 734 id
1292 706 1467 735 necesse
1490 701 1555 734 est
1616 744 1619 746 q

163 752 369 791 hominem
394 762 501 790 esse.

127 816 148 848 6
249 809 308 846 Ita
324 807 562 846 ‘historias’
585 806 749 855 quidem
774 818 868 846 esse
893 806 1004 846 aiunt
1025 818 1162 846 rerum
1178 812 1387 856 gestarum
1402 809 1469 846 uel
1486 818 1553 846 ex-

165 864 413 913 positionem
450 864 516 901 uel
558 863 951 901 demonstrationem
988 864 1055 902 uel
1087 874 1168 912 quo
1200 863 1277 902 alio
1314 863 1479 902 nomine
1512 863 1552 901 id

165 920 384 958 dicendum
402 923 483 965 est,
513 920 716 957 ‘annales’
743 930 842 958 uero
869 930 983 965 esse,
1013 930 1105 958 cum
1129 929 1196 957 res
1214 923 1358 967 gestae
1373 919 1552 968 plurium

165 987 384 1022 annorum,
419 975 640 1014 obseruato
676 974 874 1023 cuiusque
894 974 989 1013 anni
1019 975 1181 1021 ordine,
1213 974 1408 1024 deinceps
1444 985 1552 1014 com-

127 1037 147 1071 7
163 1037 386 1080 ponuntur.
450 1031 547 1070 Cum
570 1042 670 1069 uero
697 1042 779 1069 non
796 1041 871 1079 per
887 1041 1039 1078 annos,
1071 1031 1146 1069 sed
1162 1041 1238 1080 per
1255 1030 1342 1069 dies
1364 1030 1551 1079 singulos
1615 1061 1619 1079 4

163 1098 230 1126 res
248 1093 390 1136 gestae
407 1086 652 1133 scribuntur,
672 1097 718 1124 ea
734 1086 903 1125 historia
914 1086 1070 1125 Graeco
1090 1083 1550 1138 uocabulo‘e'oenpeolg'
1618 1096 1619 1100 ¹

164 1143 328 1189 dicitur,
358 1142 473 1181 cuius
506 1142 692 1180 Latinum
729 1142 1136 1191 interpretamentum
1170 1142 1369 1191 scriptum
1406 1147 1469 1181 est
1502 1142 1550 1180 in

163 1199 297 1238 libro
337 1198 613 1248 Semproni
654 1197 952 1237 Asellionis
988 1198 1179 1248 primo,
1226 1209 1277 1236 ex
1318 1209 1400 1246 quo
1444 1197 1550 1237 libro

162 1256 282 1304 plura
314 1255 440 1293 uerba
473 1253 761 1303 ascripsimus,
794 1258 838 1292 ut
866 1253 986 1293 simul
1016 1253 1187 1301 ibidem,
1215 1253 1313 1303 quid
1333 1253 1424 1304 ipse
1445 1253 1552 1292 inter
1599 1259 1601 1262 ⁴

162 1322 230 1349 res
254 1316 394 1358 gestas
419 1316 459 1349 et
476 1311 644 1348 annales
667 1320 762 1348 esse
786 1309 951 1356 dixerit,
983 1310 1314 1348 ostenderemus.
1584 1354 1587 1355 ⁷

122 1377 145 1411 8
248 1367 433 1405 Verum
473 1365 611 1404 inter
650 1376 760 1411 eos,
800 1365 950 1413 inquit,
996 1365 1081 1414 qui
1124 1366 1343 1403 annales
1387 1364 1551 1404 relin-

166 1433 322 1471 quere
382 1421 710 1467 uoluissent,
770 1425 818 1458 et
875 1431 984 1467 eos,
1040 1420 1125 1469 qui
1171 1431 1256 1459 res
1302 1425 1482 1470 gestas
1526 1431 1550 1459 a

162 1477 408 1517 Romanis
454 1476 794 1526 perscribere
842 1475 1016 1515 conati
1057 1481 1262 1523 essent,
1324 1476 1550 1515 omnium

163 1545 333 1572 rerum
376 1534 474 1572 hoc
523 1531 779 1571 interfuit.
866 1533 1096 1571 Annales
1155 1531 1273 1570 libri
1323 1536 1550 1571 tantum·
1600 1564 1604 1588 ξ

164 1590 314 1629 modo
347 1589 484 1638 quod
514 1590 705 1627 factum
737 1599 943 1637 quoque
972 1599 1104 1627 anno
1135 1593 1335 1637 gestum
1367 1587 1455 1636 sit,
1492 1599 1550 1626 ea

165 1646 621 1691 demonstrabant,
654 1645 702 1683 id
744 1649 823 1682 est
858 1643 1006 1693 quasi
1043 1644 1127 1692 qui
1162 1644 1383 1683 diarium
1420 1644 1548 1683 scri·
1600 1655 1603 1664 ·

163 1702 304 1749 bunt,
342 1712 485 1750 quam
517 1700 702 1740 Graeci
732 1697 1078 1750 ‘e'qinueot'da'
1115 1705 1318 1739 uocant.
1389 1699 1548 1739 Nobis

164 1769 261 1796 non
294 1758 438 1796 modo
470 1757 600 1795 satis
633 1767 749 1795 esse
780 1756 950 1803 uideo,
992 1756 1123 1804 quod
1154 1757 1347 1795 factum
1378 1760 1547 1802 esset,

163 1813 211 1851 id
241 1812 606 1861 pronuntiare,
635 1813 726 1851 sed
752 1812 926 1858 etiam,
960 1823 1055 1860 quo
1088 1811 1316 1851 consilio
1341 1822 1546 1861 quaque

119 1869 368 1909 9ratione
409 1875 558 1918 gesta
593 1874 793 1914 essent,
843 1868 1221 1906 demonstrare.
1288 1869 1413 1911 Paulo
1451 1871 1548 1916 post

163 1925 271 1962 idem
292 1925 494 1964 Asellio
526 1924 572 1963 in
606 1925 783 1963 eodem
804 1923 961 1963 libro:
992 1924 1107 1962 Nam
1129 1934 1295 1972 neque
1318 1922 1548 1962 alacrio—

163 1991 267 2027 res,
294 1981 441 2030 inquit,
468 1981 525 2019 ad
548 1979 914 2030 rempublicam
939 1979 1346 2026 defendundam‚
1373 1989 1549 2027 neque
1587 2018 1592 2025 ,

166 2036 440 2084 segniores
473 2037 532 2074 ad
567 2048 669 2075 rem
701 2046 976 2085 perperam
1008 2034 1547 2086 faciundamannales

165 2091 285 2130 libri
331 2103 659 2132 commouere
694 2091 963 2140 quicquam
1002 2095 1239 2139 possunt.
1301 2090 1546 2130 Scribere
1583 2086 1593 2126 ἴ

165 2152 330 2186 autem
374 2149 563 2187 bellum
608 2147 785 2186 initum
820 2158 916 2195 quo
959 2147 1170 2186 consule
1204 2151 1251 2185 et
1287 2157 1384 2195 quo
1428 2156 1546 2184 con-

165 2203 350 2241 fectum
395 2203 461 2243 sit
501 2210 549 2242 et
589 2203 701 2252 quis
737 2203 1061 2251 triumphans
1101 2201 1367 2240 introierit
1403 2205 1450 2240 et
1487 2210 1546 2239 eo
1586 2217 1591 2234 τ

165 2256 298 2297 libro
322 2270 447 2307 quae
467 2259 514 2298 in
540 2260 677 2298 bello
701 2263 848 2307 gesta
865 2258 966 2297 sint
986 2258 1178 2296 iterare
1200 2257 1271 2306 (id
1299 2257 1589 2476 fabulas),i
